3269 5166
231 341 410 406 xviii.
432 361 541 424 40.
799 342 913 408 IN
968 343 1035 409 S.
1083 343 1591 409 JOANNEM.
1687 345 1879 411 LIB.
1928 347 2088 413 XII.
2561 354 2647 415 59

233 503 490 612 ἀρχὴν,
546 504 640 587 τὰ
696 515 1014 588 πλεῖστα
1070 507 1329 590 λοιπὸν
1386 516 1531 589 τῶν
1590 512 1756 590 καθ’
1818 510 2106 596 ἑαυτοὺς
2157 519 2304 597 τοῖς
2362 514 2644 595 ἐκείνων

231 629 702 783 παρεχώρουν
738 629 1006 727 νόμοις.
1062 635 1179 712 καὶ
1221 642 1400 787 γοῦν
1434 633 1757 740 φονεύειν
1792 635 1958 743 ἐξὸν
1993 636 2121 717 τὸν
2158 637 2281 718 ἐπί
2306 671 2459 717 τισι
2494 644 2640 718 τῶν

230 753 528 835 ἀτόπων
563 757 1173 858 κατεγνωσμένον,
1208 760 1306 841 ὡς
1340 756 1465 837 ἕνα
1499 764 1646 837 τῶν
1682 758 2022 841 τοιούτων
2062 761 2367 869 Πιλάτῳ
2400 795 2637 863 προσ-

228 882 418 981 ἦγον
472 914 602 959 τον
636 881 950 980 Ἰησοῦν,
1000 880 1339 983 λέγοντες
1388 892 1433 928 “
1451 882 1681 981 Ἡμῖν
1727 883 1854 963 οὐκ
1900 882 2273 1040 &gesta-‘v'
2229 891 2636 964 αποκτεῖναι
2728 900 2893 965 Βιψη

160 1033 200 1096 5
229 1014 277 1050 “
306 1002 628 1084 οὐδέναῖν
687 1010 747 1085 εὶ
782 1002 927 1106 γὰρ
963 1007 1080 1084 καὶ
1117 1005 1561 1086 ἐπλοίττοντο
1592 1005 1814 1110 τυχὸν
1850 1041 1979 1086 τον
2013 1010 2127 1089 ἐπὶ
2163 1013 2266 1116 τῷ
2302 1009 2638 1116 ἁγνισμῷ
2729 982 2832 1016 ver
2854 978 2930 1028 ³¹

223 1135 364 1209 τοῦ
433 1126 697 1233 πάσχα
768 1129 1245 1233 καθαρισμὸν,
1308 1131 1477 1208 ἀλλ’
1545 1130 1673 1210 οὖν
1735 1132 1811 1210 ἐν
1875 1129 2106 1240 τούτῳ
2164 1130 2252 1231 δὴ
2311 1131 2640 1229 μάλιστα

225 1249 775 1351 κολακεύουσιν,
843 1256 940 1337 ὡς
1010 1261 1161 1338 τοῖς
1220 1253 1600 1353 Ῥωμαίων
1663 1253 2152 1357 ἐπιτρέποντες
2217 1254 2459 1354 νόμοις
2523 1258 2643 1336 καὶ

228 1374 420 1479 ἅπερ
456 1377 695 1462 αὐτοῖς
729 1375 1003 1458 ἄνωθεν
1037 1374 1122 1457 τὸ
1159 1382 1351 1458 θεῖον
1385 1377 1617 1458 ἐδίδου
1652 1376 2121 1481 πρόσταγμα.

2669 1536 2981 1592 21042A.

225 1610 688 1702 Ἐκραύι-ασαν
743 1609 858 1678 οὗν
911 1613 1107 1679 πάλιν
1162 1614 1464 1690 λέποντεο
1516 1613 1628 1680 Μή
1686 1618 1940 1696 τοῦτον,
1996 1613 2167 1679 ἀλλὰ
2223 1616 2335 1684 τὸν
2389 1613 2635 1706 Βαραβ·
2672 1633 2751 1688 40

116 1755 201 1795 10
826 1743 960 1817 βᾱν·
1034 1735 1113 1807 ἦν
1169 1739 1241 1805 δὲ
1294 1742 1332 1810 ὁ
1392 1738 1734 1828 Βαραββᾶς
1788 1741 2053 1831 λῃστής.

345 1909 904 2016 Ἐξελέγχονται
957 1909 1185 1992 πάλιν
1238 1913 1376 1992 κάν
1429 1911 1662 2020 τούτῳ
1718 1910 1807 2012 δὴ
1861 1910 2160 2020 σφόδρα
2213 1912 2640 2014 παρανομή·

232 2067 501 2118 σαντες
537 2033 886 2136 Ἰουδαῖοι,
926 2039 1045 2116 καὶ
1093 2043 1250 2120 ταῖς
1299 2037 1583 2120 οἰκείαις
1638 2042 1933 2136 μᾶλλον
1983 2035 2289 2122 εἴκοντες
2335 2037 2642 2137 ἡδοναῖς,

229 2158 462 2259 ἤγουν
526 2166 867 2260 τιμῶντες
938 2159 1030 2241 τὰ
1092 2160 1323 2241 πάλαι
1381 2158 1940 2257 τεθεσπισμένα·
2033 2168 2162 2242 τοῦ
2223 2160 2366 2264 γὰρ
2422 2159 2643 2259 νόμου

231 2290 363 2362 τοῦ
414 2282 532 2363 διὰ
572 2286 969 2382 Μωυσέως,
1005 2282 1133 2365 τὸν
1181 2286 1536 2368 ἀκουσίως
1590 2281 1868 2365 ἁλόντα
1924 2283 2278 2392 φονευτὴν
2316 2288 2644 2364 ἀνεῖσθαι

120 2431 203 2491 15
235 2406 671 2507 κελεύοντος,
722 2409 857 2514 οὐχ
900 2409 1023 2489 ἕνα
1072 2416 1219 2489 τῶν
1267 2407 1632 2489 τοιούτων·
1715 2407 1989 2507 πόθεν;
2079 2408 2511 2511 περιβόητον
2569 2406 2644 2489 δὲ
2668 2420 2712 2485 b

230 2539 527 2632 μᾶλλον
576 2533 941 2641 ἐξαιτοῦσι
994 2537 1275 2649 λῃστήν.
1355 2532 1464 2615 ὅτι
1513 2532 1589 2615 δὲ
1650 2535 1926 2636 ἀπηνής
1985 2568 2061 2615 τε
2120 2538 2236 2614 καὶ
2298 2533 2547 2638 ἄγριος
2603 2534 2645 2614 ὁ

233 2662 742 2757 μνημονευθεῖς
776 2659 894 2738 καὶ
948 2667 1095 2740 τῶν
1130 2663 1257 2758 τῆς
1305 2660 1716 2765 μιαιφονίας
1753 2659 2229 2760 ἐγκλημάτων
2267 2660 2394 2739 οὐκ
2432 2663 2639 2760 ἀμοι-

232 2782 475 2885 ρῆσας
520 2784 789 2886 ὁρᾶται,
824 2788 1173 2890 σαφηνιεῖ
1212 2781 1301 2882 δὴ
1350 2782 1659 2885 λέγων
1627 2818 1668 2862 ο
1706 2783 2098 2866 θεσπέσιος
2141 2783 2418 2886 Πετρος
2462 2817 2645 2885 προς

1203 2906 1223 2933 l

232 2942 403 2991 τους
446 2913 594 2987 τῶν
626 2906 987 2987 Ἰουδαίων
1036 2917 1261 2993 λαους
1311 2917 1356 2953 “
1382 2909 1627 3007 ’Ὑμεῖς
1678 2907 1754 2986 δὲ
1802 2941 1930 2987 τον
1968 2904 2176 3009 ἅγιον
2213 2910 2329 2985 καὶ
2374 2909 2645 2987 δίκαιον
2736 2927 2978 3055 23²⁸&

2623 3033 2640 3057 2

238 3032 762 3136 “ἠρνήσασθε,
799 3035 916 3110 καὶ
967 3031 1346 3137 ᾐτήσασθε
1397 3025 1625 3134 ανδρα
1664 3029 1888 3137 φονεά
1929 3032 2447 3136 χαρισθῆναι“
2411 3038 2595 3129 υμῖν.
2603 3032 2619 3056 ’
2742 3071 2817 3119 ι4.

236 3192 368 3237 τον
417 3153 562 3259 γὰρ
600 3156 714 3236 διὰ
764 3190 979 3237 τουτο
1020 3159 1147 3255 τῆς
1194 3154 1530 3258 ἶσότητος
1573 3159 1703 3256 τῆς
1737 3188 1920 3257 προς
1957 3153 2147 3234 Θεον
2197 3155 2313 3234 καὶ
2353 3154 2649 3256 Πατερα

239 3278 907 3387 καταφρονήσαντα
990 3284 1108 3360 καὶ
1183 3280 1318 3380 τὴν
1398 3279 1747 3384 ἡμετέραν
1821 3280 2182 3384 πτωχείαν
2250 3286 2642 3379 μετημφιε·

238 3405 542 3507 σμένον,
612 3404 696 3485 ἵν’
756 3403 944 3504 ἡμᾶς
1000 3404 1334 3512 ἐξεληται
1406 3412 1535 3485 τοῦ
1609 3401 1792 3485 κατὰ
1856 3402 2201 3504 ἀλήθειαν
2274 3411 2645 3509 φονευτοῦ,

236 3530 595 3627 τουτέστι,
650 3536 781 3609 τοῦ
841 3535 1146 3628 σατανᾶ,
1203 3533 1333 3630 τῆς
1386 3534 1482 3613 εἰς
1538 3529 1663 3608 ἕνα
1719 3525 2006 3633 λῃστὴν
2061 3528 2351 3630 ἀγάπης
2407 3529 2646 3612 ὀπίσω
2671 3567 2707 3609 o

129 3685 209 3746 25
236 3653 652 3752 τάττουσιν,
690 3659 756 3734 οἱ
803 3655 893 3757 τῇ
935 3652 1120 3735 κατὰ
1168 3652 1390 3753 νόμον
1433 3653 1786 3760 ἱερωσύνῃ
1832 3651 2471 3755 λελαμπρυσμένοι
2528 3657 2645 3731 καὶ

236 3777 542 3885 ὑψηλὴν
595 3779 715 3859 ἐπὶ
761 3778 1038 3862 τούτοις
1081 3777 1559 3862 ἀνατείνοντες
1608 3777 1741 3877 τὴν
1795 3775 2050 3883 ὀφρυν,
2100 3775 2647 3878 παρελάσαντες

234 3902 312 3984 δὲ
370 3938 487 3982 και
527 3907 625 3988 ὡς
682 3900 886 3982 οὖδεν
921 3900 1112 3986 ολως
1157 3899 1671 4005 παρωσάμενοι
1706 3899 1792 3981 τό
1830 3912 1873 3948 “
1900 3905 2145 4005 Κρῖμα
2180 3900 2451 3979 δίκαιον
2489 3900 2640 4001 κρί-
2736 3916 2884 3966 Zach-
2901 3917 2985 3966 vii.

235 4041 280 4077 ‘⁶
308 4029 505 4127 νετε,’
509 4030 907 4108 ’δικαιοῦσι
943 4060 1071 4106 τον
1110 4024 1485 4132 φονευτὴν,
1511 4022 1843 4128 Χριστον
1870 4025 2427 4127 κατακρίνοντες,
2450 4058 2645 4124 παμ-
2736 3997 2784 4048 9

231 4156 478 4259 ψηφεὶ
515 4148 592 4232 δε
637 4152 941 4255 λεγουσι
989 4149 1106 4246 Mn
1156 4155 1370 4232 τοῧτον
1419 4148 1628 4231 ἀλλα
1677 4187 1782 4231 τον
1823 4151 2236 4256 Βαραββᾶν.
2314 4148 2647 4227 Ἰουδαῖοι

129 4319 204 4376 30
230 4277 366 4378 μέν
420 4278 549 4357 οὖν
584 4280 713 4376 τῆς
746 4279 864 4358 ἐπὶ
907 4276 1137 4384 τούτω
1182 4276 1612 4371 δυσσεβείας
1669 4273 2108 4355 ἀποτίσουσι
2160 4273 2381 4355 δίκας·
2460 4277 2639 4351 θαυ-

304 4492 359 4546 3.
395 4471 819 4544 κατεγνωσμένον
854 4475 960 4526 τῶν
992 4470 1197 4525 ἀτόπων
1230 4470 1443 4526 inverso
1480 4469 1667 4524 ordine
1703 4487 1751 4524 a.
1789 4468 1957 4553 invjto
1997 4467 2159 4524 cord.
2268 4470 2339 4539 τῷ
2371 4466 2573 4538 πιλάτῳ
2599 4482 2647 4519 a.

231 4565 284 4618 9.
323 4542 510 4634 πάλιν]
547 4551 597 4608 4
631 4545 824 4601 πάντες
853 4542 955 4597 Ed.
981 4542 1148 4597 invito
1174 4542 1239 4596 Ε.
1603 4539 1687 4595 16.
1724 4536 1913 4608 ἀπηνές
1939 4539 2003 4609 Ε.
2371 4553 2455 4591 22.
2495 4557 2649 4590 κατα-

231 4616 593 4688 φρονήσαντες
622 4617 685 4672 Ε.

1402 4703 1425 4745 1
1462 4703 1495 4748 2
