3269 5166
243 344 377 410 xix.
403 361 510 431 25.
797 345 915 411 IN
978 345 1047 409 S.
1090 343 1611 410 JOANNEM.
1705 345 1898 411 LIB.
1946 347 2109 412 XII.
2576 352 2662 415 89

240 518 463 591 τοῦτο
519 515 716 614 δοκῇ,
771 506 1325 612 προσεπιτάττει
1382 509 1619 612 λέγων
1676 521 1720 558 “
1746 509 1881 591 Ἐν
1934 514 2119 620 οἰκίᾳ
2172 518 2305 620 μιᾷ
2355 513 2648 617 βρωθή-
2747 534 2910 585 Exod-

242 645 287 681 “
321 662 555 715 σεται·
609 636 738 714 οὐκ
773 634 1167 741 ἐξοίσετε’
1124 632 1270 715 απὸ
1305 639 1452 714 τῶν
1488 640 1712 736 κρεῶν
1748 637 1967 716 αὐτοῦ
2004 636 2213 743 ἕξω.”
2276 637 2476 741 ἄθρει
2511 638 2658 740 γὰρ
2745 616 2835 652 xn
2855 600 2937 664 ᾤ’

244 756 464 856 ὅπως,
504 754 830 860 καθάπερ
882 757 1067 865 ἔφην
1103 758 1390 860 ἀρτίως,
1432 761 1551 837 καὶ
1596 761 1673 838 ἐν
1708 757 1955 844 τύποις·
2002 762 2194 868 αὐτῷ
2248 765 2366 841 καὶ
2420 769 2659 846 σκιαῖς

240 881 631 987 τετήρηκεν
665 883 711 983 ἡ
747 880 999 989 γραφὴ
1045 880 1128 961 τὸ
1177 881 1586 985 μερίζεσθαι
1637 881 1767 981 μὲν
1804 890 1900 968 εἶς
1945 882 2289 982 πολλοὺς,
2327 884 2530 987 οἵπερ
2565 883 2659 965 οἲν

166 1038 209 1100 5
243 1004 386 1087 ειεν
428 1010 507 1087 ἐν
560 1005 833 1111 εκάστῃ
889 1004 1109 1111 τυχὸν
1147 1008 1353 1112 οἰκίᾳ,
1388 1006 1957 1108 προμηθέστατα
2014 1007 2092 1088 δὲ
2134 1005 2360 1090 πάλιν
2405 1012 2522 1088 και
2567 1007 2651 1089 τὸ

238 1129 346 1231 μὴ
401 1130 810 1234 μερίζεσθαι
865 1134 1122 1225 δοκεῖν,
1164 1127 1366 1209 ἀλλὰ
1419 1131 1712 1215 τελείως
1765 1165 1843 1211 τε
1902 1134 2022 1212 καὶ
2078 1130 2498 1233 ὁλοκλήρως
2556 1136 2649 1217 ὡς
2673 1156 2719 1221 d

239 1255 372 1334 ἕνα
424 1256 502 1334 ἐν
538 1261 727 1335 πᾶσι
772 1260 1128 1356 μεριστῶς
1179 1287 1257 1334 τε
1314 1253 1463 1354 ἅμα
1524 1257 1642 1335 καὶ
1697 1257 2103 1360 ἄμερίστως
2157 1256 2643 1358 εὑρίσκεσθαι.

240 1386 570 1458 τοιοῦτον
598 1376 687 1480 δή
723 1413 792 1458 τι
831 1377 1114 1479 νοήσεις
1143 1412 1261 1458 και
1294 1379 1411 1462 ἐπὶ
1435 1383 1585 1462 τοῖς
1613 1382 1913 1479 ἱματίοις
1934 1382 2177 1459 αὐτοῦ·
2239 1377 2331 1458 τὰ
2352 1378 2483 1475 μὲν
2508 1378 2652 1482 γὰρ

238 1536 341 1587 εις
394 1499 697 1612 τέσσαρα
750 1502 1121 1602 διενεμήθη
1177 1534 1358 1609 μερη,
1417 1502 1765 1605 μεμένηκε
1819 1502 2048 1606 γεμὴν
2109 1502 2568 1603 ἀδιανέμητος
2620 1513 2649 1584 o‘

120 1670 206 1713 ιο
235 1660 473 1725 χιτων.

357 1756 598 1834 Λυπεῖ
645 1751 720 1833 δε
769 1750 971 1833 οὐδὲν
1013 1758 1434 1856 προσθεῖναι
1494 1755 1795 1850 κάκεῖνο,
1844 1755 1942 1836 ὡς
2001 1787 2194 1855 ειπερ
2248 1786 2355 1835 τις
2414 1748 2651 1833 ελοιτο

235 1874 347 1955 τὶν
396 1874 657 1973 χιτῶσι
699 1875 830 1957 τὸν
865 1874 1096 1957 ἄνωθεν
1146 1881 1441 1983 ὑφαντὸν
1485 1910 1564 1955 τε
1621 1878 1740 1956 καὶ
1798 1873 2096 1984 ἄραφον,
2134 1875 2317 1955 ὅσον
2351 1875 2519 1976 ἧκεν
2554 1882 2652 1959 εἷς

232 2002 539 2104 θεωρίας
602 1998 921 2097 δύναμιν,
980 2006 1078 2085 εἰς
1138 1999 1467 2099 δήλωσιν
1522 1998 1966 2104 περιτρέπειν
2023 2008 2153 2080 τοῦ
2214 2001 2423 2102 ἁγίου
2485 2000 2641 2080 σώ-

248 2158 482 2224 ματος
525 2133 656 2205 τοῦ
707 2129 1057 2230 Χριστοῦ,
1114 2123 1231 2204 διὰ
1285 2122 1371 2205 τὸ
1437 2121 1752 2205 συνόδου
1818 2125 1938 2203 καὶ
1999 2127 2206 2204 οἱονεὶ
2262 2129 2651 2223 συμβολῆς

119 2292 148 2332 ι
158 2288 198 2349 5
236 2282 435 2333 τινος
482 2250 650 2355 δίχα
684 2253 812 2349 τῆς
848 2246 1107 2351 ἀνδρός
1142 2282 1220 2329 τε
1259 2252 1374 2329 καὶ
1426 2246 1761 2352 γυναικὸς
1799 2246 2136 2351 γενέσθαι
2170 2255 2402 2344 τοῦτο,
2442 2253 2533 2350 τῇ
2573 2246 2650 2328 δὲ

236 2382 372 2454 τοῦ
411 2372 834 2471 Πνεύματος
887 2372 1201 2480 ’ἐνεργείᾳ
1254 2375 1370 2452 καὶ
1426 2377 1517 2477 τῇ
1582 2370 1875 2472 δυνάμει
1930 2375 2019 2477 τῇ
2081 2371 2354 2451 ἄνωθεν
2412 2376 2507 2455 εἷς
2562 2370 2647 2451 τὸ

232 2497 433 2603 αὐτῷ
479 2497 756 2599 πρέπον
792 2495 1189 2604 ἐξυφάνθαι
1233 2500 1512 2603 σχῆμα,
1552 2494 1864 2602 δεδέχθω
1903 2499 2018 2576 καὶ
2055 2503 2288 2576 τοῦτο.
2365 2492 2459 2573 τὰ
2499 2528 2645 2597 γαρ

236 2621 326 2721 δὴ
384 2626 533 2702 τῶν
599 2621 1096 2725 θεωρηματων,
1154 2621 1356 2702 οὐδὲν
1415 2618 1597 2702 κατὰ
1654 2628 1802 2701 τῶν
1855 2622 2262 2722 ἀναγκαίων
2316 2622 2636 2718 εἶσκομί·

235 2743 448 2848 ζοντα
506 2743 819 2843 βλάβος,
882 2746 1228 2826 ὠδίνοντα
1285 2744 1364 2826 δὲ
1422 2752 1716 2845 μᾶλλον
1772 2779 1900 2826 τον
1957 2745 2069 2848 ἐφ’
2129 2741 2325 2851 ᾧπερ
2384 2778 2476 2821 αν
2533 2778 2640 2828 τις
2663 2773 2972 2831 ⁸1064A.

119 2903 209 2944 ιο
232 2872 595 2975 ὠφελοῖτο
647 2868 887 2975 τυχὸν,
926 2876 1081 2955 πῶς
1138 2871 1266 2951 οὐκ
1322 2868 1588 2970 ἀμαθὲς
1638 2871 1767 2949 οὐκ
1819 2868 2310 2965 ἀποσείεσθαι,
2348 2873 2641 2965 μᾶλλον

231 2991 311 3074 δὲ
365 3000 522 3080 πῶς
570 2994 698 3075 οὐκ
733 2992 1134 3075 ἀκόλουθον
1168 2995 1494 3092 ἐπαινεῖν,
1553 2998 1681 3094 τῆς
1737 2994 2041 3095 ἀρίστης
2099 2988 2274 3070 ὄντα
2330 2990 2640 3073 διανοίας

231 3119 640 3223 &minam

237 3386 656 3456 Εἷστήκεισαν
710 3389 784 3456 δὲ
854 3389 1033 3480 παρὰ
1104 3392 1201 3474 τῷ
1272 3391 1536 3479 σταυρῷ
1600 3395 1715 3455 τοῦ
1767 3389 1984 3455 Ἰησοῦ
2034 3387 2074 3453 ἡ
2131 3385 2345 3476 μήτηρ
2419 3386 2736 3472 αὐτοῦμς,

332 3513 440 3579 καὶ
496 3516 533 3580 ἡ
588 3514 848 3605 ἀδελφή
906 3524 1021 3583 τῆς
1080 3517 1327 3607 μητρὸς
1382 3517 1599 3597 αὐτοῦ,
1660 3514 1889 3604 Μαρία
1945 3514 1985 3580 ἡ
2048 3518 2164 3580 τοῦ
2223 3512 2467 3594 Κλοπᾱ,
2525 3515 2634 3580 καὶ

124 3660 203 3722 25
325 3639 553 3729 Μαρία
609 3642 647 3708 ἡ
703 3640 1134 3717 ΜαΓδαλΗνι-ἱ.

340 3816 834 3917 Διαμέμνηται
872 3818 991 3896 καὶ
1010 3815 1266 3896 τούτου
1303 3816 1684 3921 χρησίμως
1725 3816 1764 3892 ὃ
1802 3814 2187 3897 θεσπέσιος
2215 3814 2622 3916 Εὖαγγελι-
2657 3830 2700 3893 b

230 3939 438 4039 στῆς,
477 3940 728 4020 οὐδένα
774 3946 921 4020 τῶν
959 3945 1164 4044 ἱερῶν
1200 3939 1706 4020 ἀποπίπτοντα
1758 3935 2004 4040 λόγων
2040 3939 2157 4017 καὶ
2201 3936 2384 4015 κατὰ
2420 3945 2630 4018 τοῦτο

224 4063 519 4149 δεικνύς.
596 4065 674 4145 τί
720 4063 797 4145 δὲ
852 4062 942 4164 δὴ
994 4063 1220 4144 πάλιν
1256 4069 1353 4147 εἷς
1390 4058 1601 4143 τοῦτό
1660 4077 1945 4170 φαμεν;
2006 4059 2402 4161 ἐκθήσομαι
2456 4060 2620 4164 γὀἱρ.

222 4188 766 4291 παρισταμένας
805 4187 1120 4295 εἶσφέρει
1162 4193 1266 4295 τῷ
1305 4188 1622 4295 σταυρῷ,
1658 4184 1793 4287 τήν
1827 4220 1906 4267 τε
1961 4181 2207 4294 μητέρα
2256 4186 2473 4281 αὐτοῦ,
2512 4188 2627 4263 καὶ

122 4344 201 4402 3ο
222 4309 366 4393 σὺν
420 4312 602 4419 αὐτῇ
657 4309 788 4398 τὰς
842 4312 1103 4415 ἑτεῖοας,
1161 4315 1387 4413 δῆλον
1444 4309 1521 4391 δὲ
1580 4310 1691 4391 ὅτι
1752 4310 2146 4393 κλαούσας.
2228 4306 2629 4414 φιλόδακρυ

298 4548 384 4588 12.
418 4531 633 4604 ὄροφον
652 4531 720 4588 Ε.
745 4531 986 4605 ὅρραφον
1010 4531 1116 4588 Ed.
1636 4546 1722 4585 πο.
1760 4527 2067 4583 Delendum
2100 4533 2163 4581 ut
2186 4523 2397 4581 videtur
2418 4522 2512 4576 οὐκ
2534 4522 2624 4577 alt.

223 4619 308 4660 τι.
346 4602 575 4661 διανοίας
596 4619 707 4659 om.
733 4602 820 4672 E..
1073 4619 1161 4671 ²4·
1198 4600 1480 4671 xkorrAE„
1505 4602 1675 4658 κλοπ-ἂ
1701 4600 1787 4668 En·
2551 4641 2556 4648 .

303 4702 592 4752 vo1..111.
1405 4703 1452 4750 N
