3269 5166
227 352 365 418 viii.
396 371 607 435 14,17.
745 353 852 419 IN
900 354 1426 421 EPISTOLAM
1477 357 1606 422 AD
1661 357 2129 425 ROMANOS.
2509 362 2635 424 215

2742 471 2766 507 2
2826 457 2902 509 M.

230 512 551 618 Πατρός,
589 517 1093 620 ἐνεργουμένης
1147 522 1306 621 περὶ
1361 517 1495 620 τὴν
1539 519 1784 626 σάρκα
1830 525 2047 604 αὑτοῦ
2102 529 2229 625 τῆς
2285 523 2466 627 ζωῆς
2522 522 2640 606 διὰ
2693 458 2716 523 [
2777 471 2800 521 ⁷
2926 457 2953 523 1

227 647 362 720 τοῦ
416 639 652 742 Ἁγίου
703 640 1242 741 Πνεύματος,”
1202 678 1244 723 ο
1299 646 1499 724 ἐστιν
1553 647 1796 725 αὐτοῦ·
1880 645 1990 727 ὅτι
2046 645 2189 752 γὰρ
2244 647 2457 733 αὐτὸς
2511 647 2640 728 τὸν

228 763 414 843 ἰ’διον
475 763 827 867 ἐζωοποίει
887 764 1081 863 ναὸν,
1138 766 1336 869 λέγει
1410 766 1592 871 πρὸς
1649 770 2032 857 Ἰουδαίους
2091 782 2136 820 “
2158 772 2452 852 Λύσατε
2511 806 2639 851 τον
2661 787 2712 839 S
2738 787 2891 839 Joau.
2920 787 2974 839 fi·

231 884 493 967 “vabv
538 896 813 986 τοῦτον,
854 892 971 969 καὶ
1021 892 1097 969 ἐν
1131 893 1373 994 τρισὶν
1408 890 1702 994 ἡμέραις·
1752 895 1974 996 ἐγερῶ
2020 893 2283 974 αὐτόν’
2384 896 2642 975 οὐκοῦν
2668 867 2748 920 19'

167 1032 207 1092 5
234 1007 374 1090 κᾶν
411 1017 470 1090 εἶ
502 1012 883 1114 ἐγηγέρθαι
912 1014 1199 1116 λέγοιτο
1235 1012 1432 1117 παρὰ
1461 1024 1589 1095 τοῦ
1620 1015 1933 1119 Πατρὸς,
1957 1019 2127 1096 ἀλλ’
2160 1019 2284 1098 οὖν
2314 1015 2597 1103 ain-59⁹
2552 1052 2642 1116 ην

238 1135 281 1212 5
318 1134 620 1219 ἀνιστὰς
657 1135 774 1215 διὰ
827 1144 956 1216 τοῦ
988 1138 1242 1239 Ἀγίου
1281 1136 1728 1237 Πνεύματος·
1789 1140 2027 1220 πάντα
2085 1139 2229 1245 γὰρ
2265 1145 2645 1246 ἐνεργεῖται

236 1257 332 1338 τὰ
368 1263 729 1359 θεοπρεπῆ
767 1260 965 1364 παρὰ
999 1270 1126 1341 τοῦ
1168 1260 1459 1364 Πατρὸς
1496 1262 1615 1342 διὰ
1642 1268 1822 1346 Υὶοῦ
1860 1266 1935 1343 ἐν
1976 1264 2367 1363 Πνεύματι·
2423 1269 2653 1368 ἐγερεῖ
2668 1291 2756 1346 28
2786 1288 2880 1345 Π.

237 1383 480 1463 τοίνυν
520 1391 641 1464 καὶ
680 1382 772 1464 τέι
808 1385 1012 1484 ἡμῶν
1047 1385 1353 1491 σώματα
1388 1387 1465 1465 ἐκ
1505 1394 1772 1488 νεκρῶν
1809 1389 1849 1466 5
1883 1387 2228 1489 Χριστός.

339 1602 539 1669 Ὅσοι
594 1604 714 1691 Γὰρ
767 1604 1094 1679 Πνεύματι
1149 1602 1316 1668 Θεοῦ
1368 1602 1655 1685 ἅΓονται,
1711 1601 1891 1697 οὗτοι
1946 1601 2106 1671 εἰσιν
2163 1602 2287 1670 υἱοί
2343 1606 2527 1672 Θεοῦ.
2680 1637 2751 1692 14
2782 1637 2866 1695 sq.

133 1800 214 1841 ιο
358 1769 461 1846 Οἱ
517 1763 596 1846 δὲ
650 1765 998 1864 πνεύματι
1053 1765 1327 1869 ζῶντες,
1386 1765 1551 1847 οὗτοι
1608 1769 1726 1847 καὶ
1767 1768 2110 1873 Πνεῦμαιτι
2168 1766 2475 1870 ἄγονται,
2534 1768 2651 1849 διὰ

239 1888 329 1971 τὸ
390 1889 1025 1996 κατεσφραγίσθαι
1081 1895 1184 1997 τῷ
1230 1889 1461 1998 ”Αγι’ῳ
1521 1889 1910 1988 Πνεύματι,
1970 1894 2085 1971 καὶ
2142 1893 2466 1975 δουλείας
2519 1891 2651 1992 μὲν

241 2011 727 2118 ἀπηλλάχθαι
780 2017 908 2112 τῆς
962 2016 1038 2092 ἐν
1094 2011 1289 2120 νόμῳ
1348 2016 1464 2093 καὶ
1523 2014 1917 2117 γράμματι,
1979 2019 2507 2119 μεταφοιτῆσαι
2573 2013 2650 2095 δὲ

241 2145 539 2236 μᾶλλον
594 2142 691 2221 εἶς
746 2137 1168 2241 ἐλευθερίαν,
1226 2139 1342 2216 καὶ
1397 2143 1912 2240 μαρτυρεῖσθαι
1964 2142 2067 2244 τῷ
2122 2143 2248 2237 τῆς
2296 2141 2652 2223 υἱοθεσίας

246 2261 650 2360 Πνεύματι,
718 2259 828 2340 ὅτι
887 2295 966 2340 τε
1020 2264 1204 2339 εἰσὶν
1262 2263 1394 2341 υἱοὶ
1464 2266 1678 2358 Θεοῦ,
1742 2263 1858 2340 καὶ
1932 2263 2008 2340 ἐν
2082 2263 2274 2370 αὐτῷ
2347 2269 2451 2371 τῷ
2524 2268 2653 2362 τῆς

142 2413 216 2472 15
247 2385 609 2470 υἱοθεσίας
664 2385 1009 2484 πνεύματι
1068 2382 1624 2489 διακεκράγασιν
1679 2387 1930 2481 Ἀββῖι
1988 2394 2015 2466 ὁ
2074 2391 2318 2492 πατήρ.

613 2583 815 2678 Εἴπερ
870 2589 1348 2675 συμπάσχομεν,
1400 2589 1507 2653 ἵνα
1566 2589 1674 2653 καί
1728 2588 2289 2667 συνδοξασθῶμεν.
2687 2614 2757 2676 17

368 2757 868 2857 Κατορθοῦται
923 2750 1054 2850 μὲν
1089 2754 1244 2858 οὐ[κ
1300 2752 1469 2832 ἄνευ
1511 2750 1762 2857 πόνου]
1822 2751 1905 2833 τὸ
1946 2753 2249 2855 ἀγαθὸν,
2304 2752 2504 2854 πλὴν
2539 2755 2655 2833 ἐπὶ

248 2876 605 2981 μεγάλως
640 2877 890 2957 ἐλπίσι
927 2883 1072 2961 τοῖς
1108 2878 1336 2978 ἁγίοις
1373 2878 1413 2955 5
1448 2874 1687 2960 πόνος·
1745 2883 1890 2956 τῶν
1926 2876 2066 2981 γὰρ
2102 2877 2428 2980 ἐπιγείων
2455 2876 2656 2957 οὐδὲν

250 3003 493 3085 αὐτοῖς
548 2998 1009 3102 ἐπήγγελται,
1048 2999 1248 3078 ἀλλὰ
1299 2997 1478 3106 δόξα
1526 2998 1904 3102 ἀμήρυτος,
1944 3003 2061 3080 καὶ
2097 3007 2240 3080 τῶν
2276 2999 2451 3104 ὑπὲρ
2488 3007 2657 3079 νοῦν

145 3167 226 3208 20
253 3129 370 3205 καὶ
406 3122 636 3227 λόγον
672 3121 717 3223 ἦ
753 3124 1054 3231 μέθεξις.
1111 3129 1178 3203 οἱ
1230 3122 1374 3228 γὰρ
1408 3130 1554 3204 τῶν
1591 3127 1706 3205 ἐπὶ
1752 3128 1885 3227 γῆς
1931 3127 2429 3228 ὑπερορῶντες,
2468 3122 2658 3229 ἄξιοι

253 3254 375 3329 καὶ
426 3255 573 3328 τῶν
608 3247 948 3328 ἀνωτάτω
998 3253 1254 3351 γερῶν·
1327 3250 1443 3328 καὶ
1489 3252 1555 3327 οἱ
1600 3246 2217 3351 προπεπονηκότες
2264 3249 2341 3326 ἐν
2376 3246 2660 3356 ἀνδρείᾳ

256 3375 375 3453 καὶ
425 3373 770 3477 ὑπομονῇ,
810 3367 1175 3470 με’λλουσι
1229 3368 1615 3476 στεφάνων
1650 3371 2040 3451 ἀπολαύειν
2088 3375 2165 3451 ἐν
2201 3372 2660 3476 ἀσυγκρίτοις

256 3498 668 3602 ὑπεροχαῖς·
745 3502 1240 3595 μειονεκτεῖται
1296 3493 1440 3598 γὰρ
1476 3496 1516 3573 5
1555 3501 1653 3579 εἶς
1708 3493 1966 3649 ἀρετὴν
2008 3494 2227 3580 πόνος
2282 3503 2425 3575 τῶν
2480 3492 2661 3594 μετὰ

256 3628 487 3700 ταῦτα
542 3625 792 3719 τιμῶν.
875 3619 1098 3726 δόξαν
1153 3615 1231 3699 δὲ
1285 3620 1479 3720 λέγει
1535 3625 1680 3699 τῶν
1736 3619 1985 3722 ἁγίων,
2045 3620 2328 3721 ἐπείπερ
2381 3618 2651 3718 ἐκλάμ·
2685 3633 2936 3750 {gutth-

154 3783 233 3844 25
259 3749 544 3850 ψουσιν
580 3746 647 3822 οἱ
684 3745 933 3823 δίκαιοι
980 3741 1162 3822 κατὰ
1208 3741 1491 3845 καιροὺς
1537 3746 1634 3827 ὡς
1673 3744 1713 3821 5
1749 3742 1970 3842 ἥλιος,
2007 3745 2081 3822 ἐν
2117 3748 2289 3848 τιμῇ
2328 3746 2444 3822 καὶ
2483 3742 2661 3849 δόξῃ
2821 3712 2886 3762 4³

260 3870 379 3948 καὶ
449 3868 834 3974 ἀφθαρσίᾳ
896 3865 1294 3969 γεγονότες,
1360 3869 1437 3947 ἐν
1500 3869 1604 3973 τῷ
1667 3871 2207 3965 μεταβληθῆναι
2273 3868 2510 3946 αὐτῶν
2577 3899 2663 3945 το

258 3997 502 4091 σῶμα,
542 3989 778 4075 καθὼς
813 3989 1332 4098 μετεμορφώθη
1371 3991 1411 4068 5
1448 3988 1774 4094 Χριστὸς
1811 3991 1887 4069 ἐν
1923 3991 2026 4097 τῷ
2063 3987 2231 4093 ὅρει.

311 4194 383 4259 3.
420 4177 740 4246 ἒζοοποίησε
764 4176 833 4230 A.
1012 4174 1065 4231 6.
1102 4177 1132 4230 ὁ
1155 4184 1494 4264 assumptum
1521 4193 1587 4230 ex
1612 4175 1682 4230 A.
1708 4183 1748 4229 t.
1773 4183 1875 4230 cet.
2066 4175 2119 4229 8.
2159 4174 2288 4229 Post
2310 4175 2439 4230 haec
2466 4176 2668 4231 scholia

257 4248 377 4315 tria,
412 4264 609 4317 nempe
643 4248 705 4302 τὸ
734 4246 905 4301 τοίνυν
940 4245 1384 4318 ἶσουργεῖν-ἒν”
1358 4269 1426 4315 ημ
1427 4248 1477 4301 ἲν
1500 4265 1530 4300 e
1559 4245 1656 4300 lib.
1682 4246 1770 4300 vii.
1803 4244 1871 4300 ad
1907 4244 2095 4299 Herm.
2126 4244 2248 4327 648,
2284 4244 2405 4300 ἀλλ’
2438 4246 2581 4318 εἴπερ
2605 4245 2667 4315 ἦν

256 4318 735 4386 ὅντος-σημαίνοι
759 4336 789 4372 e
803 4316 1080 4371 Thesauro
1098 4318 1204 4388 338
1228 4335 1261 4371 a
1284 4317 1337 4372 b.
1324 4355 1356 4384 .‚
1377 4318 1423 4371 εἷ
1446 4316 1503 4371 δε
1529 4315 2030 4386 ζωοποιὸν-φῦσιν,
2055 4317 2289 4370 maxima
2313 4326 2460 4386 parte
2487 4336 2517 4371 e
2541 4317 2665 4373 dial.

258 4390 348 4445 vii.
374 4388 443 4444 ad
474 4388 667 4444 Herm.
692 4387 800 4458 656
824 4406 872 4449 a,
896 4387 1111 4443 exhibet
1136 4389 1206 4442 A.
1457 4405 1510 4458 9.
1551 4386 1805 4441 Scholion
1832 4385 1935 4441 hoc
1960 4385 2102 4440 edidi
2126 4403 2191 4439 ex
2208 4387 2258 4440 A
2273 4404 2327 4456 p.
2345 4404 2463 4453 141.
2538 4387 2669 4441 Post

258 4459 389 4516 hm
412 4461 605 4515 ουκοῦν
628 4458 674 4513 εἷ
692 4454 887 4513 τὸ-ῒιν
909 4457 1113 4528 γίνοιτο
1130 4456 1450 4512 eThesauro
1453 4471 1571 4552 335
1586 4475 1615 4511 e
1634 4456 1849 4511 exhibet
1865 4457 1973 4526 Ap
1977 4470 2132 4527 ..147
2282 4458 2469 4527 17-28.
2499 4456 2668 4510 Scho-

255 4532 366 4586 lion
392 4531 499 4587 hoc
526 4547 638 4586 non
667 4528 886 4584 exhibet
911 4528 980 4582 A.
1391 4550 1419 4582 κ
1443 4529 1563 4618 ἄνευ
1593 4529 1755 4582 πόνου
1780 4545 1846 4581 su
1885 4529 1993 4598 plot
2020 4526 2217 4592 Maius,
2241 4527 2432 4583 lacuna
2458 4534 2670 4593 patente

256 4602 310 4658 in
338 4603 481 4659 cod.
710 4600 794 4655 18.
831 4599 1080 4670 μεγάλοις
1108 4596 1172 4653 Β.
1267 4544 1693 4670 τῶν-ἀμήρυτος
1717 4615 1825 4653 om.
1849 4545 1906 4668 fa
1907 4597 1991 4652 b·
1969 4619 2049 4655 -ος
2075 4594 2189 4651 ad·
2169 4617 2249 4652 -ος
2274 4596 2574 4651 transiliens
2601 4594 2666 4649 B.
