3269 5166
658 361 748 427 32
1268 358 1350 424 Β.
1393 358 1816 425 CYRILLI
1873 359 2458 426 ALEXANDR.
2624 358 2806 424 xviii.
2835 356 2938 433 18,
2966 373 3074 440 19.

566 605 639 663 18
671 602 1088 673 Εἶστι-ἰκεισαν
1146 602 1219 670 δὲ
1283 600 1344 670 οἰ
1405 603 1634 670 δοῦλοι
1706 605 1811 670 καὶ
1872 601 1934 673 οἰ
1993 606 2313 696 ὑπιιρὲται
2373 602 2730 695 ἀνθρακίαν
2789 624 3078 668 πεποικ-

769 730 975 811 κότεε,
1030 732 1130 797 ὄτι
1181 730 1390 818 ψύχος
1445 726 1546 811 ἦν,
1596 730 1705 796 καὶ
1752 731 2237 820 ἐθερμαίνοντο·
2309 728 2389 800 ιῗιν
2437 731 2510 798 δὲ
2565 729 2673 796 καὶ
2722 731 2760 799 ὁ
2813 728 3076 817 Πὲτροε

592 856 641 923 d
764 856 974 924 ἑστὼς
1025 856 1156 933 μετ’
1210 855 1429 922 αὐτῶν
1474 856 1582 921 καὶ
1637 858 2170 947 θερμαινόμενος.

779 1026 988 1108 Ε’ίσω
1025 1033 1262 1131 θυρῶν
1297 1026 1573 1112 ἐλάσας
1609 1030 1652 1107 ὁ
1691 1028 1966 1131 Πέτρος
2000 1033 2118 1110 καὶ
2162 1037 2310 1115 τοῖς
2362 1030 2659 1113 οἰκέταις
2695 1029 3064 1126 ἐναπολη-

663 1155 889 1259 φθείς,
919 1150 1012 1234 τὰ
1047 1154 1327 1233 ἐκείνων
1363 1155 1541 1255 δρᾶν
1577 1155 2044 1256 ὑποκρίνεται,
2082 1157 2308 1234 καίτοι
2358 1159 2450 1260 τῇ
2494 1153 2693 1258 λύπῃ
2739 1185 3062 1230 κεκακω-
3093 1180 3126 1242 5

660 1276 890 1375 με’νος,
933 1279 1051 1357 καὶ
1104 1278 1498 1357 δύσοιστον
1553 1276 1738 1381 ἔχων
1791 1281 1867 1357 ἐν
1921 1280 2179 1385 καρδία
2226 1278 2359 1378 τὴν
2413 1276 2823 1375 ἀθυμίαν,”
2791 1310 2908 1355 ινα
2964 1274 3070 1375 μὴ

661 1402 766 1506 τῷ
804 1406 1112 1507 κατηφεῖ
1140 1405 1257 1479 καὶ
1293 1397 1785 1499 συμμεμυκότι
1821 1402 2198 1510 προσώπω
2246 1402 2673 1508 κατάφωρος
2724 1401 3062 1502 εὑρεθεὶς,

661 1526 926 1604 ὡσανεὶ
962 1529 1066 1632 τῷ
1104 1523 1488 1633 κρινομένω
1524 1522 2116 1627 συναλγύνεσθαι
2155 1533 2415 1633 φιλῶν,
2453 1529 2580 1625 τῆς
2613 1531 2760 1603 τῶν
2794 1531 3068 1605 ποθου-

612 1712 617 1723 .
658 1644 894 1745 με’νων
947 1647 1387 1748 ε’κπέμπηται
1443 1648 1689 1749 θήρας.
1789 1651 2139 1730 ἀπίθανον
2191 1649 2336 1753 γὰρ
2390 1652 2645 1747 κομιδῆ
2699 1648 2784 1729 τὸ
2846 1658 3066 1753 φιλο-

660 1777 958 1874 σαρκεῖν
1001 1772 1225 1855 οὕτως
1278 1772 1557 1853 οἴεσθαι
1610 1771 1739 1852 τὸν
1784 1774 2134 1874 μαθητὴν,
2176 1778 2273 1858 ὡς
2328 1776 2404 1855 ἐν
2447 1772 2835 1856 τοσαύταις
2886 1771 3064 1853 ὄντα
3085 1812 3144 1856 ιο

658 1895 1151 1999 βαρυθυμίαις,
1187 1901 1334 1976 τῶν
1369 1897 1446 1976 ἐκ
1494 1902 1840 2002 χειμῶνος
1890 1896 2485 2006 καταψυγμᾶτων
2519 1899 3063 2002 ἐκμηχανᾶσθαι

601 2047 639 2093 0
660 2018 794 2121 τὴν
847 2020 1122 2102 ἄκεσιν·
1216 2021 1387 2100 ἀλλ’
1446 2020 1596 2101 οὐδ’
1645 2018 1737 2101 ἂν
1784 2026 1843 2102 εἰ
1907 2026 2130 2123 μετῆν
2185 2025 2301 2102 καί
2355 2028 2503 2103 τῶν
2558 2022 2661 2102 ε”τι
2724 2021 3063 2125 μειζόνων

656 2148 1079 2227 ἀπολαῦσαι
1125 2150 1490 2251 χρηστῶν,
1527 2143 1923 2244 κάμνοντος
1978 2150 2164 2227 οὕτω
2214 2153 2548 2249 Χριστοῦ
2602 2151 2842 2250 τυχεῖν
2890 2147 3054 2248 ἠνέ-

654 2303 903 2376 σχετο.
1002 2274 1456 2368 οἰκονομικῶς
1526 2266 1604 2349 δὲ
1676 2270 1846 2350 λίαν
1908 2275 1999 2375 τῇ
2066 2276 2212 2351 τῶν
2276 2268 2739 2375 θεραπόντων
2803 2271 3061 2379 ἀκηδίᾳ

652 2392 1224 2493 συμπλάττεται,
1262 2397 1377 2474 καὶ
1421 2396 1520 2478 ὡς
1565 2391 1867 2495 μηδενὸς
1915 2395 2002 2476 τὸ
2050 2393 2398 2499 παράπαν
2435 2400 2930 2479 κατωθοῦντος
2965 2400 3060 2480 εἰς
3087 2426 3143 2483 15

655 2518 966 2617 ἀθυμίαν
1007 2515 1100 2599 τὰ
1146 2518 1225 2599 ἐκ
1272 2525 1400 2599 τοῦ
1450 2524 1798 2623 χειμῶνος
1847 2519 2317 2622 ἀποκρούεται
2366 2517 2646 2618 βλάβη,
2679 2518 2769 2599 ἶν’
2809 2517 3061 2623 ὥσπερ

655 2676 765 2726 τις
817 2647 963 2722 τῶν
1015 2646 1141 2742 τῆς
1194 2645 1412 2727 οἰκίας
1476 2643 1855 2745 γνωρίμων
1913 2647 2030 2724 καὶ
2095 2642 2214 2724 διὰ
2276 2645 2533 2725 τούτου
2599 2644 3054 2743 πιστεύηται,

655 2765 1038 2869 διαδράσαι
1089 2801 1169 2847 τε
1222 2769 1409 2847 οὕτω
1465 2765 1728 2848 λοιπὸν
1782 2771 1898 2848 καὶ
1961 2767 2048 2848 τὸ
2107 2767 2303 2870 εἴπερ
2365 2802 2473 2852 τις
2536 2768 2765 2870 ἔροιτο
2828 2766 3059 2848 πάλιν

652 2889 1142 2996 ἀρνήσασθαι.
1234 2889 1405 2970 ἀλλ’
1444 2892 1571 2970 οὐκ
1626 2888 1718 2990 ἦν
1764 2891 2307 2999 διαψεύσασθαι
2360 2900 2489 2972 τοῦ
2538 2895 2875 2993 Σωτῆρος
2929 2889 3059 2973 τὸν

654 3015 907 3120 λόγον.
999 3014 1040 3096 ὃ
1100 3013 1238 3119 γὰρ
1296 3014 1482 3117 ἔγνω
1535 3013 1824 3100 πάντως
1879 3012 2223 3114 ἐσόμενον
2279 3019 2378 3101 ὡς
2435 3013 2640 3112 Θεὸς,
2683 3023 2896 3095 τοῦτο
2953 3023 3058 3123 τῷ
3085 3052 3149 3095 20
3207 3019 3208 3026 '

654 3146 941 3249 μαθητῇ
981 3140 1537 3246 προμεμήνυκεν.

322 3287 583 3346 ΙΟἏΔ..
601 3302 637 3344 8

562 3415 636 3474 ¹9
734 3409 819 3476 Ὀ
874 3406 988 3476 οὖν
1041 3411 1381 3501 ἀρχιερεὺς
1434 3411 1744 3503 ἠρώτησε
1795 3412 1910 3481 τὸν
1948 3413 2204 3480 Ἰι-ισοῠν
2259 3413 2410 3502 περὶ
2461 3412 2600 3479 τῶν
2652 3412 2972 3490 μαθιιτῶν

1185 3537 1384 3604 αὐτοῦ
1440 3538 1547 3605 καὶ
1600 3540 1752 3629 περὶ
1804 3547 1920 3606 τῆς
1975 3539 2241 3629 διδαχῆς
2294 3539 2520 3611 αὐτοῦ.

767 3711 867 3792 Ὁ
905 3711 1315 3813 νομομαθὴς
1362 3717 1481 3795 καὶ
1530 3712 1996 3815 διδάσκαλος,
2036 3712 2095 3824 ᾧ
2147 3719 2265 3795 καὶ
2313 3713 2397 3795 τὸ
2447 3719 2638 3795 θεῖον
2671 3711 3058 3818 διαγορεύει

316 3841 568 3967 {³¹3ng
655 3831 987 3938 κήρυγμα
1017 3841 1262 3940 Κρΐμα
1300 3838 1567 3918 δίκαιον
1603 3837 1890 3941 κρίνετε,
1920 3839 2242 3943 καθάπερ
2278 3835 2438 3919 τινὰ
2473 3845 2620 3919 τῶν
2655 3836 3057 3939 διαβοήτων
3083 3871 3144 3932 25

316 3975 419 4026 xvi.
446 3973 522 4025 ¹8·
653 3957 993 4063 ἀρπάσας
1047 3968 1348 4067 λῃστῶν
1402 3959 1531 4042 τὸν
1580 3960 1874 4065 Κύριον,
1931 3962 2049 4042 διά
2102 3998 2180 4044 τε
2237 3962 2540 4065 σπείρας
2594 3968 3059 4067 στρατιωτῶν

653 4084 1136 4184 ὡπλισμένων
1183 4089 1300 4165 καὶ
1355 4085 1684 4187 πληθύος
1739 4088 2053 4168 ἀνοσίων
2104 4089 2494 4192 ὑπηρετῶν,
2541 4094 2687 4194 περὶ
2746 4081 3060 4185 ὃιὸαχῶν

651 4207 769 4287 καὶ
816 4205 1126 4315 μαθητῶν
1163 4210 1391 4317 ἐρωτᾷ,
1428 4210 1561 4311 τὴν
1595 4216 1744 4291 τῶν
1780 4209 2256 4313 ἐγκλημάτων
2294 4213 2600 4313 ἀπορίαν
2636 4208 2756 4290 διὰ
2805 4209 3060 4291 τούτου

651 4465 777 4578 οὗὲ.
815 4450 1185 4524 κεκακωμένος]
1159 4451 1300 4524 ]1ta
1322 4456 1377 4507 et
1402 4452 1565 4510 Cord.
1593 4453 1687 4510 Cr.
1759 4454 2147 4526 Legendumne
2172 4477 2407 4528 κεκαρωμ,
2367 4453 2522 4525 μένος
2540 4459 2585 4556 ἔα
2817 4470 2903 4510 12.
2940 4451 3059 4509 ἀλλ’

651 4522 920 4665 „Wssf‘
936 4521 1383 4649 Κῖιῗῗίηγίᾈῗέλ
1409 4523 1516 4580 ⁰³²⁸
1541 4524 2525 4668 ⁶Yam⁰0233p2⁶201⁰fif3503pffffvff5⁶⁶
2598 4525 2667 4580 ⁸¹
2690 4524 2812 4580 ‘m
2838 4524 2948 4581 Μ
2971 4525 3060 4580 ³*
