3269 5166
344 427 642 495 [nou]

332 1247 644 1313 Eo.x.lix..9

334 1750 385 1799 S.
401 1750 552 1801 Joan.

336 1830 420 1865 xx.
448 1824 520 1879 17.

664 328 796 393 380
998 328 1080 392 B.
1130 325 1510 391 CYRILLI
1565 325 2100 390 ALEXANDR.
2157 325 2719 390 FRAGMENTA
2903 324 3010 408 i.9.

665 496 906 573 δοῦναι
960 490 1047 573 τὸ
1096 495 1412 592 Πνεῦμα,
1476 494 1789 599 ὑψοῦται
1846 490 1923 571 δὲ
1982 490 2317 591 δηλονότι
2374 490 2492 571 ὅτε
2551 489 3014 571 termimum

666 613 942 695 ἑαυτόν·
1022 614 1275 718 ὥσπερ
1311 613 1455 718 γὰρ
1511 619 1819 715 καθῆκεν
1873 612 2126 695 ἑαυτὸν
2181 621 2276 699 εἶς
2339 623 2553 695 τοῦτο
2606 612 2806 704 ἑκὼν,
2859 614 3019 692 οὕτω

664 737 892 819 πάλιν
942 737 1195 818 ἑαυτὸν
1251 740 1437 846 ὒψοῖ
1485 741 1602 818 καὶ
1656 736 1836 835 μετὰ
1888 735 2164 841 σαρκὸς
2217 737 2427 822 αὐτὸς
2484 736 2583 816 ὧν
2627 737 2671 837 ἦ
2723 738 2869 840 χεὶρ
2915 741 3024 814 τοῦ

669 858 989 963 Πατρὸς,
1052 861 1142 942 δι’
1200 862 1284 962 ἧς
1357 861 1450 941 τὰ
1511 860 1753 941 πάντα
1822 866 2235 964 θεοπρεπῶς
2292 860 2674 964 ἐργάζεται.
2748 862 3026 964 ὑψοῦται

667 984 904 1064 τοίνυν
940 985 1025 1064 δι’
1067 986 1318 1064 ἑαυτοῦ
1374 983 1557 1064 κατὰ
1612 982 1916 1084 θέλησιν
1963 991 2093 1064 τοῦ
2140 982 2543 1087 Hamas-‚⁶
2502 1018 2621 1065 οτε
2677 981 3027 1135 διαρῤήξας
3048 1005 3076 1062 5
3155 991 3156 1002 ’

666 1106 761 1187 τὰ
817 1116 945 1187 τοῦ
998 1107 1310 1188 θανάτου
1366 1106 1605 1208 δεσμὰ
1671 1110 1789 1187 καὶ
1845 1114 1994 1191 τοῖς
2052 1106 2246 1187 κάτω
2308 1107 2711 1207 πνεύμασιν
2771 1103 3032 1208 εἰρηκώς
3157 1115 3158 1138 ³

669 1242 713 1280 ‘⁶
746 1230 1194 1339 Ἑξέλθετε,”
1235 1227 1670 1311 κεκάθικεν’
1634 1266 1709 1310 εν
1746 1230 1950 1338 δεξιᾷ
1983 1240 2110 1311 τοῦ
2148 1231 2464 1335 Πατρός.

784 1356 1185 1461 Κε’χρισται
1257 1356 1494 1435 τοίνυν
1565 1359 1671 1462 τῷ
1742 1356 1963 1463 ἐλαίῳ
2027 1357 2155 1453 τῆς
2212 1353 2726 1457 ἀγαλλιάσεως
2781 1356 2822 1435 ὁ
2878 1350 3036 1433 κατὰ

670 1478 898 1587 φύσιν
934 1476 1135 1576 Υἱὸς,
1177 1476 1294 1557 ὅτε
1331 1479 1447 1557 καὶ
1488 1473 1677 1562 Θεὸς
1719 1478 1939 1557 αὐτοῦ
1983 1478 2491 1581 κεχρημάτικεν
2525 1479 2566 1558 ὃ
2603 1477 2863 1582 Πατὴρ
2895 1477 3033 1557 καθ’

670 1604 853 1701 ἡμᾶς
889 1600 1295 1704 γεγονότος.
1375 1600 1648 1682 ἄτοπον
1684 1599 1759 1680 δὲ
1796 1609 2006 1681 τοῦτο
2042 1600 2280 1703 λέγειν
2317 1602 2668 1699 οὐδαμῶς·
2749 1601 2886 1708 ἔφη
2918 1598 3039 1702 γάρ
3063 1628 3116 1671 ¹⁰

670 1758 813 1806 που
865 1732 1014 1809 τοῖς
1069 1726 1294 1827 ἁγίοις
1338 1723 1782 1809 ἀποστόλοις
1834 1735 1882 1772 “
1910 1723 2320 1827 Πορεύομαι
2372 1725 2556 1826 πρὸς
2607 1724 2741 1805 τὸν
2780 1723 3041 1828 Πατέρα

673 1858 716 1897 “
751 1881 893 1948 μου
948 1846 1065 1927 καὶ
1123 1846 1418 1948 Πατέρα
1472 1849 1670 1948 ὑμῶν
1725 1852 1843 1928 καὶ
1908 1844 2101 1928 Θεόν
2159 1882 2300 1946 μου
2359 1851 2479 1928 καὶ
2541 1846 2738 1928 Θεὸν
2801 1847 3040 1947 ὑμῶν.”

671 1968 822 2050 ἰδοῦ
871 1968 958 2070 δὴ
1014 1976 1279 2075 σαφῶς
1334 1968 1525 2050 Θεὸν
1581 1971 1837 2051 ἑαυτοῦ
1897 1969 2015 2050 διὰ
2068 1968 2154 2050 τὸ
2208 1970 2656 2074 ἀνθρώπινον
2714 1969 2843 2053 τὸν
2893 1972 3046 2050 ἴδιον

671 2091 812 2198 ἔφη
854 2093 1171 2197 Πατέρα.
1252 2091 1489 2192 ἐπειδὴ
1529 2091 1604 2172 δὲ
1644 2094 2048 2194 κεκλήμεθα
2084 2095 2170 2174 δι’
2210 2096 2429 2174 αὐτοῦ
2465 2093 2646 2195 πρὸς
2690 2097 3046 2189 υἱοθεσίαν,

671 2215 1182 2319 κεχρήματικεν
1241 2215 1562 2322 ἀδελφὸς
1623 2224 1774 2302 τοῖς
1846 2216 2031 2296 κατὰ
2087 2216 2319 2323 φύσιν
2382 2218 2709 2316 οἰκέταις,
2775 2216 3047 2297 δέδωκεν
3073 2245 3126 2302 ¹5

671 2342 841 2442 ἡμῖν
879 2339 1175 2444 Πατέρα
1225 2340 1354 2421 τὸν
1398 2341 1673 2423 ἑαυτοῦ.
1749 2342 1916 2420 ἀλλ’
1955 2339 2204 2444 ὥσπερ
2241 2341 2441 2440 ἡμεῖς
2487 2347 2547 2421 εἰ
2602 2345 2725 2421 καὶ
2771 2343 2902 2423 υἱοὶ
2945 2373 3044 2420 κε·

675 2463 1003 2564 κλήμεθα
1037 2472 1166 2543 τοῦ
1198 2463 1512 2566 Πατρὸς,
1540 2461 1763 2563 ἐσμὲν
1795 2468 1855 2543 εὶ
1892 2459 2130 2562 ἐσμὲν,
2168 2463 2532 2569 ἅνθρωποι
2568 2464 2927 2567 δηλονότι,
2949 2466 3050 2543 καὶ

676 2587 808 2688 τὴν
862 2596 991 2668 τοῦ
1045 2586 1495 2688 τετιμηκότος
1552 2590 1681 2668 οὐκ
1734 2587 2183 2689 ἦγνοήκαμεν
2231 2587 2463 2694 χάριν·
2542 2592 2772 2675 οὕτως
2815 2591 2856 2670 ὁ
2891 2586 3054 2670 κατὰ

676 2712 908 2818 φύσιν
944 2709 1120 2796 Υἱὸς
1170 2714 1289 2791 καὶ
1330 2710 1617 2816 Κύριος,
1658 2709 1791 2791 κᾶν
1830 2712 2105 2814 ἐπέγνω
2155 2711 2273 2793 διὰ
2316 2710 2450 2813 τὴν
2491 2713 2739 2816 σάρκα
2778 2716 2894 2794 καὶ
2939 2709 3055 2811 τὴν

676 2833 858 2939 πρὸς
901 2836 1090 2936 ἡμᾶς
1135 2832 1479 2933 ὁμοίωσιν
1516 2834 1781 2915 Θεὸν’
1744 2843 1997 2916 εαυτοῦ
2041 2835 2169 2917 τὸν
2206 2837 2523 2940 Πατέρα,
2559 2838 2733 2916 ἀλλ’
2773 2837 2900 2917 οὐκ
2930 2834 3054 2941 ἔξω
3074 2864 3131 2906 ²0

676 2960 927 3063 γέγονε
968 2967 1097 3041 τοῦ
1133 2954 1309 3039 εἶναι
1346 2956 1386 3038 ὅ
1419 2959 1644 3058 ἐστιν,
1680 2961 1841 3040 οὔτε
1876 2959 2021 3059 μὴν
2057 2964 2146 3066 τῇ
2181 2958 2365 3058 μετὰ
2395 2993 2672 3064 σαρκος
2710 2959 3056 3061 οἰκονομίᾳ

675 3117 840 3166 τους
876 3082 1278 3187 πρέποντας
1312 3078 1579 3185 λόγους
1612 3082 1811 3183 ἡμεῖς
1844 3080 2326 3186 ἀγνοήσομεν.
2389 3090 2543 3167 πῶς
2579 3082 2654 3164 δε
2698 3119 2844 3187 αρα
2877 3114 3057 3187 rapa

677 3242 824 3291 τους
861 3207 1192 3313 μετ-ὄχους
1227 3206 1444 3285 αὐτοῦ
1480 3206 1854 3310 κεχρίσθαι
1892 3205 2199 3308 λέγεται,
2237 3204 2408 3312 φέρε
2443 3205 2774 3310 λέγωμεν
2811 3209 2907 3292 ὦς
2939 3205 3050 3284 ἔνι.

676 3328 874 3426 ἡμεῖς
924 3327 1055 3428 μὲν
1089 3328 1233 3431 γὰρ
1269 3329 1710 3434 κεχρίσμεθα
1752 3335 1856 3437 τῷ
1897 3330 2103 3437 Ἁγίῳ
2143 3329 2533 3429 Πνεύματι,
2586 3327 3056 3432 διωρισμένων

676 3448 752 3528 δὲ
809 3457 1133 3553 φυσικῶς
1186 3460 1331 3532 τῶν
1388 3454 1552 3532 καθ’
1610 3453 1797 3552 ἡμᾶς
1851 3455 1971 3533 καὶ
2024 3461 2399 3551 τοσοῦτον,
2456 3453 2635 3534 ὅσον
2689 3454 2786 3536 ἂν
2845 3460 3055 3535 νοοῖτο
3077 3480 3134 3543 25

674 3570 1009 3673 θεότητος
1065 3573 1288 3680 φύσις
1336 3575 1606 3660 παντὸς
1655 3585 1982 3678 γενητοῦ·
2081 3579 2122 3657 ὃ
2179 3573 2254 3656 δὲ
2311 3575 2399 3656 δι’
2455 3578 2639 3677 ἡμᾶς
2697 3579 3055 3681 γενόμενος

666 3695 1051 3799 ἅνθρωπος
1085 3705 1213 3778 τοῦ
1246 3703 1438 3779 Θεοῦ
1476 3697 1719 3801 Λόγος
1753 3705 1858 3807 τῷ
1908 3701 2060 3808 ἰδίῳ
2101 3700 2467 3800 Πνεύματι
2525 3702 2892 3808 καταχρίει
2943 3697 3056 3781 τὸν

670 3823 926 3900 ἑαυτοῦ
989 3855 1182 3917 ναον,
1248 3824 1332 3901 οὐ
1394 3820 1690 3926 μερικὴν
1752 3857 2104 3925 ενεργειαν
2178 3824 2492 3921 ἐντιθεὶς,
2556 3825 2721 3905 οὔτε
2790 3823 2934 3925 μὴν
2989 3823 3057 3901 ἐν

673 3944 1088 4046 ἀῤῥαβῶνος
1138 3943 1337 4051 τάξει
1378 3944 1568 4026 καθὰ
1616 3980 1733 4025 και
1778 3946 1946 4045 ἡμῖν
1982 3944 2443 4049 δωρούμενος,
2482 3946 2950 4047 ἀναπιμπλὰς
2989 3941 3056 4024 δὲ

672 4070 965 4164 μᾶλλον
1016 4067 1388 4170 ἁγιασμοῦ
1445 4071 1560 4148 καὶ
1612 4073 1741 4168 τῆς
1784 4072 2035 4151 ἑαυτοῦ
2093 4067 2455 4171 δυνάμεώς
2510 4104 2586 4151 τε
2645 4075 2765 4151 καὶ
2823 4069 3047 4177 δόξης·
3074 4093 3137 4153 30

675 4187 1035 4292 τοιγάρτοι
1085 4194 1203 4271 καὶ
1256 4191 1577 4299 ἔφασκεν
1628 4203 1676 4240 “
1702 4191 1909 4295 Υπὲρ
1961 4193 2197 4274 αὐτῶν
2250 4190 2394 4296 ἐγὼ
2449 4191 2719 4297 ἁγιάζω
2769 4189 3054 4295 ἐμαυτὸν

674 4322 721 4359 “
756 4311 960 4393 ‘lua‘
906 4348 1087 4393 ωσιν
1126 4316 1242 4394 καὶ
1279 4316 1479 4395 αὐτοὶ
1515 4315 1937 4418 ἡγιασμένοι
1971 4319 2049 4397 ἐν
2085 4318 2453 4426 ἀληθείᾳ.”

750 4495 831 4532 12.
871 4478 952 4532 καὶ
980 4477 1304 4549 secundum]
1338 4485 1413 4570 2⁴·
1426 4480 1518 4535 τὸν
1541 4498 1570 4535 e
1595 4499 1695 4537 suo
1726 4480 2029 4538 Cramerus.
2399 4496 2483 4555 17.
2515 4484 2566 4538 εἰ
2589 4483 2750 4554 ἐσμὸν
2770 4481 2944 4538 omitit
2967 4478 3048 4533 Ct-

631 4592 635 4598 .
675 4547 987 4618 Legendum
1015 4559 1076 4603 ut
1099 4548 1361 4606 videtur'
1330 4572 1360 4603 ο
1385 4550 1562 4621 ἐσμεν.
