3269 5166
686 284 818 391 468
1335 329 1417 393 B.
1465 327 1848 393 omum
1907 327 2441 392 ALEXANDR.

375 428 400 494 [
428 440 522 491 ¹¹4
537 427 663 494 M.]
691 498 737 538 “
773 490 1226 590 Πιστεύομεν
1260 491 1405 594 γὰρ
1438 495 1536 574 εἶς
1586 491 1712 571 ἕνα
1746 489 1939 571 Θεὸν
1976 490 2268 593 Πατέρα
2298 487 2840 591 παντοκράτορα,
2869 486 3026 568 πάν-

688 623 734 662 “
769 646 914 693 των
962 614 1239 717 ὁρατῶν
1285 647 1364 694 τε
1421 616 1540 695 καὶ
1597 612 1923 715 ἀοράτων
1975 611 2280 713 ποιητὴν
2333 619 2450 692 καὶ
2505 618 2599 697 εἰς
2653 611 2771 691 ἕνα
2821 609 3030 712 κύριον

688 745 734 784 “
767 735 1062 836 Ἰησοῦν
1096 734 1430 840 Χριστὸν
1465 736 1592 817 τὸν
1629 738 1849 816 αὐτοῦ
1884 734 2136 817 Υὶόν.”
2203 738 2458 816 οὐκοῦν
2493 740 2559 814 οὶ
2605 735 2913 836 λέγοντες
2941 732 3035 813 ὅτι

687 859 978 962 γέγονεν
1012 859 1257 964 ἱερεὺς,
1298 858 1416 940 διά
1464 894 1544 940 τε
1586 868 1802 939 τοῦτο
1851 856 2508 961 σκανδαλιζόμενοι,
2544 853 3040 938 διδασκέτωσαν

684 982 872 1082 ἡμᾶς
941 990 1143 1067 ποῖος
1218 981 1433 1086 ἱερεὺς
1508 985 1735 1090 ἑαυτῷ
1807 989 2106 1063 ποιεῖται
2177 980 2312 1082 τὴν
2375 981 2784 1084 ἱερουργίαν,
2845 978 3088 1084 {ww-(235

683 1106 1083 1212 προσφέρει
1145 1104 1277 1205 τὴν
1334 1107 1644 1194 θνσίαν;
1701 1113 1905 1190 ποῖος
1968 1105 2185 1209 ἱερεὺς
2243 1108 2319 1185 ἐν
2377 1104 2505 1210 ἴσῃ
2567 1102 2765 1210 τάξει
2817 1103 2924 1182 καὶ
2979 1102 3042 1180 ἐν

685 1225 865 1334 δόξῃ
924 1229 1249 1335 φαίνεται
1308 1235 1412 1335 τῷ
1468 1229 1637 1330 παρ’
1697 1229 1917 1309 αὐτοῦ
1976 1228 2333 1336 δεχομένῳ
2396 1227 2531 1328 τὴν
2587 1225 3037 1328 λειτουργίανς

349 1366 628 1481 ξωῗοῗίῗι
686 1348 888 1429 ἀλλὰ
924 1352 1148 1430 καίτοι
1200 1351 1515 1453 γεγονὼς
1563 1350 1925 1456 ἀρχιερεὺς
1980 1354 2021 1432 5
2070 1350 2249 1437 ’Υἱὸς
2303 1351 2420 1430 διὰ
2472 1350 2560 1430 τὸ
2617 1349 3041 1452 ἀνθρώπινον,

352 1495 417 1546 66
434 1468 496 1547 os
686 1474 912 1580 ἑαυτῷ
950 1472 1491 1576 προσκεκόμικε,
1530 1476 1646 1553 καὶ
1692 1475 1777 1553 δι’
1817 1475 2069 1554 ἑαυτοῦ
2104 1479 2209 1581 τῷ
2246 1478 2485 1575 Πατρὶ
2530 1471 2663 1574 τὴν
2698 1468 3045 1571 ὁμολογίαν

684 1597 905 1696 ἡμῶν,
945 1600 1062 1676 καὶ
1109 1600 1185 1676 ἐν
1220 1604 1365 1681 τοῖς
1421 1600 1550 1696 τῆς
1596 1594 1929 1697 θεότητος
1985 1597 2234 1700 ὁρᾶται
2280 1594 2585 1700 θρόνοις·
2649 1597 2764 1676 καὶ
2804 1592 3042 1675 πιστῶ·
3065 1622 3115 1662 10

348 1734 483 1848 {stab-
509 1734 615 1786 viii.
682 1753 889 1799 σεται
924 1719 1232 1825 γράφων
1269 1721 1309 1797 5
1349 1725 1649 1802 Παῦλος
1687 1730 1730 1766 “
1763 1719 2187 1826 Κεφάλαιον
2224 1720 2299 1800 δὲ
2333 1723 2446 1800 ἐπὶ
2489 1726 2641 1802 τοῖς
2677 1715 3040 1821 εἰρημένας,

383 1835 396 1856 ’
446 1837 460 1850 ’
685 1850 730 1888 “
765 1851 1086 1922 τοιοῦτον
1121 1843 1374 1947 ἔχομεν
1411 1840 1735 1947 ἀρχιερέα
1786 1840 1865 1927 ὃς
1913 1842 2242 1923 ἐκάθισεν
2279 1846 2353 1922 ἐν
2398 1843 2605 1949 δεξιᾷ
2651 1850 2778 1921 τοῦ
2828 1838 3046 1943 θρόνου

683 1976 730 2014 “
765 1970 894 2065 τῆς
943 1964 1466 2068 μεγαλωσύνης
1506 1966 1582 2044 ἐν
1619 1972 1770 2050 τοῖς
1820 1967 2163 2068 οὐρανοῖς,
2203 1972 2347 2045 τῶν
2383 1967 2615 2066 ἁγίων
2652 1961 3041 2064 λειτουργὸς,

685 2100 729 2138 “
765 2094 880 2169 καὶ
930 2094 1056 2187 τῆς
1103 2092 1378 2188 σκηνῆς
1423 2091 1552 2187 τῆς
1600 2089 1947 2186 ἀληθινῆς
1981 2087 2072 2187 ἢν
2104 2088 2369 2195 ἔπηξεν
2404 2090 2445 2167 5
2487 2089 2756 2190 Κύριος
2801 2089 2907 2166 καὶ
2945 2083 3046 2162 οὐκ

685 2222 731 2260 “
767 2212 1212 2316 &epm-os?
1275 2212 1528 2291 οὐκοῦν
1581 2210 1913 2313 ἶερατεύει
1967 2210 2101 2308 μὲν
2137 2213 2602 2313 ἀνθρωπίνως
2653 2210 2761 2290 ὅτι
2795 2208 3046 2311 γέγονεν
3067 2238 3115 2298 ¹5

686 2335 1085 2438 ἅνθρωπος,
1121 2333 1526 2436 συνεδρεύει
1564 2332 1640 2412 δὲ
1678 2338 1927 2417 θεῖκῶς
1964 2331 2076 2414 ὅτι
2109 2333 2456 2434 μεμένηκε
2494 2333 2759 2437 Λόγος.

1807 2595 1956 2673 XI.

347 2799 426 2852 rb.
448 2800 518 2854 iii.
538 2814 612 2852 υ.
799 2772 990 2854 Θεὸν
1044 2775 1284 2872 μέντοι
1339 2771 1567 2875 ζῶντά
1615 2778 1808 2878 φησι
1867 2770 1994 2852 τὸν
2030 2772 2380 2876 Χριστὸν,
2418 2774 2503 2854 οὗ
2562 2773 2798 2874 πάντη
2843 2804 2914 2851 τε
2956 2768 3047 2848 καὶ

683 2896 971 2983 πάντως
1012 2899 1452 3004 ἀφίστανται
1500 2902 1646 2977 τῶν
1681 2898 1810 2994 τῆς
1860 2895 2201 2996 ἀληθείας
2251 2895 2635 2999 δογμάτων
2672 2898 3047 2994 ἀποπηδῶν-

348 3047 456 3099 οοῐ.
482 3047 536 3098 ii.
561 3047 609 3099 6.
682 3022 799 3106 τές
859 3056 1066 3104 τινες·
1151 3017 1350 3099 ἀλλὰ
1418 3021 1495 3100 τί
1551 3027 1786 3124 φησιν
1849 3019 1890 3098 5
1955 3020 2172 3100 αὑτοῦ
2234 3019 2607 3121 μαθητής;
2688 3032 2732 3067 “
2766 3021 2893 3104 Ὠς
2949 3016 3115 3097 offuso

683 3153 728 3191 “
764 3142 1214 3249 παρελάβετε
1247 3140 1376 3223 τὸν
1413 3137 1744 3245 Χριστὸν
1787 3140 2078 3242 Ἰησοῦν
2121 3141 2409 3246 Κύρων,
2445 3146 2521 3223 ἐν
2561 3147 2753 3253 αὐτῷ
2785 3172 3043 3242 περιπα-

683 3277 728 3316 “
763 3269 1009 3347 τεῖτε.”
1067 3263 1579 3370 παρελάβομεν
1618 3261 1698 3342 δὲ
1722 3263 1953 3368 ζῶντα
1980 3264 2171 3345 Θεὸν
2203 3270 2321 3346 καὶ
2348 3264 2622 3370 Κύρων
2649 3269 2924 3368 ἀληθῶς
2945 3258 3047 3342 τὸν

682 3387 1040 3493 Χριστόν.

753 3630 805 3683 3.
842 3612 1000 3667 αὐτοῦ
1023 3613 1135 3666 υἱόν
1157 3610 1261 3665 hoc
1286 3607 1474 3665 ordine
1497 3627 1545 3664 a.
1830 3628 1884 3676 4.
1920 3610 2005 3664 διά
2028 3609 2113 3681 τε]
2140 3612 2226 3666 διά
2248 3633 2310 3682 γε
2333 3629 2382 3666 a.
2713 3612 2793 3669 18.
2825 3628 2884 3665 ex
2906 3625 2935 3662 a
2954 3614 2998 3661 et
3014 3602 3044 3659 b

679 3682 774 3738 fol.
813 3698 910 3737 211
940 3700 990 3746 ν,
1065 3683 1120 3735 ui
1160 3681 1426 3751 Κυρίλλου
1462 3680 1643 3749 ὁμιλία
1683 3679 1767 3734 καὶ
1804 3680 2131 3751 θησαυρικῶν
2171 3685 2248 3747 λβ
2285 3681 2572 3738 exhibent:
2625 3683 2904 3754 posteriora
2936 3692 3046 3748 quae

682 3753 740 3807 in
772 3753 894 3822 θησ.
930 3752 1017 3816 λβ
1171 3769 1245 3806 ee.
1283 3766 1382 3817 29²
1422 3749 1458 3803 d
1495 3747 1721 3821 scilicet]
1766 3750 2131 3832 ipveniuntur,
2175 3753 2500 3816 omittentes,
2544 3755 2722 3823 priora
2755 3750 3044 3807 exhibemus.

682 3839 770 3877 22.
805 3823 1472 3895 παρελάβομεν-Χριστόν
1508 3820 1657 3876 Maio
1692 3837 1957 3877 emmaum
1991 3839 2021 3878 e
2058 3821 2313 3879 Cramero
2349 3822 2596 3890 exhibeo,
2634 3832 2756 3895 post
2788 3822 2907 3877 haec
2935 3814 3043 3873 inci·

684 3893 862 3965 piente
885 3913 915 3950 e
936 3894 1216 3949 Thesauro
1239 3891 1506 3947 citatione.
