3269 5166
252 344 291 409 i.
323 346 380 409 8.
734 346 841 411 IN
898 344 1419 411 EPISTOLAM
1479 344 1607 409 AD
1670 318 2174 410 HEBRAEOS.
2523 343 2712 505 375[
2849 438 2972 505 m]

2735 452 2827 507 ¹09

636 609 815 697 Πρὸς
870 608 943 675 δὲ
997 611 1110 677 τὸν
1164 608 1317 679 Υἶόν
1359 610 1446 676 ‘O
1502 613 1734 700 θρόνος
1790 634 1926 690 σου,
1980 611 2018 674 ὁ
2068 607 2257 674 Θεόε.
2683 623 2718 679 8

360 797 537 876 Πῶς
603 794 732 873 οὖν
796 796 924 874 οὐκ
998 795 1349 875 ἀσύνετον
1415 797 1535 874 καὶ
1604 793 1844 898 θρασὺ
1917 792 2002 873 τὸ
2067 790 2661 895 περιεργάζεσθαι

252 915 501 1020 φύσιν,
540 915 631 996 δι’
670 916 756 1017 ἧς
804 916 897 996 τὰ
951 915 1191 998 πάντα
1242 916 1584 1021 παρήχθη
1621 919 1806 1021 πρὸς
1856 917 2187 1024 ὕπαρξιν,
2223 916 2357 1017 τὴν
2394 916 2659 1022 χρόνου

251 1038 522 1123 παντὸς
579 1043 1135 1144 πρεσβυτέρανς
1223 1040 1572 1145 γεγόνασι
1646 1041 1791 1142 γὰρ
1855 1044 1940 1121 δι’
2011 1045 2248 1141 αὐτῆς,
2310 1046 2427 1122 καὶ
2501 1043 2661 1121 ἔστι

194 1198 229 1259 5
255 1162 397 1267 πρὸ
440 1164 714 1248 παντὸς
763 1170 1015 1249 αἰῶνος
1053 1167 1093 1244 5
1132 1167 1208 1244 ἐκ
1246 1171 1440 1245 Θεοῦ
1480 1165 1770 1269 Πατρὸς
1811 1166 2073 1269 Λόγος·
2151 1168 2319 1245 ἀλλ’
2363 1170 2428 1245 οἱ
2465 1165 2656 1246 πάν-

253 1297 516 1386 τολμοι
568 1297 1091 1391 κατηγοροῦσιν
1127 1290 1345 1368 αὐτοῦ
1398 1288 1485 1368 τὸ
1541 1290 1902 1393 νεώτερον,
1940 1292 2056 1369 καὶ
2106 1287 2407 1392 γενητὸν
2444 1288 2662 1368 αὐτὸν

258 1407 441 1491 εἶναι’
497 1419 758 1518 φασιν·
850 1413 977 1491 οὐκ
1041 1409 1299 1497 εὶδότες
1364 1412 1472 1492 ὅτι
1537 1420 1686 1496 τοῖς
1752 1421 1878 1493 τοῦ
1938 1413 2174 1514 Ἁγίου
2242 1409 2662 1510 Πνεύματος

258 1535 760 1640 ἀντιφέρονται
817 1533 1087 1638 λόγοις·
1171 1537 1257 1615 δι’
1317 1537 1535 1615 αὐτοῦ
1590 1534 1722 1635 μὲν
1785 1534 1929 1640 γὰρ
1993 1540 2435 1635 πεποιῆσθαι
2498 1535 2660 1620 τοὺς
2688 1558 2899 1624 Suprai·
2920 1574 2967 1607 2·

258 1657 521 1743 αὶῶνᾶς
559 1665 795 1765 φασιν
831 1664 898 1739 οἱ
936 1667 1332 1744 λαλοῦντες
1367 1661 1443 1739 ἐν
1476 1658 1865 1759 Πνεύματι·
1935 1665 2002 1740 οἱ
2038 1660 2115 1739 δὲ
2148 1657 2450 1761 γενητὸν
2486 1655 2663 1740 εἶναι

151 1829 179 1869 1
193 1829 233 1868 0
259 1783 812 1888 διισχυρῖζονται
847 1781 975 1863 τὸν
1001 1785 1318 1864 ἐπέκεινα
1356 1787 1472 1863 καὶ
1504 1792 1631 1864 νοῦ
1666 1787 1783 1864 καὶ
1820 1781 2069 1887 λόγου,
2095 1789 2210 1863 καὶ
2247 1784 2402 1863 οὐδ’
2440 1785 2660 1863 ἐκεῖνο

259 1907 589 2012 δέχονται
626 1905 809 1986 κατὰ
845 1915 1035 1987 νοῦν·
1116 1910 1199 1988 οὐ
1237 1907 1381 2012 γὰρ
1418 1910 1493 1987 ἐν
1526 1906 1767 2016 χρόνῳ
1806 1906 2058 2011 γε’γονε
2105 1905 2342 2009 πατὴρ
2376 1909 2417 1987 5
2454 1905 2662 2006 Θεὸς,

258 2033 435 2111 ἀλλ’
474 2029 565 2131 ἦν
599 2032 712 2110 ἀεί
741 2065 819 2111 τε
857 2036 974 2110 καὶ
1012 2032 1088 2110 ἐν
1139 2034 1353 2138 ἀρχῇ·
1421 2032 1678 2112 τούτου
1714 2032 1789 2112 δὲ
1834 2035 2058 2115 οὕτως
2114 2030 2421 2135 ἔχοντος,
2454 2028 2665 2111 πᾶσά
2687 2046 2803 2102 110
2832 2043 2929 2101 Μ.

256 2189 419 2239 πως
475 2153 752 2256 ἀνάγκη
811 2154 1354 2261 συνυφεστᾶναι
1390 2163 1574 2235 νοεῖν
1608 2154 1737 2234 τὸν
1774 2154 1974 2252 Υὶὸν,
2024 2155 2142 2234 ἵνα
2201 2156 2317 2233 καὶ
2373 2157 2664 2253 ἀληθῶς

261 2275 553 2383 ὑπάρχῃ
604 2275 844 2379 πατὴρ
899 2278 938 2356 5
983 2275 1191 2363 Θεός.
1275 2281 1425 2359 ἐπεὶ
1480 2277 2046 2375 διδασκέτωσαν,
2104 2283 2165 2356 εἶ
2204 2274 2446 2378 Λόγος
2507 2280 2667 2357 ἐστὶ

149 2440 233 2500 15
261 2409 393 2481 τοῦ
431 2399 720 2503 Πατρός
757 2403 798 2481 5
835 2400 1010 2485 Υἱὸς
1046 2403 1161 2480 καὶ
1199 2402 1432 2506 σοφία
1469 2404 1586 2480 καὶ
1628 2400 1924 2499 δύναμις
1974 2404 2093 2480 καὶ
2143 2398 2511 2505 χαρακτὴρ
2549 2404 2667 2480 καὶ

264 2524 721 2627 ἀπαύγασμα
786 2528 915 2625 τῆς
970 2523 1445 2608 ὑποστάσεως
1509 2524 1750 2620 αὐτοῦ,
1796 2531 2000 2610 ποῖος
2058 2521 2149 2625 ἦν
2208 2524 2348 2628 ἄρα
2413 2525 2668 2628 χρόνος

265 2651 431 2731 καθ’
482 2647 565 2729 ὃν
619 2645 710 2748 ἦν
763 2647 1031 2751 ἄλογος
1095 2651 1136 2729 5
1197 2646 1478 2749 Πατὴρ,
1538 2649 1672 2752 οὐχ
1736 2646 2179 2753 ὑπάρχοντος
2245 2655 2376 2728 τοῦ
2430 2653 2662 2746 Υὶοῦ;

263 2772 445 2854 πότε
504 2771 578 2852 δὲ
632 2769 720 2872 ἦν
777 2772 941 2876 δίχα
985 2777 1113 2871 τῆς
1168 2776 1419 2853 ἑαυτοῦ
1475 2772 1744 2876 σοφίας
1803 2772 1849 2870 ἡ
1908 2776 2035 2871 τῆς
2096 2770 2366 2878 σοφίας
2413 2774 2667 2872 πηγῆς

261 2895 442 2977 πότε
478 2892 557 2973 δὲ
594 2894 956 2993 δυνάμεως
991 2896 1158 3000 δι’χα
1188 2930 1208 2991 ;
1268 2895 1445 2977 πότε
1485 2894 1559 2974 δὲ
1597 2897 1727 2975 οὐκ
1760 2893 1852 2995 ἦν
1887 2900 1963 2974 ἐν
2001 2900 2170 3001 Θεῷ
2207 2894 2290 2972 τὸ
2329 2893 2666 2996 ἀπαύγα-

162 3066 239 3106 20
265 3053 431 3118 σμα
464 3015 596 3118 τῆς
631 3018 849 3126 δόξης
887 3021 1152 3117 αὐτοῦς
1213 3017 1259 3119 ἢ
1296 3025 1451 3103 πῶς
1508 3020 1634 3098 οὐκ
1690 3015 1777 3097 ἂν
1818 3018 1923 3118 εἴη
1976 3015 2119 3097 σὺν
2172 3019 2367 3123 αὐτῷ
2422 3051 2500 3095 τε
2555 3020 2672 3096 καὶ

264 3146 344 3222 ἐν
378 3145 574 3250 αὐτῷ
618 3147 948 3244 διηνεκῶς
1003 3146 1043 3223 5
1103 3141 1472 3248 χαρακτὴρ
1528 3143 1748 3222 αὐτοῦ
1769 3174 1793 3240 ;
1855 3146 1912 3221 εἰ
1949 3139 2081 3238 μὲν
2133 3140 2260 3219 οὖν
2310 3142 2387 3219 ἐν
2433 3139 2671 3248 χρόνῳ

262 3275 497 3346 ταῦτα
551 3267 862 3367 γέγονεν,
899 3267 1028 3346 οὐκ
1075 3265 1165 3366 ἦν
1199 3267 1342 3369 ἄρα
1393 3264 1633 3368 πατὴρ
1670 3272 1841 3367 πρὶν
1896 3263 2209 3366 γε’νηται,
2249 3263 2521 3365 ἄλογος
2577 3260 2670 3364 ἦν

264 3391 386 3468 καὶ
444 3387 749 3495 ἅσοφος,
805 3393 920 3470 καὶ
975 3388 1192 3495 ἰσχὺν
1245 3391 1374 3469 οὐκ
1431 3390 1638 3493 ἔχων,
1688 3385 2137 3492 χαρακτῆρός
2193 3420 2272 3466 τε
2329 3388 2497 3491 δίχα
2556 3391 2675 3467 καὶ

264 3511 867 3614 ἀπαυγάσματος.
972 3515 1142 3592 ἀλλ’
1204 3509 1400 3611 οἶμαι
1461 3521 1675 3592 τοῦτο
1744 3509 1919 3591 εἶναι
1984 3509 2341 3605 δυσσεβὲς
2392 3514 2674 3606 ἐννοεῖν,

158 3673 235 3734 25
265 3640 387 3716 καὶ
443 3640 573 3735 τῆς
631 3636 970 3717 ἀνωτάτω
1030 3636 1460 3733 δυσσεβείας
1511 3634 1877 3741 ἀπόδειξιν
1942 3634 2109 3738 ἔχει·
2183 3636 2290 3713 ἀεὶ
2348 3632 2422 3713 δὲ
2486 3632 2576 3734 ἦν
2633 3635 2675 3713 5

340 3905 397 3944 2.
436 3886 594 3947 Quae
628 3887 987 3960 sequebantur
1019 3889 1078 3945 in
1113 3888 1262 3944 Maio
1295 3887 1787 3959 Ἀνοηταίνουσι-«Ξ
1817 3909 1921 3960 χαρ
2025 3887 2042 3907 ’
2082 3927 2099 3952 ,
2128 3896 2318 3958 utpote
2353 3905 2418 3942 ex
2454 3886 2676 3943 homilia

262 3959 562 4029 desumpta
585 3959 723 4013 inter
738 3959 1079 4014 homiliarum
1096 3960 1395 4030 fragmenta
1412 3958 1835 4014 collocabuntur.
1920 3963 2032 4014 πῶς
2073 3962 2167 4013 τοῦ
2185 3959 2342 4012 αὐτοῦ
2358 3958 2416 4012 in
2433 3959 2675 4028 margine

258 4029 497 4102 apponit
519 4028 595 4090 b.‚
619 4028 868 4083 homiliae
892 4030 1252 4102 fragmentum
1276 4029 1416 4084 finiri
1450 4029 1713 4096 indicans,
1737 4029 1795 4083 in
1831 4029 2070 4098 margine
2107 4046 2175 4092 a.,
2200 4029 2384 4082 charta
2419 4029 2676 4082 crassiore

256 4110 477 4172 operto,
500 4099 605 4170 legi
630 4110 804 4170 potest
829 4099 924 4155 nil.
1256 4119 1310 4168 4.
1345 4101 1474 4170 ἔστη
1500 4100 1555 4155 b.
1889 4097 1942 4153 6.
1976 4100 2133 4154 αὐτὸν
2155 4094 2308 4169 εἶναι]
2336 4099 2491 4152 αὐτὸν
2516 4100 2676 4153 αὐτοῦ

261 4171 528 4242 (-σῦτὸν
561 4166 722 4239 εἶναι)
749 4170 801 4224 b.
843 4168 1027 4241 [αὐτοῦ
1062 4187 1160 4241 pro
1182 4164 1312 4224 εἷναι
1335 4188 1447 4225 non
1470 4187 1608 4233 raro,
1637 4170 1907 4239 exemplar
1931 4186 2092 4224 suum
2118 4170 2207 4222 vix
2231 4169 2433 4239 legens,
2460 4167 2677 4223 exhibet

259 4241 443 4297 codex
467 4240 555 4295 hic
581 4240 674 4305 b.;
713 4239 781 4295 de
815 4258 924 4313 quo
958 4257 1135 4295 errore
1169 4239 1540 4295 animadvertit
1568 4239 1766 4307 Maius,
1793 4239 1885 4295 Cr.
1912 4256 2142 4294 errorem
2180 4256 2295 4292 esee
2326 4239 2585 4308 opinans:
2623 4248 2678 4293 at

258 4313 340 4368 ita
366 4328 552 4367 revera
575 4309 661 4383 b.]
856 4328 910 4382 9.
945 4311 1105 4365 αὐτοῦ
1128 4328 1228 4381 pro
1251 4307 1377 4365 εἶναι
1400 4310 1477 4374 b.‚
1502 4309 1624 4365 vide
1647 4314 1833 4364 notam
1895 4309 2277 4365 raeoedentem.
2474 4326 2558 4363 10.
2593 4309 2678 4362 καὶ

264 4386 362 4438 νοῦ
397 4383 483 4437 καὶ
516 4384 689 4473 λόγων
722 4397 773 4436 a.
809 4385 981 4437 καινοῦ
1014 4383 1179 4464 λόγου
1202 4380 1258 4436 b.
1285 4382 1368 4436 ml
1390 4384 1482 4436 νοῦ
1502 4382 1670 4463 λόγον
1690 4381 1817 4452 (sic)
1931 4419 1946 4434 .
2020 4378 2332 4469 Statim‘oeul
2365 4377 2678 4464 omittit-Ed.

268 4451 379 4509 οὐδ’
377 4453 514 4544 ’3.1).
540 4452 666 4507 ov&
692 4449 785 4506 Cr.
810 4450 956 4507 unde
981 4450 1183 4506 Mama.
1296 4452 1471 4507 ἐκείνω
1493 4451 1619 4520 (mc)
1647 4450 1702 4505 b.
2052 4466 2138 4505 22.
2175 4470 2267 4503 ουκ
2294 4445 2382 4518 ἦν]
2410 4447 2598 4501 οὔκουν
2620 4446 2679 4502 b.

268 4545 539 4598 ΝΜ
565 4521 925 4594 (rom-«piu
946 4544 1008 4594 γ’
1029 4521 1263 4594 γίνηται)
1281 4521 1338 4577 b·
