3269 5166
200 364 475 452 xvifl.33.
719 364 833 429 IN
896 363 965 429 s,
1008 362 1526 428 JOANNEM.
1618 364 1812 428 mn.
1861 363 2021 428 ΧΠ.
2487 367 2568 428 51

204 529 387 609 τοῦτό
438 536 673 637 φασιν
715 528 1159 631 ἀληθεύοντα
1211 528 1437 610 πάλιν
1482 532 1851 633 ἀποφῆναι
1906 525 2034 608 τὸν
2070 525 2421 631 Χριστὸν,
2456 532 2576 608 καὶ

200 653 680 756 προεγνωκότα
727 652 861 753 μὲν
896 660 1053 739 πῶς
1101 651 1148 755 ἢ
1195 653 1356 734 τίνα
1402 652 1817 761 τεθνήξεται
1868 649 2161 809 τρόπον,
2194 653 2569 754 προμηνύ·

201 809 412 857 σαντα
470 778 545 858 δὲ
604 785 755 862 τοῖς
810 779 1037 881 ἁγίοις
1102 780 1319 858 αὐτοῦ
1378 783 1753 878 μαθηταῖς.
1855 777 1933 857 τί
1983 773 2127 880 γὰρ
2190 775 2359 927 ἔφη
2389 775 2574 879 πρὸς

198 900 472 985 αὐτούς·
452 963 474 999 ,
540 898 799 982 “Ἰδου
837 902 1317 1002 ἀναβαίνομεν
1353 908 1451 986 εἷς
1484 901 1985 1004 Ἱεροσόλυμα,
2025 901 2140 980 καὶ
2178 901 2218 979 ὃ
2263 898 2408 984 υὶος
2444 907 2572 980 τοῦ
2597 939 2639 1004 b
2661 904 2911 956 snauh.

140 1053 171 1112 5
196 1025 632 1129 ἰοὶνθρῶπου
664 1028 1134 1129 παραδίδοται
1172 1030 1268 1110 εἷς
1303 1032 1546 1131 χεῖρας
1583 1027 2053 1129 ἁμαρτωλῶν,
2091 1059 2204 1104 και
2243 1024 2574 1127 σταυρώ-
2662 986 2800 1087 3‘vi'.
2799 972 2899 1099 845,

212 1157 522 1230 ‘truvo-tv
558 1150 793 1249 αὐτον,
833 1155 949 1229 καὶ
986 1153 1481 1246 ἀποκτενοῦσι,
1520 1152 1640 1229 καὶ
1688 1151 1779 1254 τῇ
1831 1148 2036 1255 τρίτῃ
2091 1149 2316 1256 ἡμέρα
2364 1150 2565 1252 ε’γερ-
2664 1102 2784 1152 xvii
2810 1116 2886 1165 ²³

190 1283 229 1319 “
262 1275 624 1375 θήσεται.”
684 1276 1039 1376 ἀναγκαία
1076 1274 1151 1354 δὲ
1188 1275 1304 1353 καὶ
1340 1271 1617 1353 τούτων
1656 1274 1700 1372 ἡ
1736 1273 2000 1373 μνήμη.
2073 1271 2577 1375 προεγνωκότα

189 1397 319 1500 γὰρ
359 1398 494 1479 ἔδει
532 1404 813 1494 παθεῖν,
845 1398 964 1477 ἵνα
995 1395 1203 1498 μήτις
1238 1398 1468 1496 οἴηται
1506 1402 1654 1481 τοῖς
1692 1396 2128 1497 ἀβουλήτοις
2161 1404 2577 1498 περιπεσεῖν

187 1519 305 1601 τὸν
339 1519 396 1631 ᾧ
430 1520 671 1603 πάντα
707 1525 865 1601 ἐστὶ
916 1532 962 1569 “
988 1519 1226 1623 γυμνὰ
1261 1525 1376 1600 καὶ
1421 1520 2108 1625 τετραχηλισμε’να,”
2155 1519 2577 1621 πιστεύηται
2667 1519 2800 1650 ffb·
2827 1522 2894 1569 iv.

102 1672 165 1713 10
189 1645 256 1724 δὲ
290 1653 580 1745 μᾶλλον
617 1650 711 1730 ὡς
750 1644 1128 1745 ἐθελοντὴς
1165 1643 1293 1725 τὸν
1331 1641 1507 1746 ὑπὲρ
1543 1644 1751 1743 ἡμῶν
1786 1649 1903 1725 καὶ
1941 1646 2029 1725 δι’
2068 1646 2253 1746 ἡμᾶς
2305 1642 2579 1747 ὑπέστη

187 1768 513 1873 σταυρόν.

194 1981 487 2053 Εἰσῆλθεν
546 1982 660 2052 οὖν
709 1988 908 2053 πάλιν
951 1983 1045 2053 eie
1097 1986 1173 2053 τὸ
1227 1984 1631 2075 πραιτώριον
1681 1986 1736 2063 ὁ,
1770 1985 2054 2052 Πιλάτοο
2109 1988 2214 2051 καὶ
2267 1986 2574 2075 ὲφώνκσε
2606 2009 2681 2067 33

255 2110 360 2176 τὸν
387 2112 642 2179 Ἰησοῦν
685 2111 792 2177 καὶ
835 2104 1016 2177 εἶπεν
1059 2109 1238 2196 αὐτῷ
1279 2110 1370 2175 Σὺ
1419 2104 1481 2175 εἶ
1524 2111 1560 2176 ὁ
1610 2110 1909 2188 βασιλεὺς
1956 2112 2088 2178 τῶν
2116 2111 2502 2194 Ἰουδαίων;

289 2282 520 2364 Οὐδὲν
572 2282 858 2388 ἔχοντες
912 2281 997 2363 τὸ
1052 2279 1398 2384 παράπαν
1446 2283 1799 2382 ἐγκαλεῖν,
1846 2282 2073 2384 ἤγουν
2127 2315 2197 2361 τι
2250 2317 2572 2386 παρακο-

108 2442 167 2499 15
191 2406 380 2498 μίσαι
417 2414 566 2487 τῶν
605 2405 754 2486 ὅσα
791 2407 1067 2486 δικαίαν
1107 2403 1577 2508 ἐπισύρεσθαι
1616 2410 1815 2485 δοκεῖ
1842 2413 1989 2490 τοῖς
2028 2405 2414 2508 δεδρακόσι
2454 2404 2585 2505 τὴν

193 2525 502 2631 κόλασιν,
540 2529 944 2636 ἐγκειμένου
980 2530 1069 2610 δέ
1092 2564 1248 2615 πως
1293 2532 1408 2609 καὶ
1460 2528 1590 2614 τὰς
1643 2531 1870 2615 αἰτίας
1916 2534 2043 2632 τῆς
2094 2535 2586 2635 προσαγωγῆς

190 2653 622 2758 ἐξαιτοῦντος
676 2653 1030 2752 Πιλάτου,
1065 2653 1749 2754 πεπλημμεληκέναι
1806 2658 2041 2762 φασὶν
2091 2662 2190 2740 εἰς
2246 2656 2587 2760 Καίσαρα

189 2774 302 2856 τὸν
346 2781 665 2881 Ἰησοῦν,
716 2775 849 2877 τὴν
902 2779 1137 2886 ἐκείνῳ
1191 2777 1729 2882 πεπορισμένην
1784 2778 1966 2858 κατὰ
2031 2785 2177 2859 τῶν
2225 2779 2589 2860 Ἰουδαίων

190 2901 402 3007 ἀρχὴν
435 2910 538 2989 εἰς
589 2901 845 2983 ἑαυτὸν
881 2901 1311 3006 ἁρπάζοντα,
1351 2905 1468 2981 καὶ
1516 2902 1982 3002 μετατιθέντα
2030 2907 2158 3002 τῆς
2205 2903 2587 2996 βασιλείας

104 3053 168 3095 20
191 3023 309 3121 τὴν
361 3026 590 3135 δόξαν
628 3033 728 3112 εἶς
785 3029 969 3107 ἰδίαν
1022 3023 1421 3132 ὑπόληψιν.
1496 3032 1828 3128 πονηρῶς
1877 3060 1954 3105 τε
2010 3025 2311 3132 σφόδρα
2364 3061 2584 3126 μεμη-
2610 3047 2656 3112 d

190 3146 473 3250 χᾰνηται
541 3186 631 3232 το
696 3184 1127 3252 σκαιωρημα
1195 3152 1310 3228 καὶ
1377 3151 1417 3229 ὁ
1483 3153 1610 3248 τῆς
1676 3150 2171 3256 συκοφαντίας
2235 3149 2590 3256 ἐξηρτύθη

189 3271 454 3373 τρόπος·
532 3273 814 3382 ᾔδεσαν
850 3273 997 3378 γὰρ
1034 3274 1142 3354 ὅτι
1193 3274 1311 3353 καὶ
1354 3274 1490 3380 οὐχ
1539 3308 1721 3353 εκων
1757 3274 1797 3352 ὃ
1838 3270 2167 3357 Πιλάτος
2201 3272 2594 3377 προνοήσει

190 3393 307 3491 μὲν
362 3398 664 3485 πάντως
729 3404 857 3499 τῆς
931 3396 1095 3480 καθ’
1159 3432 1412 3480 εαυτον
1475 3399 1909 3505 ἀσφαλείας,
1969 3395 2456 3502 τιμωρήσεται
2516 3399 2592 3480 δε

191 3517 363 3626 τάχα
395 3527 512 3605 καὶ
558 3523 1107 3627 προαλέστερον
1143 3556 1271 3601 τον
1306 3524 1422 3603 ἐπὶ
1467 3521 1746 3606 τούτοις
1779 3521 1974 3607 ολως
2008 3521 2585 3621 καταβοωμενον.

108 3667 171 3729 ²5
193 3647 740 3747 σεσαλευμένων
775 3645 921 3752 γὰρ
958 3648 1063 3726 ἀεὶ
1099 3644 1282 3749 πρὸς
1319 3645 1673 3748 θορύβους
1710 3649 1827 3725 καὶ
1864 3645 2187 3744 στάσεις,
2225 3649 2342 3725 καὶ
2378 3680 2595 3745 μετα-

192 3770 604 3871 χωρούντων
641 3769 953 3855 εὐκόλως
1003 3771 1118 3850 ἐπὶ
1170 3768 1297 3850 τὸν
1334 3773 1461 3868 τῆς
1511 3768 1925 3871 ἀντάρσεως
1976 3768 2244 3874 τρόπον
2279 3768 2414 3868 τὴν
2449 3775 2595 3849 τῶν

193 3888 540 3975 Ἰουδαίων
577 3893 967 3974 οἰκούντων
1001 3893 1271 3999 χώραν,
1306 3890 1721 3996 πικρότεροί
1750 3927 1904 3977 πως
1941 3899 2038 3977 εἷς
2074 3899 2288 3973 τοῦτο
2336 3891 2597 3972 λοιπὸν

196 4018 253 4091 οἱ
296 4016 492 4120 παρὰ
535 4018 917 4121 Καίσαρος
966 4019 1288 4120 ἐγίνοντο
1336 4020 1696 4114 δικασταὶ,
1730 4020 1848 4096 καὶ
1883 4014 2430 4123 ἀσφαλέστεροι
2465 4013 2595 4114 μὲν
2617 4050 2654 4095 ο

194 4140 309 4236 τῆς
344 4140 680 4248 εὐταξίας
718 4140 1061 4249 φύλακες,
1096 4139 1690 4243 προπετεστοῖτας
1743 4136 1818 4219 δὲ
1868 4146 2016 4223 τοῖς
2069 4144 2169 4224 εἰς
2215 4146 2429 4220 τοῦτο
2481 4143 2598 4219 καὶ

110 4294 175 4352 3ο
196 4260 413 4364 μάτην
451 4265 620 4345 ἔσθ’
665 4263 781 4345 ὅτε
820 4263 1341 4367 κατειρημένοις
1378 4262 1507 4347 τὰς
1546 4263 1887 4366 τιμωρίας
1922 4265 2213 4366 ἐπῆγον.
2272 4264 2598 4365 ἔγκλημα

269 4478 314 4517 1.
342 4462 544 4547 φασιν]
576 4463 893 4536 Lag-endum
920 4473 982 4519 ut
1007 4464 1117 4520 vid.
1141 4466 1218 4535 φη
1221 4485 1326 4519 σιν.
1729 4481 1854 4536 4—7.
1895 4463 2055 4519 Hanc
2079 4462 2346 4518 citationis
2373 4462 2600 4516 formam

202 4531 387 4590 videsis
417 4552 586 4606 nupta
619 4551 756 4608 1019
777 4535 815 4591 b
840 4544 896 4589 et
922 4533 1149 4627 (ultimis
1173 4486 1352 4590 verbis
1385 4533 1646 4616 exceptis)
1675 4534 1814 4590 infra
1844 4536 1980 4602 1058
1996 4534 2051 4590 d.
2435 4531 2601 4587 .-ἐθε

202 4603 363 4661 λοντὶς
389 4605 452 4661 Ε.
827 4605 914 4662 26.
950 4610 1054 4661 τῶν
1075 4604 1169 4674 τὴν
1192 4605 1329 4660 bene
1357 4605 1564 4676 Migne.
1927 4618 2015 4675 27.
2050 4604 2359 4675 πικρότερόν
2367 4547 2450 4656 ¹E.

1344 4706 1464 4754 112
