3269 5166
631 347 761 409 530
1098 345 1171 408 Β.
1221 343 1595 408 CYRILLI
1641 341 2163 407 ALEXANDR.
2211 339 2553 405 FRAGM.

630 509 794 572 sicut
821 508 999 587 dicit,
1028 507 1255 572 homo:
1302 510 1409 572 sed
1449 512 1585 572 erat
1622 507 1757 590 ipse
1796 529 1876 570 ex
1904 505 2039 569 Deo
2070 506 2256 570 Patre
2287 506 2462 569 Deus
2495 503 2798 580 Verbum,
2830 502 3040 567 factus

630 611 975 675 seeundum
1003 634 1136 689 nos,
1169 611 1355 675 homo
1386 611 1698 687 videlieet,
1730 615 1795 674 et
1832 632 1960 673 non
2003 610 2200 673 alium
2238 609 2552 693 quendam
2599 607 2815 692 magis
2844 628 3040 691 qnam

629 715 901 799 seipsum
929 715 1293 780 visitatione
1321 721 1387 779 et
1416 714 1717 779 memoria
1743 714 2035 798 dignans.

1501 941 1591 1005 Et
1619 962 1697 1005 ex
1728 941 1943 1005 eodem
1974 939 2151 1003 libro.

1654 1095 2012 1159 Tnnonolu.
3065 1113 3099 1170 5

721 1235 1147 1302 Oessabuntne
1172 1234 1322 1318 jam
1350 1234 1435 1299 ab
1463 1235 1831 1319 impudente
1846 1253 2080 1318 puyna
2097 1232 2133 1297 ,Ρ
2172 1233 2476 1297 desistent
2503 1251 2649 1296 vero
2676 1251 2862 1294 vana
2892 1249 3040 1294 con·

293 1346 428 1396 Heb·
452 1345 509 1396 ii·
527 1359 603 1397 10·
629 1339 916 1418 tentione,
967 1340 1386 1403 erubescentes
1442 1339 1763 1402 dictorum
1820 1336 2198 1402 evidentiam
2220 1337 2257 1400 ,9
2340 1336 2593 1400 Multos
2647 1335 2826 1399 enim
2875 1334 3041 1397 dicit

612 1444 795 1527 filios
824 1445 898 1507 in
927 1442 1214 1525 gloriam
1251 1442 1598 1505 ducentem.
1690 1441 1860 1505 Ecce
1887 1441 2094 1524 iyitur
2121 1441 2195 1504 in
2220 1440 2473 1504 ratione
2491 1437 2854 1522 filiationis
2891 1459 3040 1501 con·

626 1567 973 1610 numerans
1029 1545 1375 1629 Apostolus
1431 1557 1710 1629 apparet
1766 1555 2170 1629 assumptum
2235 1543 2554 1607 hominem
2620 1544 2854 1607 ceteris
2913 1563 3042 1604 non

625 1650 970 1716 secundum
990 1649 1162 1733 quod
1187 1649 1492 1713 similiter
1518 1648 1659 1712 illis
1671 1648 2028 1730 filiationis
2043 1647 2384 1732 particeps
2409 1657 2521 1724 est,
2545 1646 2659 1710 sed
2685 1647 3040 1710 secundum
3070 1657 3133 1696 10

627 1754 797 1838 quod
836 1752 1143 1816 similiter
1184 1753 1480 1835 qratiam
1521 1752 1876 1835 assumpsit
1906 1751 2283 1833 filiationis,
2328 1751 2569 1814 deitate
2612 1750 2760 1813 sola
2803 1760 3039 1812 natur—

627 1856 797 1920 alem
809 1856 1204 1938 filiationem
1222 1857 1610 1940 possidente.
1692 1854 1948 1919 O'ertum
1976 1855 2146 1919 enim
2174 1866 2266 1918 est
2293 1854 2465 1917 illud
2492 1854 2664 1937 quod
2675 1853 3044 1935 filiationis

621 1960 843 2044 yloria
861 1970 1130 2043 praeter
1158 1971 1391 2023 ceteros
1419 1960 1704 2023 homines
1730 1961 1896 2023 inest
1923 1959 1986 2022 ei
2003 1958 2359 2042 praecipue
2371 1979 2496 2041 per
2523 1957 2845 2020 unitatem
2875 1977 3045 2038 quae

627 2074 720 2128 est
749 2063 842 2127 ad
875 2063 1085 2127 illum.
1187 2062 1368 2127 Unde
1410 2075 1471 2127 et
1512 2064 1585 2126 in
1627 2065 1780 2148 ipsa
1807 2083 1954 2127 voce
1993 2062 2400 2145 siqnzflcante
2427 2060 2699 2136 Filium,
2728 2061 3046 2124 similiter

627 2167 827 2231 etiam
873 2166 985 2231 ille
1034 2167 1610 2250 comprehenditur.
1701 2166 1832 2230 Sed
1874 2166 2385 2231 sermocinantur
2428 2164 2523 2228 ad
2565 2185 2721 2227 nos.-
2790 2164 2873 2227 Si
2916 2164 3044 2228 duo
3075 2171 3140 2228 15

616 2271 917 2357 perfecta
974 2269 1219 2347 dicitis,
1278 2269 1640 2334 omnimodo
1689 2280 1751 2333 et
1796 2271 1959 2333 duos
1993 2267 2175 2352 filios
2222 2269 2520 2332 dicemus.
2610 2267 2741 2331 Sed
2791 2288 2935 2331 ecce
2986 2279 3049 2331 et

629 2374 855 2438 Filius
910 2374 1124 2438 dictus
1181 2385 1274 2438 est
1330 2374 1405 2437 in
1452 2373 1706 2438 Divina
1758 2373 2109 2457 Scriptura
2157 2394 2281 2457 per
2327 2374 2626 2456 seipsum,
2684 2372 3051 2436 divinitate

629 2489 911 2562 excepta,
943 2476 1168 2542 ceteris
1196 2476 1563 2541 hominibus
1591 2487 2104 2553 connumeratus,
2145 2488 2206 2540 et
2233 2497 2362 2539 non
2387 2476 2537 2559 jam
2569 2476 2726 2539 duos
2757 2475 3052 2540 dicimus

617 2581 816 2665 filios.
919 2580 1097 2645 Unus
1130 2602 1277 2646 vero
1305 2580 1530 2645 Filius
1557 2580 1631 2644 in
1659 2581 2046 2666 confessione
2079 2592 2172 2646 est
2199 2579 2390 2663 juste,
2422 2580 2729 2664 quoniam
2763 2592 3049 2646 natura-

628 2704 777 2747 rum
806 2685 1047 2749 divisio
1075 2685 1433 2748 necessario
1461 2684 1642 2748 debet
1665 2704 2048 2769 permanere
2076 2694 2136 2747 et
2167 2704 2482 2767 personae
2518 2684 2732 2748 unitio
2771 2683 3050 2748 indis-si·
3078 2692 3146 2732 ²0

618 2788 876 2873 pabilis
904 2788 1242 2851 custodiri.

1689 2949 1982 3013 emm.

719 3086 926 3171 Papae
984 3087 1334 3150 insaniam!
1426 3086 1766 3171 Ignoravit
1823 3085 2223 3151 omnifariam
2287 3085 2690 3150 altitudinem
2753 3086 3054 3170 mysterii

633 3188 896 3269 Christi,
943 3191 1052 3275 qui
1094 3192 1188 3254 ita
1238 3189 1491 3274 frigidis
1539 3196 1606 3253 et
1659 3189 2007 3273 puerilibus
2052 3189 2261 3253 verbis
2305 3189 2574 3253 confisus
2623 3193 2742 3253 est..
2859 3188 3052 3254 Quod

632 3300 849 3358 autem
900 3300 965 3358 et
1021 3294 1253 3377 prolati
1301 3292 1520 3377 scripti
1572 3294 1879 3358 virtutem
1927 3293 2188 3357 minime
2233 3292 2561 3377 intelligit,
2609 3300 2855 3356 rectam
2903 3316 3053 3358 vero
3080 3306 3147 3365 25

634 3399 925 3462 semitam
955 3397 1245 3476 declinat,
1277 3402 1343 3462 et
1375 3397 1754 3461 transferssur
1797 3396 2028 3460 iterum
2072 3396 2140 3459 in
2184 3396 2547 3460 scelerabam
2590 3396 2712 3460 sibi
2758 3397 3051 3481 proposi-

632 3506 769 3564 tam
800 3500 1231 3578 intentionem,
1262 3500 1482 3564 statim
1513 3502 1826 3564 docemus.
1921 3498 2108 3563 Quod
2136 3499 2306 3563 enim
2335 3504 2485 3563 ante
2513 3498 2726 3563 omnia
2758 3500 3054 3564 studium

634 3603 695 3668 ei
723 3609 840 3681 est,
871 3625 1101 3686 purum
1145 3603 1325 3667 nobis
1367 3602 1689 3666 hominem
1719 3604 1881 3667 velle
1923 3601 2349 3666 demonstrare
2392 3623 2815 3667 consessorem
2845 3602 3051 3683 Pau-i,

636 3712 703 3769 et
744 3706 824 3769 ab
869 3705 1161 3769 universa
1200 3711 1486 3770 creabura
1525 3713 1830 3790 tanquam
1859 3705 2071 3769 Deum
2099 3705 2511 3783 adorandum,
2539 3705 2674 3789 ipse
2716 3707 2907 3771 testis
2949 3706 3053 3770 in-

635 3806 976 3891 gredietur.
1070 3808 1195 3871 His
1224 3809 1394 3872 enim
1424 3808 1535 3894 qui
1570 3810 1916 3874 seeundum
1949 3807 2224 3893 gratiam
2268 3807 2387 3872 filii
2429 3813 2580 3872 sunt
2619 3813 2686 3872 et
2727 3809 3055 3874 humanae
3081 3826 3153 3884 30

635 3909 1034 3974 multitudini
1063 3933 1518 3977 connumerans
1547 3934 1713 3991 eum,
1731 3912 1932 3977 Verbi
1959 3911 2263 3977 deitatem
2293 3910 2491 3977 solam
2509 3932 2690 3975 verae
2717 3910 3056 3978 filiationis

709 4108 761 4157 4.
797 4089 894 4163 Et]
926 4090 1063 4147 Item
1089 4093 1161 4147 D.
1257 4110 1323 4146 ex
1346 4091 1531 4147 eodem
1559 4092 1695 4147 libro
1707 4091 1978 4146 Theodori
1998 4092 2071 4156 D,
2095 4091 2364 4147 Theodori
2381 4110 2447 4147 ex
2470 4090 2657 4147 eodem
2680 4091 2839 4157 libro,
2862 4100 2915 4147 ct
2938 4111 3053 4148 non

637 4161 1007 4244 praemittente
1033 4164 1240 4218 Surius.
1268 4163 1340 4218 Et
1362 4181 1426 4217 ex
1451 4162 1642 4244 eodem
1663 4162 1799 4217 libro
1823 4162 2142 4218 Theodorus
2166 4162 2272 4217 Ed.
2547 4161 2601 4218 6.
2634 4180 2706 4217 ne
2728 4171 3056 4246 wwnptm

637 4249 700 4285 eoe
723 4232 795 4296 D,
822 4232 998 4288 Sumo.
1092 4252 1261 4287 vanae
1284 4242 1652 4288 contentiones
1680 4233 1885 4289 Bellov.
2051 4251 2104 4304 9.
2142 4232 2492 4314 adsumptum
2515 4233 2589 4288 D.
2755 4250 2842 4290 10.
2881 4236 3055 4289 slmil-

636 4301 762 4372 iter]
790 4303 1191 4359 similitudinem
1219 4305 1290 4359 D.
1457 4322 1540 4358 11.
1574 4304 1746 4375 gratia
1772 4304 1844 4358 D.
1952 4303 2256 4376 adsumpsit
2278 4304 2527 4359 filiatione
2552 4304 2628 4358 D.
2799 4322 2885 4359 12.
2923 4323 3055 4377 pos-

638 4370 899 4427 sidentem
929 4374 998 4427 D.
1107 4384 1189 4429 est
1212 4375 1355 4429 enim
1377 4374 1580 4428 inverso
1603 4374 1786 4428 ordine
1813 4375 1883 4428 D.
2529 4390 2613 4445 13.
2649 4374 2824 4441 gloria
2846 4393 2950 4431 om.
2984 4376 3058 4432 D.

640 4458 727 4565 ἔγ.
750 4441 1057 4570 deneger&
1144 4514 1223 4569 Ed
1292 4462 1396 4527 19..
1416 4444 1599 4569 UnPus]
1631 4444 1749 4500 Nos
1776 4445 1850 4528 D..
1878 4444 2042 4571 ῌὲἰίε
2067 4445 2274 4516 Migne.
2331 4517 2343 4529 ο
2392 4516 2444 4570 D
2490 4460 2576 4500 22.
2616 4444 2934 4501 CYRILLI
2955 4447 3057 4530 .D2

637 4529 852 4637 ..25¹55·
929 4534 964 4586 y
1006 4534 1114 4641 223¹?
1129 4583 1202 4655 εἰ]
1227 4522 1470 4639 ὲὲἷέἪ.
1514 4518 1849 4656 “ῗῗὲἑὲη““ιῧῖ
1869 4525 1934 4570 ‘¹‘
1992 4520 2407 4658 ¹¹33.⁶g..⁰¹·'·..‘·⁶.“13.
2449 4555 2464 4570 ·
2572 4602 2662 4658 31.
2700 4530 2926 4643 atis&
2927 4536 3015 4644 1¹3¹?
3017 4531 3058 4572 ‘¹
