3269 5166
181 357 319 421 xix.
350 372 411 438 7.
745 358 852 422 IN
912 359 979 422 S.
1029 358 1544 423 JOANNEM.
1639 359 1835 424 LIB.
1884 361 2043 424 XII.
2510 364 2591 438 67

184 521 626 623 ηὖλόγησεν,
686 525 843 603 ἀντὶ
908 532 1037 603 τοῦ
1101 522 1565 627 κατηράσατο
1629 527 1747 604 καὶ
1813 526 2381 632 δεδυσφήμηκεν,
2443 522 2594 606 εἶτα
2618 557 2653 598 e

185 645 524 725 τεθνάναι
584 646 1131 750 προστάττεται,
1196 652 1315 728 καὶ
1380 652 1507 747 τῆς
1569 649 1872 729 ἀνοσίου
1941 647 2270 751 γλώττης
2333 649 2593 753 πικρὰς

187 773 537 851 ἀποτῖσαι
581 771 799 869 δίκας,
836 777 1028 852 Θεοῦ
1071 772 1411 873 λέγοντος
1467 775 1782 876 ἐναργῶς
1828 782 1871 821 “
1896 768 2332 875 Ἀνθρωπος
2374 772 2453 857 ὃς
2502 772 2593 854 ἂν
2682 786 2804 901 ¹1⁴3
2842 866 2862 901 ι

186 904 232 941 “
270 892 768 998 καταράσηται
832 893 1025 976 Θεὸν
1091 895 1445 999 ἁμαρτίαν
1516 896 1858 1002 λήψεται,
1918 895 2287 999 ὀνομάζων
2360 896 2436 978 δέ
2506 897 2593 980 τὸ
2687 918 2762 968 ¹6-
2805 890 2819 904 ⁶
2871 866 2916 915 ⁵⁹

120 1042 158 1102 5
189 1027 233 1064 “
271 1015 502 1117 ὄνομα
545 1022 815 1122 Κυρίου
866 1020 1362 1101 θανατούσθω·
1433 1019 1664 1104 λίθοις
1707 1019 2422 1120 λιθοβολησάτωσαν
2457 1025 2585 1102 αὐ·

186 1155 236 1192 “
272 1142 404 1226 τὸν
452 1154 660 1227 πᾶσα
696 1148 1090 1252 συναγωγὴ
1138 1148 1472 1251 Ἰσραήλ·
1534 1148 1659 1230 ε’άν
1712 1183 1787 1229 τε
1837 1147 2302 1252 προσήλυτος
2354 1149 2478 1231 ἐάν
2519 1186 2597 1232 τε

191 1281 235 1318 “
272 1271 670 1376 αὐτόχθων,
746 1275 824 1352 ἐν
908 1277 1011 1381 τῷ
1103 1273 1459 1372 ὀνομάσαι
1553 1272 1773 1353 αὐτὸν
1864 1273 1947 1352 τὸ
2022 1272 2250 1372 ὄνομα
2329 1275 2598 1377 Κυρίου

190 1404 236 1442 “
275 1393 749 1476 τελευτάτω.”

306 1522 527 1602 Ἀλλ’
566 1521 746 1608 ἰ’σως
794 1559 901 1609 τις
944 1522 1126 1628 πρὸς
1168 1533 1383 1605 τοῦτο
1438 1523 1661 1630 τυχὸν
1695 1524 2069 1610 ἐνδοιάσας
2123 1525 2271 1625 ἐρεῖ
2307 1525 2411 1604 Τι’
2458 1523 2600 1626 ἄρα

82 1681 161 1721 10
194 1647 432 1753 φησὶν
467 1646 508 1725 5
543 1644 782 1748 νόμος,
817 1649 894 1728 τί
941 1648 1030 1727 δέ
1070 1682 1194 1747 μοι
1248 1647 1590 1743 βούλεται
1649 1645 1766 1726 διὰ
1813 1648 2072 1728 τούτου
2127 1651 2449 1749 δηλοῦν;
2514 1647 2598 1728 τὸ

191 1770 330 1871 μὲν
400 1770 544 1874 γὰρ
616 1770 967 1870 τεθνάναι,
1030 1775 1241 1878 φησὶ,
1311 1769 1442 1852 τὸν
1510 1779 1665 1856 ταῖς
1737 1777 1836 1857 εἷς
1898 1773 2092 1852 Θεὸν
2156 1771 2599 1878 δυσφημίαις

196 1896 467 2001 ἔνοχον,
504 1897 630 1975 οὐκ
676 1893 768 1975 ἀν
823 1895 962 2004 ἔξω
1019 1897 1312 2003 φέροιτο
1367 1904 1494 1976 τοῦ
1551 1894 1839 1994 εἰκότος,
1876 1895 2096 1977 πάθοι
2152 1897 2221 1974 δ’
2279 1895 2370 1975 ἂν
2425 1895 2599 1975 αὐτὸ
2625 1912 2935 1967 a1048A.

196 2024 314 2100 καὶ
370 2019 670 2125 σφόδρα
724 2021 1030 2104 δικαίως.
1108 2018 1310 2101 ἀλλὰ
1358 2022 1436 2100 τί
1479 2020 1742 2120 δήποτε
1801 2018 1934 2101 κάν
1970 2027 2067 2105 εἶς
2122 2020 2246 2100 ἕνα
2300 2053 2406 2102 τις
2455 2025 2600 2097 τῶν

194 2145 689 2249 ψευδωνύμων
724 2144 1077 2252 ἐξυβρίσῃ
1128 2151 1331 2243 θεῶν,
1370 2145 1720 2249 ἁμαρτίας
1757 2146 1885 2225 οὐκ
1923 2149 2239 2249 ἀμοιρεῖ;
2298 2144 2419 2224 ἐὰν
2457 2144 2600 2248 γάρ

86 2305 165 2365 15
195 2302 326 2364 τις,
389 2270 603 2375 φησὶ,
666 2268 1159 2373 καταράσηται
1219 2269 1432 2367 Θεὸν,
1494 2270 1850 2373 ἁμαρτίαν
1924 2269 2262 2377 λήψεται.
2356 2271 2473 2348 καὶ
2530 2269 2607 2348 τί

194 2392 382 2495 πρὸς
435 2391 649 2473 τοῦτό
704 2401 992 2499 φαμεν;
1061 2393 1413 2501 ἀσφαλὴς
1469 2395 1509 2473 5
1570 2394 1980 2493 νομοθέτης·
2059 2392 2143 2474 τὸ
2203 2392 2349 2496 γὰρ
2408 2389 2603 2492 οἶμαι

197 2521 802 2622 διαλοιδορεῖσθαι
854 2524 1097 2625 φιλεῖν
1133 2522 1249 2600 καὶ
1301 2526 1449 2604 τοῖς
1492 2517 1678 2600 κατὰ
1730 2518 1958 2627 φύσιν
2003 2520 2130 2599 οὐκ
2182 2519 2347 2598 οὖσι
2397 2523 2603 2614 θεοῖς,

193 2642 465 2743 μελέτη
505 2675 614 2728 τις
670 2640 919 2746 ὥσπερ
975 2646 1134 2724 ἐστὶ
1192 2647 1308 2724 καὶ
1371 2646 1621 2745 τρίβος
1677 2641 1861 2747 πρὸς
1921 2642 2054 2743 τὴν
2107 2645 2219 2724 ἐπὶ
2272 2649 2377 2750 τῷ
2422 2639 2605 2722 κατὰ

196 2766 437 2872 φύσιν
490 2772 659 2875 Θεῷ
713 2769 1259 2869 γλωσσαλγίαν
1313 2769 1501 2867 ἡμᾶς
1554 2766 2131 2871 παροτρύνουσα.
2222 2765 2341 2844 διὰ
2395 2774 2606 2845 τοῦτο

86 2925 165 2964 20
196 2894 319 2970 καὶ
357 2892 445 2969 δι’
486 2891 744 2995 ἑτέρων
777 2889 949 2972 αὐτὸ
986 2891 1215 2972 πάλιν
1251 2893 1572 2995 ἀπείργει
1620 2891 1859 2992 λέγων
1901 2900 1945 2938 “
1975 2889 2203 2973 Θεοῦς
2248 2891 2333 2969 οὗ
2381 2924 2596 2969 κακο-
2694 2905 2895 3019 2¹5>de

198 3026 243 3063 ‘⁴
279 3014 698 3116 λογήσεις.”
765 3013 943 3124 ᾤετο
986 3015 1129 3120 γὰρ
1186 3020 1332 3096 δεῖν
1385 3014 1471 3097 τὸ
1523 3020 1652 3115 τῆς
1707 3015 2041 3115 θεότητος
2089 3014 2337 3112 ὄνομα,
2377 3016 2492 3092 καὶ
2548 3018 2608 3092 εὶ
2695 2986 2860 3021 mm
2901 3009 2913 3022 ’

197 3139 465 3246 ψευδὲς
519 3136 903 3246 ἐνυπάρχοι
975 3144 1145 3238 τισὶ,
1203 3148 1359 3226 ταῖς
1424 3141 1618 3246 αὐτῷ
1674 3137 2120 3243 πρεπούσαις
2176 3138 2604 3239 καταγεραί-

198 3269 466 3367 ρεσθαι
526 3263 790 3370 δόξαις.
866 3267 983 3344 καὶ
1044 3261 1205 3370 οὐχὶ
1261 3265 1550 3349 πάντως
1604 3263 1791 3363 ἡμᾶς
1841 3270 1990 3347 τοῖς
2036 3262 2609 3362 πεπλανημένοις
2631 3283 2674 3348 b

200 3392 392 3472 θεοῖς
439 3389 816 3485 ἀπονέμειν
850 3386 1014 3469 τινὰ
1057 3387 1270 3488 τιμὴν
1307 3391 1348 3468 5
1399 3389 1614 3488 νόμος
1662 3387 2183 3486 διεκελεύσατο,
2221 3386 2494 3468 σεπτὸν
2530 3386 2609 3466 δὲ

89 3547 169 3608 25
199 3513 539 3615 ἡγεῖσθαι
594 3510 913 3592 διδάσκει
969 3512 1054 3591 τὸ
1096 3516 1223 3612 τῆς
1270 3512 1604 3612 θεότητος
1653 3511 1880 3612 ὄνομα
1937 3514 2052 3592 καὶ
2110 3517 2169 3592 εἶ
2228 3511 2610 3591 κλέπτοιτο

196 3634 402 3739 παρά
435 3668 670 3716 τινων.

314 3756 577 3857 Νόμου
634 3768 1017 3863 τοιγαροῦν
1081 3760 1370 3867 θανάτῳ
1431 3766 1778 3859 τιμᾶσθαι
1843 3759 2427 3863 προστάττοντος
2482 3759 2609 3838 τὸν

200 3882 703 3965 ὖποπίπτοντά
756 3919 911 3970 πως
965 3891 1114 3969 τοῖς
1170 3887 1248 3964 ἐκ
1305 3885 1722 3991 δυσφημίας
1778 3882 2259 3984 ἐγκλήμασιν,
2318 3885 2600 3963 ὑποκεῖ-

197 4014 380 4089 σθαι
436 4013 529 4113 τῇ
587 4007 745 4114 δίκῃ
796 4010 989 4115 φασὶ
1038 4007 1164 4087 τὸν
1214 4008 1507 4110 Κύριον·
1572 4006 1696 4087 υἱὸν
1744 4004 1886 4109 γάρ
1923 4015 2113 4114 φησι
2164 4010 2337 4088 Θεοῦ
2388 4009 2612 4090 ἑαυτὸν

96 4177 172 4233 30
198 4134 488 4228 ἐποίησε.
566 4132 708 4237 χρὴ
758 4130 834 4211 δὲ
877 4131 1064 4231 ἡμᾶς
1113 4134 1643 4229 διαμεμνῆσθαι
1690 4127 1942 4228 πάλιν,
1982 4137 2117 4211 ποῖ
2158 4128 2245 4229 δὴ
2293 4133 2410 4210 καὶ
2456 4139 2612 4216 πῶς

195 4256 283 4337 τὸ
318 4264 603 4338 τοιοῦτο
653 4255 922 4360 εἴρηται
973 4254 1174 4360 παρὰ
1209 4260 1566 4359 Χριστοῦ.
1649 4256 1903 4335 οὐκοῦν
1942 4256 2055 4335 ἐπὶ
2090 4260 2182 4359 τῇ
2231 4254 2607 4355 κολυμβή-

253 4556 358 4630 ,¹3⁸
397 4537 501 4665 effi
527 4537 579 4592 εἷ
600 4537 670 4592 E.
1016 4555 1098 4603 14.
1136 4536 1268 4592 θεῶν
1292 4536 1361 4626 E:
1385 4536 1504 4590 θεὸν
1531 4536 1633 4592 Ed.
1981 4551 2068 4589 22.
2105 4535 2384 4606 ἐνυπάρχοι
2411 4531 2475 4587 Ε.
2501 4531 2613 4586 ἐνυ-

197 4633 387 4683 παρχει
504 4649 520 4666 .
813 4622 900 4676 23.
939 4606 1093 4677 δόξης
1117 4606 1182 4662 E.
1289 4628 1482 4664 παντας
1508 4607 1574 4664 E.
1861 4621 1945 4678 27.
1983 4608 2136 4675 νόμος
2162 4605 2226 4659 Ε.

1354 4709 1400 4753 K
1434 4708 1472 4758 2
