3269 5166
412 355 779 418 CONTRA
823 354 1411 418 THEODORUM
1459 354 1736 418 EPISC.
1789 353 2055 418 MOPS.
2110 356 2283 418 LIB.
2335 355 2430 418 ΙΙ.
2523 356 2650 418 533

1253 569 1615 635 Tunonom.

324 699 487 777 Quis
530 711 623 765 eet
666 701 876 782 igitur
904 702 1018 781 qui
1047 700 1116 763 in
1144 700 1356 764 orbem
1398 711 1726 764 terranem
1767 701 2231 778 introducitur,
2264 711 2325 763 et
2354 700 2653 763 domina-

229 805 466 868 tionem
510 804 644 887 ejus
687 805 941 884 incipit,
983 804 1062 866 de
1104 824 1231 884 qua
1276 805 1338 867 ei
1381 815 1441 867 et
1486 805 1768 868 adorari
1811 804 1896 867 ab
1941 804 2192 888 anyelis
2233 804 2601 887 acquiritur
2620 801 2657 865 ,Ρ

230 908 373 972 Nee
399 907 570 971 enim
597 907 929 971 insaniens
957 905 1199 991 aliquis
1228 905 1430 985 dicat,
1461 908 1672 972 Deum
1715 908 1988 971 Verbum
2027 927 2154 971 esse
2193 908 2653 980 introductum,

165 1033 200 1093 5
229 1012 348 1096 qui
390 1012 614 1074 omnia
642 1031 770 1076 non
798 1012 1096 1074 extantia
1121 1011 1311 1094 feeit,
1340 1011 1668 1095 ineffabili
1701 1010 1833 1093 ejus
1877 1011 2112 1074 virtute
2152 1011 2405 1074 donans
2448 1009 2539 1073 eis
2580 1020 2654 1073 ut

228 1125 453 1179 8888118.

1148 1231 1389 1295 SANcn
1436 1231 1732 1297 Crmnm.

322 1358 648 1422 Insaniam
694 1358 898 1443 igitur
933 1381 1065 1423 esse
1095 1359 1252 1423 dieis
1280 1360 1441 1424 velle
1481 1382 1697 1443 sapere
1733 1365 1924 1436 reete,
1955 1364 2021 1423 et
2059 1359 2126 1422 in
2171 1364 2385 1423 mente
2426 1360 2653 1423 habere

233 1484 449 1526 veram
470 1468 537 1526 et
554 1468 786 1526 rectam
813 1469 879 1526 et
907 1463 1400 1527 inadulteratam
1432 1462 1623 1526 fidem
1644 1463 1674 1525 ‘t'
1720 1485 1865 1528 cum
1896 1469 2064 1526 certe
2092 1462 2309 1545 plenos
2338 1483 2653 1525 sermones

138 1575 210 1615 ¹0
234 1566 515 1630 insaniae
551 1565 722 1629 dieat
759 1564 989 1649 aliquis
1029 1588 1160 1629 esse
1196 1573 1261 1630 et
1290 1566 1472 1630 valde
1510 1565 1754 1644 merito,
1787 1587 1891 1629 eos
1927 1566 2035 1650 qui
2071 1565 2497 1650 Unigenitum
2529 1563 2649 1627 Dei

234 1669 521 1734 Verbum
562 1669 889 1752 abnegant
928 1669 1363 1733 introductum
1406 1692 1536 1733 esse
1565 1692 1605 1732 a
1638 1669 1770 1733 Deo
1801 1674 1867 1733 et
1895 1669 2083 1733 Patre
2113 1670 2180 1732 in
2211 1669 2425 1733 orbem
2452 1674 2649 1732 terra-

235 1795 379 1836 rum
409 1795 553 1837 eum
585 1772 790 1836 faetus
818 1777 917 1836 est
942 1771 1153 1838 home.
1245 1773 1375 1837 Qui
1407 1773 1577 1837 enim
1623 1774 1969 1837 seeundum
2014 1778 2304 1836 naturam
2344 1780 2410 1836 et
2437 1771 2649 1835 differ-

236 1877 477 1941 entiam
527 1876 668 1939 aliis
714 1876 1006 1939 omnibus
1066 1877 1348 1959 superior
1397 1881 1515 1955 est,
1563 1876 1862 1961 quoniam
1910 1880 2007 1940 est
2050 1882 2288 1940 creator
2330 1898 2546 1940 eorum
2587 1881 2654 1939 et

236 1985 496 2044 tantum
541 1978 631 2042 eis
675 1978 1182 2043 substantialiter
1225 1980 1507 2063 superior
1549 1985 1669 2058 est,
1710 1979 2139 2064 superpositus
2179 1984 2297 2057 est,
2344 1984 2654 2064 quantum

142 2105 209 2162 15
239 2091 337 2147 est
367 2082 576 2146 minor
605 2082 850 2146 factura
880 2081 1139 2160 faetore,
1171 2082 1492 2166 ingressus
1535 2089 1633 2148 est
1678 2084 1745 2147 in
1790 2084 2008 2148 orbem
2051 2090 2360 2147 terrarum
2406 2083 2656 2166 quando

239 2185 591 2271 appellatus
621 2192 715 2249 est
743 2208 888 2269 pars
918 2186 1069 2270 ejuS,
1103 2187 1447 2250 seeundum
1476 2188 1644 2271 quod
1673 2186 1864 2251 homo
1893 2186 2205 2270 apparuit.

326 2290 423 2353 ΕΤ
465 2309 616 2353 Pos'r
660 2308 888 2352 PAUCA.
998 2288 1204 2353 Miror
1245 2312 1395 2354 vero
1440 2290 1868 2354 adversarium
1914 2291 2231 2374 scripsisse
2277 2289 2444 2373 quod
2492 2309 2658 2351 nun-

239 2414 430 2477 quam
486 2391 987 2477 conjunctionem
1045 2393 1126 2456 ad
1178 2392 1386 2457 Deum
1435 2393 1719 2457 Verbum
1781 2391 2109 2458 meruisset
2168 2397 2234 2455 et
2266 2392 2472 2468 Jesus,
2534 2389 2661 2453 nisi

238 2497 417 2580 prius
444 2496 885 2560 immaculatus
913 2502 1077 2559 esset
1105 2496 1365 2560 effeetus
1392 2519 1503 2580 per
1534 2496 1919 2561 unctionem.
2010 2496 2185 2559 Nam
2229 2493 2484 2579 quidem
2529 2492 2660 2577 pri-

140 2624 215 2662 20
241 2622 418 2663 mum
478 2599 792 2684 disjungit
848 2599 1177 2665 manifeste
1234 2607 1301 2663 et
1356 2600 1677 2678 discernit,
1724 2606 1937 2685 aperte
1992 2600 2148 2665 duos
2199 2599 2414 2663 dicens
2475 2598 2658 2662 filios.

242 2703 490 2767 Deinde
518 2702 709 2781 dieat,
739 2705 989 2787 quando
1019 2704 1182 2767 sieut
1210 2703 1305 2767 ait
1336 2702 1780 2768 immaculatus
1810 2704 2067 2768 effeetus
2096 2707 2211 2779 est,
2245 2708 2311 2767 et
2339 2701 2418 2766 ad
2452 2702 2662 2767 Deum

241 2807 525 2871 Verbum
574 2808 1077 2891 conjunctionem
1123 2807 1377 2885 meruit,
1408 2799 1622 2870 utrum
1667 2830 1745 2870 ex
1789 2807 1925 2891 ipso
1970 2814 2166 2883 utere,
2199 2812 2312 2869 aut
2355 2828 2499 2869 eum
2543 2805 2662 2870 tri-

243 2913 472 2976 cesimo
530 2934 696 2975 anno
754 2917 936 2989 esset,
981 2911 1274 2993 pervenit
1321 2911 1575 2995 quidem
1621 2912 1703 2975 ad
1749 2911 1791 2973 J
1795 2913 2108 2988 ordanem,
2159 2910 2469 2994 quaesivit
2515 2930 2661 2973 vero

242 3014 436 3079 etiam
469 3013 772 3078 Iohannis
799 3014 1206 3098 baptismum.
1302 3015 1371 3078 Si
1403 3014 1660 3097 quidem
1689 3037 1767 3078 ex
1784 3019 1975 3078 utero
2008 3020 2262 3078 sanetus
2292 3017 2472 3090 esset,
2506 3033 2659 3095 quo-

142 3136 217 3193 25
244 3117 431 3182 modo
490 3116 648 3180 dicit
696 3124 986 3180 sanetum
1045 3118 1205 3180 effici
1258 3140 1403 3180 eum
1456 3124 1522 3181 et
1574 3140 1702 3181 non
1755 3115 1963 3200 magis
2015 3118 2196 3180 esse?
2258 3114 2446 3179 Quod
2492 3114 2661 3178 enim

243 3221 481 3285 dieitur
536 3219 686 3297 fieri,
733 3220 990 3284 omnino
1050 3242 1294 3284 neeesse
1354 3225 1450 3284 est
1508 3220 1865 3305 intelligere
1917 3218 2084 3305 quod
2137 3242 2263 3283 non
2313 3223 2448 3282 erat
2494 3218 2662 3302 quod

244 3323 486 3388 factum
521 3328 635 3387 est.
729 3322 844 3385 Sin
879 3328 1091 3386 autem
1134 3327 1272 3386 erat
1302 3329 1554 3387 sanetus
1585 3346 1851 3407 semper,
1883 3329 1946 3386 et
1977 3322 2094 3385 hoe
2124 3343 2250 3384 non
2279 3320 2350 3384 in
2380 3326 2662 3406 tempore

244 3426 452 3491 faetus
485 3432 598 3504 est,
631 3425 940 3510 quomodo
970 3425 1125 3490 dicit
1159 3425 1466 3510 Spiritum
1511 3448 1696 3509 super
1726 3448 1872 3489 eum
1901 3424 2242 3503 devolasse,
2274 3431 2339 3488 et
2367 3425 2661 3509 conjunc-

242 3532 415 3595 tione
455 3528 724 3614 dignum
762 3531 968 3613 ipsum
1001 3531 1485 3607 demonstrasse,
1518 3537 1583 3593 et
1613 3529 1926 3594 addidisse
1955 3529 2012 3593 ei
2043 3529 2211 3613 quod
2241 3528 2505 3593 deerat?
2573 3529 2663 3592 Et

142 3655 221 3712 30
246 3635 365 3698 hoe
410 3633 579 3698 enim
619 3633 687 3696 in
716 3632 857 3697 aliis
893 3633 1022 3697 suis
1052 3633 1262 3716 posuit
1291 3633 1487 3699 libris.
1581 3632 1755 3697 Quid
1799 3633 1966 3697 enim
2012 3639 2165 3709 erat,
2199 3633 2364 3716 quod
2406 3631 2663 3696 omuino

246 3738 327 3802 ad
379 3737 939 3802 sanctificationem
988 3738 1200 3800 deerat
1258 3737 1318 3801 ei
1369 3759 1448 3800 ex
1500 3737 1637 3820 ipso
1698 3742 1896 3813 uter0,
1947 3736 2154 3819 magis
2204 3758 2349 3800 vero
2401 3741 2467 3798 et
2514 3740 2662 3798 ante

246 3841 591 3906 secundum
620 3863 869 3904 earnem
910 3840 1317 3905 nativitatem
1347 3846 1563 3904 saneto
1594 3845 1659 3904 et
1690 3839 2093 3903 immaculato
2140 3847 2206 3902 et
2243 3838 2664 3902 sanctificanti

244 3946 650 4011 ereaturam?
740 3944 904 4007 Cum
952 3943 1157 4027 igitur
1202 3943 1393 4022 dieat,
1441 3945 1608 4027 quod
1662 3965 1785 4006 non
1832 3936 2052 4027 utiq‘ue
2097 3943 2428 4006 meruisset
2476 3941 2518 4003 J
2522 3963 2664 4006 esus

325 4122 373 4157 1.
411 4102 681 4157 Theodori
709 4102 1152 4169 Surius‚favente
1173 4109 1224 4155 et
1251 4102 1323 4167 D,
1347 4101 1665 4156 Theodorus
1694 4100 1796 4156 Ed.
2077 4118 2130 4172 3.
2171 4100 2360 4169 accipit
2390 4100 2460 4153 D.
2567 4100 2665 4153 ad·

285 4174 480 4228 nititur
508 4173 578 4227 D.
798 4187 849 4241 5.
888 4171 1309 4245 qui-extantia]
1339 4175 1593 4244 quoniam
1619 4173 1849 4226 essentia
1874 4171 1948 4227 D.
2185 4186 2233 4242 7.
2269 4172 2351 4225 Ita
2379 4170 2448 4223 D.
2477 4170 2664 4241 Cyrilli

294 4245 465 4307 urius,
493 4243 727 4315 (tyrillus
756 4242 856 4297 Ed.
1044 4260 1127 4308 14.
1151 4252 1232 4296 est
1250 4242 1426 4313 μήπω]
1454 4253 1507 4296 et
1535 4243 1605 4306 D,
1634 4242 1844 4297 Sarius.
2065 4241 2148 4297 16.
2185 4241 2322 4311 ejus]
2356 4246 2415 4304 -Ι-
2444 4257 2560 4295 esse
2586 4239 2661 4296 D.

249 4315 463 4386 aparuit
487 4314 560 4368 D.
959 4314 1040 4367 18.
1079 4313 1480 4367 coniuntionem
1508 4314 1580 4367 D.
1684 4323 1738 4366 et
1761 4331 1857 4367 om.
1886 4313 1956 4379 D,
1984 4319 2020 4343 “
2040 4322 2242 4367 veteres
2268 4311 2389 4366 libri
2406 4311 2442 4335 '⁹
2473 4310 2659 4364 Baluz.

258 4401 340 4456 19.
380 4386 615 4455 primum
641 4383 857 4456 quidem
880 4385 1083 4438 inverso
1107 4383 1289 4436 ordine
1316 4384 1385 4447 D,
1413 4389 1449 4413 “
1470 4396 1670 4437 veteres
1696 4383 1815 4437 libri
1835 4384 1866 4407 ''
1898 4383 2084 4437 Baluz.
2316 4398 2399 4434 22.
2436 4381 2660 4434 coniun-

253 4457 452 4509 tionem
484 4456 553 4509 D.
653 4466 831 4508 utrum
859 4472 957 4507 om.
992 4454 1058 4507 D.
1294 4470 1378 4520 24.
1421 4452 1676 4507 Iohannis
1708 4455 1775 4516 D,
1804 4453 2015 4518 Sui-ius»,
2040 4453 2267 4507 Joannia
2297 4452 2394 4505 Ed.
2467 4450 2662 4504 Statim

254 4526 520 4596 baptisma
550 4526 619 4578 D.
816 4542 898 4591 ²5·
937 4524 1073 4578 effici
1099 4524 1245 4593 eum]
1274 4524 1563 4579 efficiemur
1591 4524 1662 4578 D.
1857 4524 1939 4577 26.
1979 4523 2221 4592 omnino]
2249 4519 2558 4575 omnimodo
2589 4521 2658 4576 D.

260 4613 343 4665 27.
383 4608 435 4651 et
462 4614 558 4649 om.
592 4595 662 4651 D.
951 4611 1034 4665 29.
1075 4606 1125 4647 et
1152 4596 1247 4647 alt.
1275 4613 1371 4649 om.
1404 4596 1471 4650 D.
1758 4610 1844 4661 31.
1883 4593 1954 4664 ei]
1985 4604 2034 4646 et
2066 4595 2133 4646 D.
