3269 5166
832 361 1196 428 CONTRA
1257 359 1958 428 SYNOUSIAS'PAS.
2456 364 2578 427 481

188 534 237 572 “
271 524 429 608 τίας
483 525 612 604 οὐκ
664 524 1097 624 ηὖδὸκησας,
1131 530 1351 625 σῶμα
1401 523 1479 604 δὲ
1515 525 1928 626 κατηρτίσω
1969 552 2113 624 μοι·
2169 522 2333 606 τότε
2388 523 2588 606 εἷπον

187 657 236 694 “
270 644 549 727 Ἰδοῦ”
496 674 671 747 ηκω·
730 649 808 726 ἐν
843 649 1179 756 κεφαλίδι
1224 646 1525 744 βιβλίου
1559 648 1962 751 γέγραπται
1994 683 2158 753 περι
2194 651 2396 747 ἐμοῦ·
2459 657 2588 729 τοῦ

184 775 571 871 “ποιῆσαι
626 772 667 851 5
731 769 917 854 Θεὸς
969 769 1057 850 τὸ
1116 769 1399 870 θέλημά
1454 804 1595 850 σου
1661 770 2133 872 {Bowbssquf
2199 774 2451 854 οὐκοῦν
2515 776 2589 853 αἱ

184 894 439 974 θυσίαι
470 893 601 993 μὲν
634 891 830 993 ἦσαν
867 900 939 973 αἱ
985 892 1171 974 κατά
1215 928 1301 997 γε
1352 896 1540 999 φημὶ
1581 893 1712 974 τὸν
1750 893 2127 980 Μωύσεως
2165 896 2384 996 νόμον
2419 899 2582 976 ἀνε-

120 1039 157 1099 5
184 1015 483 1117 θέλητοι
526 1015 659 1115 μὲν
695 1020 800 1125 τῷ
836 1021 1096 1121 Πατρῖ,
1126 1016 1369 1121 αἱρετὴ
1419 1017 1495 1096 δὲ
1546 1024 1838 1116 μᾶλλον
1872 1019 1919 1118 ἦ
1955 1027 2082 1098 τοῦ
2115 1016 2363 1120 Λόγου
2396 1018 2588 1121 σάρ-

186 1175 417 1225 κωσις
471 1140 697 1243 ἤγουν
751 1141 1308 1243 ἐνανθρῶπησις,
1348 1139 1473 1221 ἅτε
1527 1140 1619 1239 δὴ
1674 1140 1808 1241 τὴν
1844 1140 1961 1220 διὰ
2014 1143 2327 1228 πίστεως
2381 1143 2595 1248 χάριν

185 1263 700 1367 εἶσκομίζουσα
739 1272 885 1349 τοῖς
912 1266 1027 1346 ὑπ’
1059 1263 1381 1367 οὐρανὸν,
1409 1266 1955 1369 φιλανθρωπίας·
1988 1299 2066 1346 τε
2105 1272 2223 1345 καὶ
2249 1266 2596 1367 ἡμερότη-

188 1423 320 1474 τος
360 1393 790 1492 θεοπρεποῦς
846 1391 964 1468 καὶ
1018 1388 1608 1488 τεθαυμασμένην
1644 1388 2065 1489 ποιουμένης
2099 1388 2233 1488 τὴν
2268 1388 2588 1495 ἔνδειξιν.

188 1519 405 1592 ποῖον
439 1509 528 1593 ἂν
561 1511 712 1617 ἔχοι
744 1510 970 1614 λόγον
1005 1510 1090 1591 τὸ
1129 1511 1351 1619 φάναι
1406 1518 1689 1611 τολμᾶν
1738 1515 1835 1597 ὡς
1890 1511 2314 1613 ἀπόβλητον
2347 1511 2591 1614 ἐποιή-

89 1669 166 1711 ιο
191 1669 409 1732 σατο,
445 1633 769 1737 καθάπερ
817 1636 1004 1742 ἔφην
1037 1636 1317 1739 ἀρτίως,
1353 1633 1486 1735 τὴν
1522 1637 1709 1716 οὕτω
1759 1631 2040 1734 σεπτὴν
2077 1638 2193 1715 καὶ
2240 1634 2599 1738 σωτήρων

190 1760 624 1857 οἰκονομίαν,
663 1757 858 1860 εἴπερ
899 1760 1101 1838 ἐστὶν
1136 1755 1401 1858 ἀληθὲς
1454 1760 1551 1843 ὦς
1605 1761 1908 1839 ἀπέθετο
1961 1767 2093 1839 τοῦ
2149 1756 2325 1839 εἶναι
2379 1758 2601 1866 σὰρξ,

187 1880 635 1983 μεταβαλὼν
671 1880 889 1981 αὐτὴν
925 1887 1022 1966 εἶς
1059 1880 1290 1986 φύσιν
1327 1881 1680 1983 θεότητος,
1717 1883 1944 1963 καίτοι
1984 1881 2352 1989 γέγραφεν
2388 1886 2592 1987 ἐναρ·

190 2012 350 2106 γῶς
405 2007 446 2085 5
501 1993 884 2110 πάνσοφος
944 2010 1243 2089 Παῦλος
1298 2009 1462 2110 περὶ
1524 2014 1654 2086 τοῦ
1718 2007 1925 2108 ἁγίου
1991 2006 2330 2105 σώματος
2386 2008 2602 2086 αὐτοῦ

196 2139 245 2177 ‘5
279 2130 372 2208 »E
501 2124 535 2161 t
670 2127 693 2156 x
889 2128 912 2155 t
1302 2130 1321 2155 ι
1375 2128 1400 2155 x
1580 2129 1600 2157 l
1957 2137 1988 2153 n
2444 2130 2467 2156 t
2786 2151 2800 2165 ,

374 2163 416 2207 ν
478 2163 538 2235 ῳ
603 2161 748 2230 γαρ
811 2135 1167 2210 πεπονθεν
1238 2163 1449 2213 αυτος
1513 2134 1807 2210 δυναται
1869 2163 2019 2213 τοις
2082 2129 2602 2233 πειραζομενοις
2626 2152 2763 2203 Heb.
2784 2151 2840 2201 11.
2860 2151 2938 2202 ιε.

94 2289 167 2349 15
197 2262 246 2299 ‘⁶
278 2252 718 2352 βοηθῆσαι.”
778 2256 836 2331 εἶ
874 2251 951 2332 δὲ
987 2249 1070 2331 τὸ
1119 2254 1196 2330 ἐν
1232 2248 1292 2359 ᾦ
1339 2251 1694 2333 πέπονθεν
1727 2251 2229 2355 ἀναιρήσομεν,
2266 2254 2605 2358 συνοιχή-

194 2408 409 2455 σεται
448 2372 735 2458 πάντως
769 2375 964 2482 αὐτῷ
1013 2378 1128 2455 καὶ
1162 2379 1289 2473 τῆς
1323 2376 1653 2475 δοθείσης
1689 2376 1857 2474 ἡμῖν
1907 2377 2305 2478 ἐπικουρίας
2353 2378 2393 2456 5
2440 2377 2605 2479 τρό-

192 2525 365 2581 πος·
427 2494 513 2578 τὸ
578 2495 722 2600 γὰρ
776 2496 1178 2606 μεταφύναι
1232 2496 1363 2598 τὴν
1410 2495 1656 2602 σάρκα
1708 2499 1947 2600 λέγειν
1997 2504 2094 2585 εἷς
2147 2499 2403 2580 οὐσίαν
2450 2498 2606 2580 θεό-

195 2654 436 2721 τητος,
475 2621 953 2723 ἀναιρούντων
985 2622 1188 2702 ἔστιν
1238 2624 1456 2721 αὐτῆς
1500 2621 1586 2702 τὸ
1634 2619 1809 2703 εἶναι
1866 2624 1907 2703 ὅ
1965 2627 2188 2722 ἐστιν,
2227 2624 2311 2704 οὗ
2358 2659 2598 2726 παρα·

197 2745 579 2849 δεχθέντος
610 2752 707 2830 εἶς
734 2744 1096 2845 ἀλήθειαν,
1125 2748 1285 2826 οὔτε
1313 2745 1518 2853 σὰρξ
1539 2746 1644 2827 ἔτι
1680 2749 1887 2827 νοοΐτ’
1920 2743 2010 2826 ἀν
2045 2745 2093 2848 ἢ
2128 2749 2435 2849 λέγοιτο,
2458 2750 2608 2829 ἐπεὶ

97 2903 173 2944 20
197 2871 280 2949 τί
324 2868 412 2949 τὸ
466 2873 711 2974 χρῆμα
764 2873 891 2968 τῆς
951 2873 1382 2970 μεταβολῆς,
1434 2877 1492 2949 εἰ
1546 2871 1933 2970 μεμένηκεν
1986 2870 2164 2974 ὅπερ
2218 2870 2355 2970 ἦν,
2435 2874 2609 2952 ποία

196 2995 443 3074 τοίνυν
479 2990 728 3092 ὄνησις
762 2999 910 3076 τοῖς
954 2993 1313 3095 ἡμετέροις
1364 3028 1727 3094 σωμασιν,
1763 2992 1811 3096 ἢ
1867 2995 2013 3075 ἀπό
2059 3029 2142 3096 γε
2196 3003 2324 3074 τοῦ
2383 3027 2601 3092 μετα-

195 3122 427 3222 σχεῖν
451 3120 579 3215 τῆς
614 3121 966 3216 μυστικῆς
1017 3120 1135 3197 καὶ
1171 3119 1380 3220 ἁγίας
1417 3118 1917 3267 Boepoqssoplac'·
1897 3179 1920 3215 ,
1983 3116 2030 3218 ἢ
2070 3119 2146 3197 τί
2172 3116 2257 3196 τὸ
2294 3119 2612 3201 ἐντεῦθεν

193 3239 616 3345 χρήσιμον;
674 3275 733 3320 ει
770 3273 914 3343 γαρ
951 3240 1478 3339 μεταπλάττειν
1512 3240 1772 3340 ἤθελεν
1806 3239 2026 3340 αὐτὴν
2064 3246 2162 3324 εἷς
2195 3240 2329 3339 τὴν
2362 3241 2613 3319 ἑαυτοῦ

195 3365 438 3469 φύσιν
476 3365 518 3441 5
557 3365 837 3448 ενωθεις
873 3365 1054 3469 αὐτῇ
1083 3362 1346 3466 Λόγος,
1374 3366 1536 3444 ἀνθ’
1578 3364 1749 3445 ὅτου
1778 3362 1960 3466 πρὸς
1998 3365 2183 3464 ἡμᾶς
2218 3365 2613 3468 εὑρίσκεται

94 3510 169 3569 ²5
197 3485 452 3588 λέγων
492 3496 536 3534 “
571 3487 772 3587 Ἐγω
802 3490 944 3585 εἶμι
979 3488 1020 3566 5
1063 3521 1279 3589 αρτος
1313 3493 1441 3587 τῆς
1477 3487 1727 3591 ζωῆς
1695 3523 1736 3567 ο
1771 3490 1848 3567 ἐκ
1885 3496 2015 3567 τοῦ
2048 3489 2348 3589 ουρανοῦ
2384 3521 2603 3566 κατα-
2635 3507 2687 3554 Β.
2706 3503 2859 3554 Joan.
2880 3505 2944 3553 vi.

198 3622 251 3659 ‘⁴
288 3609 432 3705 βὰς
490 3645 607 3689 και
655 3608 839 3713 ζωὴν
888 3608 1125 3695 διδοὺς
1184 3612 1287 3719 τῷ
1344 3610 1622 3719 κόσμῳ,
1659 3614 1775 3690 καὶ
1831 3611 1871 3689 5
1932 3611 2147 3714 ἄρτος
2204 3609 2366 3690 δὲ
2334 3645 2417 3690 ον
2471 3608 2613 3710 ἐγὼ
2636 3570 2723 3686 ‘1⁴31
2737 3584 2818 3697 ἐξ.

202 3745 253 3782 “
287 3734 510 3814 δώσω
576 3735 623 3834 ἦ
689 3733 895 3840 σάρξ
953 3768 1093 3832 μου
1157 3737 1357 3815 ἐστὶν
1414 3732 1505 3834 ἢν
1567 3732 1710 3837 ε’γω
1774 3733 1992 3813 δώσω
2057 3734 2231 3836 ὑπερ
2296 3738 2424 3831 τῆς
2487 3741 2617 3813 τοῦ

353 3858 373 3886 Ι

198 3871 252 3908 ς(
744 3862 777 3881 Α
840 3860 880 3885 '⁸
1029 3861 1054 3891 x
1194 3856 1216 3883 t
1476 3860 1494 3884 e
1752 3858 1775 3887 1
2247 3857 2267 3884 x
2459 3855 2480 3882 e

288 3892 576 3958 κοσμου
637 3856 841 3960 ζωης,
939 3894 1056 3938 και
1110 3868 1338 3939 παλιν
1399 3871 1443 3907 “
1501 3863 1574 3938 Ο
1631 3893 1931 3960 τρωγων
1984 3892 2125 3957 μου
2191 3893 2320 3957 την
2375 3891 2617 3961 σαρκα
2642 3881 2719 3929 Ib.
2740 3880 2819 3943 56-

199 3995 252 4032 “
285 3988 403 4063 καὶ
466 3982 696 4063 πίνων
759 4015 901 4081 μου
966 3980 1052 4063 τὸ
1116 3980 1296 4080 αἷμα
1357 3983 1433 4061 ἐν
1495 3984 1650 4079 ἐμοὶ
1714 3982 1905 4080 με’νει
1972 3979 2173 4083 κάγὼ
2232 3984 2306 4060 ἐν
2363 3978 2614 4089 αὖτῷ.”

93 4151 173 4208 30
199 4109 464 4189 οὐκοῦν
496 4111 558 4187 εἰ
594 4107 1209 4209 μεταπεφοίτήκεν
1244 4105 1289 4202 ἦ
1338 4104 1545 4212 σὰρξ
1586 4110 1686 4188 εἷς
1731 4102 1907 4206 ὅπερ
1944 4105 2071 4183 οὐκ
2117 4102 2227 4203 ἦν,
2262 4111 2406 4187 τοῖς
2446 4103 2622 4206 ὑπὲρ

281 4340 331 4378 1.
368 4322 555 4390 ‘feodum
558 4342 660 4377 σας
682 4320 739 4374 b.
992 4340 1042 4386 4.
1082 4319 1337 4376 Μωυσέος
1359 4319 1417 4375 b.
1668 4319 1720 4376 6.
1756 4317 1941 4392 ἤγουν]
1974 4325 2034 4384 -Ι-
2063 4318 2093 4388 ἦ
2117 4319 2173 4374 b.
2425 4334 2474 4390 7.
2514 4323 2624 4376 τοῖς

202 4392 505 4448 emendavi.
530 4392 745 4447 favente
769 4397 822 4444 et
842 4389 973 4445 Maii
996 4389 1256 4446 versione.
1281 4390 1443 4473 τῆς-(ἰ)
1467 4390 1522 4445 b.
1525 4407 1572 4445 c.
1786 4409 1838 4459 9.
1865 4391 1974 4462 ἔχει
1999 4408 2047 4445 c.
2266 4406 2348 4445 10.
2374 4390 2622 4460 ἁμαρτίας

205 4464 332 4533 (sic)
358 4482 459 4534 pro
482 4462 675 4533 ἀρτίως
698 4478 748 4517 c·
1051 4478 1133 4516 11.
1168 4460 1387 4532 ἀληθὲδ]
1412 4479 1519 4517 mc.
1543 4460 1580 4517 b
1603 4461 1810 4516 sol.10.
2085 4476 2169 4531 13
2202 4460 2502 4516 ἀπόστολος
2527 4478 2624 4528 pro

203 4537 493 4603 πόνσοφος
516 4552 567 4588 c.
816 4545 899 4602 15.
935 4532 999 4586 ἃν
1022 4550 1119 4602 pro
1143 4532 1190 4585 εἷ
1213 4533 1324 4585 δέο
1557 4531 1906 4621 συνηχῆσεται
1934 4530 2057 4603 (sic)
2086 4531 2140 4585 b.
2353 4548 2430 4601 19.
2468 4529 2620 4583 νοοῖτ“

208 4603 298 4676 ἂν]
324 4607 440 4659 νοοῖ
462 4626 544 4659 τις
565 4602 630 4657 ὃν
655 4620 703 4658 c.
899 4618 983 4672 23.
1020 4600 1306 4673 χρήσιμον]
1334 4603 1509 4672 χρῆμα
1533 4625 1616 4656 και
1641 4603 1902 4673 χρῆσιμον
1926 4620 1974 4656 c.
2168 4599 2251 4653 26.
2291 4601 2346 4653 δε
2371 4617 2479 4654 om.
2504 4616 2552 4653 c.
