3269 5166
249 344 357 386 xv.
383 342 469 402 42
494 346 629 409 sqq.
720 325 826 389 IN
876 325 1008 389 ΕΡ.
1052 324 1111 390 Ι.
1164 324 1292 390 AD
1341 324 1931 391 CORINTHIOS.
2009 309 2184 389 LIB.
2218 324 2380 388 VII.
2513 324 2644 389 311

249 484 340 585 δὴ
377 484 547 565 λίαν
577 490 694 567 καὶ
729 493 985 593 σοφῶς
1015 492 1348 593 πανταχῆ
1385 494 1487 596 τῷ
1520 489 2043 591 παραδείγματι
2081 485 2213 587 τὴν
2249 495 2378 567 τοῦ
2412 486 2645 592 πράγ-
2700 423 2810 490 [⁷⁷
2829 424 2952 489 Μ’]

246 642 479 704 ματος
534 609 762 716 φύσιν
810 611 1174 717 ἐξομοιῶν.
1233 612 1488 692 οὐκοῦν
1530 616 1636 720 τῷ
1690 608 1923 720 κόκκῳ
1977 613 2512 714 παραπλησίως
2563 613 2649 691 οὐ

246 731 528 832 γυμνὸν
575 733 1056 828 ἀναβιώσεται
1107 732 1193 814 τὸ
1248 741 1486 832 σῶμα,
1526 740 1778 839 φησὶν,
1822 735 1993 814 ἀλλ’
2034 735 2112 813 εὖ
2164 732 2370 832 μάλα
2417 767 2651 835 περιε-

247 856 670 954 σταλμένον
723 854 853 957 τὴν
889 856 1308 962 ἀφθαρσίαν
1343 859 1462 937 καὶ
1514 855 1648 958 τὴν
1685 856 1929 964 δόξαν,
1966 860 2081 937 καὶ
2134 856 2312 959 πρός
2358 891 2445 958 γε
2481 855 2646 938 τού-

182 997 218 1056 5
246 1011 402 1062 τοις
456 976 542 1058 τὸ
598 978 945 1076 εὐσθενὲς,
994 983 1110 1061 καὶ
1166 979 1309 1081 μὴν
1365 984 1481 1060 καὶ
1546 988 1758 1062 τοῦτο
1824 988 2367 1061 καταπλουτοῦν
2423 978 2508 1060 τὸ
2575 981 2653 1059 ἐν

246 1101 664 1205 φρονήματι
725 1104 1057 1206 γενέσθαι
1130 1110 1604 1212 πνευματικῷ,
1670 1103 2318 1203 μεταπλαττούσης
2381 1101 2652 1206 τρόπον

245 1224 415 1303 τινὰ
463 1228 590 1323 τῆς
639 1225 911 1307 ἀνωθεν
945 1227 1256 1332 χάριτος,
1294 1230 1412 1308 καὶ
1463 1233 1591 1324 τῆς
1646 1227 2086 1330 ἀσυγκρίτου
2122 1224 2483 1324 δυνάμεως
2522 1234 2650 1305 τοῦ

242 1345 547 1428 πάντων
584 1357 1046 1454 Δημιουργοῦ
1080 1351 1261 1455 πρὸς
1296 1358 1443 1432 πᾶν
1477 1351 1892 1431 τούναντίον
1939 1348 2032 1430 τὰ
2086 1352 2162 1429 ἐν
2211 1351 2431 1456 αὐτῷ.
2494 1350 2649 1430 ἐνυ-

242 1470 515 1576 πάρχει
570 1473 699 1569 μὲν
733 1473 877 1577 γὰρ
913 1481 1016 1581 τῷ
1065 1473 1369 1555 πεσόντι
1406 1476 1694 1572 σώματι
1730 1476 1847 1553 καὶ
1886 1472 2036 1552 οἷον
2072 1478 2168 1558 εἷς
2201 1477 2340 1574 γῆν
2376 1473 2651 1576 ἐσπαρ-

143 1637 217 1675 ιο
240 1592 441 1702 μένῳ
493 1595 736 1701 φθορὰ
789 1600 906 1677 καὶ
959 1600 1292 1678 ἀσθενεία
1347 1601 1463 1679 καὶ
1517 1597 1602 1678 τὸ
1658 1593 1995 1692 ἀκαλλὲς,
2034 1596 2378 1702 φρόνημά
2424 1630 2501 1677 τε
2556 1597 2643 1677 τὸ

243 1716 592 1825 ψυχικὸν,
628 1717 670 1801 ὃ
709 1724 823 1800 καὶ
870 1720 1132 1802 ταύτὸν
1179 1718 1360 1802 εἶναι’
1409 1729 1648 1830 φαμεν
1691 1726 1796 1828 τῷ
1841 1725 2166 1827 σαρκικῷ
2223 1723 2337 1800 καὶ
2397 1725 2651 1822 γεωδε-

244 1843 518 1950 στέρῳ·
598 1843 835 1943 ἐπειδὴ
891 1845 967 1925 δὲ
1019 1844 1359 1950 παρήχθη
1421 1845 1602 1950 πρὸς
1666 1846 1947 1949 γένεσιν
2005 1847 2080 1925 ἐν
2135 1846 2408 1948 ἀρχαῖς,
2468 1843 2653 1924 κατὰ

243 1968 486 2073 φύσιν
523 1969 656 2073 οὐχ
714 1965 849 2047 ὧδε
904 1968 1094 2074 ἕχον·
1154 1969 1685 2073 παρεισέδυσαν
1719 1968 1795 2049 δὲ
1829 1970 2032 2048 ταυτὶ
2086 1966 2203 2048 διὰ
2236 1965 2369 2067 τὴν
2404 1965 2643 2071 παρά-

242 2098 484 2185 βασιν
521 2092 638 2171 καὶ
691 2089 823 2192 τὴν
858 2095 969 2174 ἐπὶ
1026 2097 1129 2201 τῷ
1177 2094 1464 2201 θανάτῳ
1501 2093 1726 2193 δίκην,
1762 2090 2288 2196 ἀναφωνούσης
2323 2091 2491 2190 ἡμῖν
2524 2095 2653 2190 τῆς
2677 2124 2764 2180 78
2795 2121 2891 2179 11,

142 2255 215 2313 15
247 2212 547 2320 φύσεως
582 2221 681 2299 εἷς
715 2214 800 2295 τὸ
837 2219 912 2296 ἐν
947 2220 1225 2321 ἀρχαῖς·
1285 2215 1674 2320 πράττεται
1724 2213 1858 2314 μὲν
1916 2214 2312 2318 ἀναγκαίως
2365 2214 2655 2313 δυνάμει

244 2372 331 2418 τε
369 2340 486 2417 καὶ
524 2338 829 2445 ἐνεργείᾳ
866 2345 1058 2420 Θεοῦ
1108 2347 1255 2421 τῶν
1289 2338 1561 2447 μεταξὺ
1606 2334 2345 2440 παρεισβεβληκότων
2380 2337 2425 2436 ἡ
2462 2336 2648 2419 ἀπό-

246 2467 479 2559 θεσις,
515 2463 1069 2565 ἀντεισκρίνεται
1123 2464 1199 2543 δὲ
1251 2470 1396 2544 τῶν
1430 2462 1740 2567 πρώτων
1789 2470 1905 2541 καὶ
1955 2465 2031 2542 ἐν
2066 2464 2315 2567 ἀρχαῖς
2355 2458 2656 2542 ἐνόντων

246 2587 427 2685 ἡμῖν
461 2587 835 2687 ἀγαθῶν”
793 2622 838 2686 η
876 2587 1177 2695 μέθεξις·
1236 2588 1789 2684 ἀνεκαινίσμεθα
1835 2620 1978 2690 γαρ
2012 2588 2089 2666 ἐν
2122 2590 2431 2694 Χριστῷ
2470 2585 2655 2666 κατὰ

247 2706 385 2793 τὰς
440 2709 756 2816 γραφάς·
835 2710 974 2816 εφη
1029 2711 1174 2814 γὰρ
1214 2711 1593 2818 προφήτης
1651 2707 1852 2813 ἅγιος
1909 2720 1954 2757 “
1982 2709 2264 2813 Θάρσει
2303 2706 2514 2807 Σιων,
2551 2708 2650 2809 μὴ
2676 2724 2909 2853 {09111-71it

144 2868 223 2908 20
252 2834 856 2935 “παρείσθωσαν
908 2839 981 2913 αἱ
1018 2833 1240 2939 χεῖρές
1294 2862 1459 2915 σου·
1543 2832 1883 2935 Κύριος
1852 2868 1892 2913 ο
1943 2831 2128 2916 Θεός
2182 2867 2323 2912 σου
2379 2836 2455 2912 ἐν
2509 2836 2653 2929 σοὶ,

252 2966 301 3004 “
338 2954 638 3041 δυνατος
703 2957 957 3038 σῶσαί
1021 2992 1142 3057 σε,
1214 2961 1332 3037 καὶ
1392 2961 1781 3038 ἀνακαινιεῖ
1843 2991 1935 3036 σε
1996 2959 2072 3036 ἐν
2134 2959 2225 3060 τῇ
2291 2956 2654 3058 ἀγαπήσει

253 3079 607 3159 “αὐτοῦ.’
692 3113 808 3159 οτε
869 3114 1007 3182 γαρ
1044 3080 1424 3231 ἠγάπησεν
1460 3081 1646 3180 ἡμᾶς
1690 3081 1730 3159 ὁ
1766 3079 1953 3164 Θεὸς
2010 3081 2126 3159 καὶ
2165 3077 2451 3179 Πατὴρ,
2490 3078 2654 3160 τότε

252 3200 346 3301 δὴ
383 3201 548 3283 τότε
595 3204 712 3282 καὶ
760 3204 1200 3284 ἀνεκαίνισεν
1235 3206 1312 3284 ἐν
1347 3208 1681 3310 Χριστῷ·
1765 3205 1881 3284 καὶ
1937 3198 2082 3306 γάρ
2139 3204 2341 3282 ἐστιν
2395 3201 2655 3303 ἀληθὲς

253 3329 351 3410 ὧς
407 3325 649 3406 πάντα
702 3325 795 3405 τὰ
841 3328 917 3406 ἐν
972 3328 1163 3433 αὐτῷ
1219 3338 1261 3374 “
1289 3325 1491 3429 καινὴ
1548 3329 1802 3412 κτίσις·
1880 3331 1998 3407 καὶ
2053 3324 2146 3406 τὰ
2202 3322 2331 3477 μὲν
2390 3327 2653 3431 ἀρχαῖα
2681 3345 2830 3395 acor.
2859 3359 2907 3394 v.

152 3474 228 3534 25
254 3461 300 3497 ‘⁶
334 3454 690 3554 παρῆλθε,
745 3450 993 3552 γε’γονε
1050 3447 1126 3529 δε
1182 3450 1436 3531 καινάἶ
1533 3458 1709 3530 ποῖα
1765 3451 1855 3531 δέ
1897 3456 2131 3556 φησιν
2186 3451 2498 3554 ἀρχαῖα·
2478 3511 2500 3546 ,
2562 3450 2654 3530 τὰ
2624 3422 2760 3479 η

254 3572 883 3677 παριππεύσαντα·
954 3576 1070 3653 καὶ
1123 3581 1296 3654 ποῖα
1339 3608 1595 3654 καινα·
1576 3636 1597 3672 ,
1660 3573 1752 3654 τὰ
1796 3573 2300 3676 εἷσκεκριμένα·
2368 3572 2653 3653 παλαιὰ

256 3698 386 3797 μὲν
443 3698 490 3797 ἦ
538 3695 802 3803 φθορὰ,
838 3699 954 3778 καὶ
1001 3698 1240 3798 με’ντοι
1288 3695 1372 3778 τὸ
1423 3698 1705 3795 ἅναλκι,
1760 3701 1876 3777 καὶ
1926 3693 2106 3799 πρός
2152 3730 2234 3798 γε
2284 3694 2515 3805 τούτῳ
2569 3696 2652 3777 τὸ

258 3819 625 3919 δυσκλεὲς,
664 3822 781 3900 καὶ
814 3828 944 3900 τοῦ
981 3824 1294 3924 ψυχικοῦ
1333 3818 1793 3927 φρονήματος
1829 3818 1920 3901 τά
1959 3817 2396 3922 ἐγκλήματα·
2450 3817 2655 3899 καινὰ

328 4085 379 4124 2.
423 4067 539 4123 Ine.
564 4073 645 4122 'r‘
677 4068 751 4123 H.
857 4069 920 4124 οὗ
941 4069 1137 4139 γυμνὸν
1158 4078 1280 4151 post
1304 4074 1455 4138 σῶμα
1479 4069 1780 4139 transponit
1810 4067 1886 4122 H.
2242 4085 2296 4139 3.
2331 4069 2499 4138 φησιν
2521 4072 2576 4124 et
2597 4067 2657 4123 εὖ

260 4140 397 4208 μάλα
421 4156 533 4195 om.
564 4092 649 4195 1-1φ
950 4158 1002 4206 4.
1012 4140 1121 4263 ὁκαὶ
1145 4140 1292 4209 prius
1317 4150 1655 4211 assumptum
1680 4157 1744 4194 ex
1774 4138 1848 4193 H.
1874 4137 2058 4194 deest
2046 4156 2102 4193 m
2127 4139 2194 4192 A.
2300 4140 2430 4229 πρός
2451 4161 2514 4210 γε
2536 4139 2653 4194 τοῦ-

260 4231 363 4267 τοις
385 4227 499 4266 om.
525 4208 602 4264 H.
888 4222 943 4281 5.
980 4210 1041 4263 τὸ
1064 4210 1214 4301 Prius
1237 4219 1577 4283 assumptum
1601 4227 1667 4264 ex
1692 4209 1760 4263 A.
1770 4209 1843 4299 H.
1950 4208 2148 4264 κάκεῖνο
2171 4226 2269 4280 pro
2295 4208 2376 4262 καὶ
2398 4230 2552 4265 τουτο
2582 4210 2654 4264 H.

262 4279 381 4336 6—8.
415 4278 1007 4349 μεταπλαττοῦσης-ἔν
1028 4301 1167 4352 αυτφ
1192 4297 1300 4335 om.
1330 4279 1402 4336 H.
1637 4297 1689 4350 9.
1725 4280 1828 4350 γὰρ
1852 4296 1960 4334 om.
1992 4279 2064 4335 H.
2169 4279 2655 4350 meam—immp-

261 4349 417 4439 με’νφ]
444 4350 519 4407 εἷς
538 4353 640 4421 γῆν
663 4350 972 4421 ἐσπαρμένφ
996 4353 1196 4418 σώματι
1223 4349 1301 4405 Η.
1617 4366 1701 4404 10.
1737 4349 1983 4439 ἀκαλλες]
2013 4350 2228 4439 pergit
2206 4351 2413 4417 δυνάμει
2437 4350 2563 4489 δὲφθ
2519 4353 2654 4403 Θεοῦ

434 4443 613 4492 αγεται
636 4426 739 4476 τῶν
759 4422 908 4491 πρῶτ
908 4442 980 4474 ων
1001 4369 1179 4474 καὶμἰτ
1110 4419 1364 4475 ἐνόντων“
1340 4423 1459 4489 ημῖν
1479 4420 1689 4511 ἀγαθῶν
1710 4422 1770 4473 τὸ
1794 4418 1902 4473 κατ’
1926 4420 2092 4547 ἀρχὰς
2107 4442 2137 4487 η
2160 4419 2425 4489 μέθεξις,’
2370 4419 2626 4544 ,hspeap

2388 4512 2412 4544 ε
2495 4511 2514 4543 ι
2548 4509 2654 4544 τοι·

265 4492 368 4554 σία,
393 4490 424 4559 ἦ
374 4442 648 4560 ωδόξῳ*
622 4514 654 4560 η
679 4490 905 4618 &unfus-⁶
954 4492 1016 4544 τὸ
1039 4490 1197 4561 γὰρ’
1165 4512 1389 4545 ανακαινι
1392 4493 1600 4561 ζόμενον
1623 4512 1715 4543 ουκ
1751 4491 1825 4546 εἷς
1858 4489 2022 4562 ἀρχὰς
2057 4489 2225 4546 ἄνεισι
2260 4495 2352 4545 τοῦ

267 4562 396 4616 ὃσδε
418 4564 596 4634 τυχὸν,
622 4560 742 4617 ἀλλ’
864 4562 994 4631 ὅπερ
1019 4558 1081 4630 ἦν
1104 4561 1212 4615 ἕν’
1181 4564 1364 4633 αρχαῖς
1386 4562 1460 4617 ita
1483 4560 1733 4617 desinens
1760 4559 1836 4616 H.
