<?xml version="1.0" encoding="UTF-8"?>
<!DOCTYPE html PUBLIC "-//W3C//DTD XHTML 1.0 Transitional//EN"
    "http://www.w3.org/TR/xhtml1/DTD/xhtml1-transitional.dtd">
<html xmlns="http://www.w3.org/1999/xhtml" xml:lang="en" lang="en">
 <head>
  <title>
</title>
<meta http-equiv="Content-Type" content="text/html;charset=utf-8" />
  <meta name='ocr-system' content='tesseract 3.04.00' />
  <meta name='ocr-capabilities' content='ocr_page ocr_carea ocr_par ocr_line ocrx_word'/>
</head>
<body>
  <div class='ocr_page' id='page_1' title='image "./indjoannisevang00pusegoog_0077.png"; bbox 0 0 3269 5166; ppageno 0'>
   <div class='ocr_carea' id='block_1_1' title="bbox 218 347 2634 435">
    <p class='ocr_par' dir='ltr' id='par_1_1' title="bbox 218 347 2634 435">
     <span class='ocr_line' id='line_1_1' title="bbox 218 347 2634 435; baseline -0.001 -22"><span class='ocrx_word' id='word_1_1' title='bbox 218 350 354 414; x_wconf 83' lang='lat' dir='ltr'>xix.</span> <span class='ocrx_word' id='word_1_2' title='bbox 377 364 441 435; x_wconf 89' lang='lat'>5,</span> <span class='ocrx_word' id='word_1_3' title='bbox 466 348 529 415; x_wconf 90' lang='lat'>6.</span> <span class='ocrx_word' id='word_1_4' title='bbox 758 349 874 415; x_wconf 92' lang='lat' dir='ltr'>IN</span> <span class='ocrx_word' id='word_1_5' title='bbox 936 350 1004 415; x_wconf 85' lang='lat' dir='ltr'>S.</span> <span class='ocrx_word' id='word_1_6' title='bbox 1053 349 1566 417; x_wconf 83' lang='lat' dir='ltr'>JOANNEM.</span> <span class='ocrx_word' id='word_1_7' title='bbox 1662 349 1854 415; x_wconf 89' lang='lat' dir='ltr'><strong>LIB.</strong></span> <span class='ocrx_word' id='word_1_8' title='bbox 1901 349 2065 415; x_wconf 91' lang='lat' dir='ltr'><strong>XII.</strong></span> <span class='ocrx_word' id='word_1_9' title='bbox 2549 347 2634 411; x_wconf 77' lang='lat'>63</span> 
     </span>
    </p>
   </div>
   <div class='ocr_carea' id='block_1_2' title="bbox 106 512 2638 1740">
    <p class='ocr_par' dir='ltr' id='par_1_2' title="bbox 106 512 2638 1740">
     <span class='ocr_line' id='line_1_2' title="bbox 218 512 2635 625; baseline -0.002 -30"><span class='ocrx_word' id='word_1_10' title='bbox 218 515 402 618; x_wconf 78' lang='grc' dir='ltr'>ὅπερ</span> <span class='ocrx_word' id='word_1_11' title='bbox 458 513 549 594; x_wconf 81' lang='grc' dir='ltr'>ἂν</span> <span class='ocrx_word' id='word_1_12' title='bbox 602 515 803 614; x_wconf 81' lang='grc' dir='ltr'>ἴσως,</span> <span class='ocrx_word' id='word_1_13' title='bbox 860 521 919 596; x_wconf 78' lang='grc' dir='ltr'>εἶ</span> <span class='ocrx_word' id='word_1_14' title='bbox 971 515 1388 617; x_wconf 85' lang='grc' dir='ltr'>ἐπενήνεκτο</span> <span class='ocrx_word' id='word_1_15' title='bbox 1441 522 1545 625; x_wconf 75' lang='grc' dir='ltr'>τῷ</span> <span class='ocrx_word' id='word_1_16' title='bbox 1603 519 1890 619; x_wconf 83' lang='grc' dir='ltr'>Σωτῆρι</span> <span class='ocrx_word' id='word_1_17' title='bbox 1924 514 2253 621; x_wconf 75' lang='grc' dir='ltr'>Χριστῷ,</span> <span class='ocrx_word' id='word_1_18' title='bbox 2293 512 2635 614; x_wconf 83' lang='grc' dir='ltr'>κατακρί-</span> 
     </span>
     <span class='ocr_line' id='line_1_3' title="bbox 221 638 2638 744; baseline 0 -25"><span class='ocrx_word' id='word_1_19' title='bbox 221 639 487 719; x_wconf 87' lang='grc' dir='ltr'>νεσθαί</span> <span class='ocrx_word' id='word_1_20' title='bbox 534 674 614 721; x_wconf 93' lang='grc' dir='ltr'>τε</span> <span class='ocrx_word' id='word_1_21' title='bbox 669 641 954 725; x_wconf 83' lang='grc' dir='ltr'>δικαίως</span> <span class='ocrx_word' id='word_1_22' title='bbox 1013 642 1231 722; x_wconf 83' lang='grc' dir='ltr'>ἐποίει</span> <span class='ocrx_word' id='word_1_23' title='bbox 1291 644 1409 722; x_wconf 78' lang='grc' dir='ltr'>καὶ</span> <span class='ocrx_word' id='word_1_24' title='bbox 1465 648 1621 725; x_wconf 83' lang='grc' dir='ltr'>ταῖς</span> <span class='ocrx_word' id='word_1_25' title='bbox 1678 640 1848 744; x_wconf 86' lang='grc' dir='ltr'>παρ’</span> <span class='ocrx_word' id='word_1_26' title='bbox 1903 640 2124 719; x_wconf 82' lang='grc' dir='ltr'>αὐτοῦ</span> <span class='ocrx_word' id='word_1_27' title='bbox 2177 638 2638 740; x_wconf 73' lang='grc' dir='ltr'>κατηγορίαις·</span> 
     </span>
     <span class='ocr_line' id='line_1_4' title="bbox 218 758 2626 870; baseline -0.001 -27"><span class='ocrx_word' id='word_1_28' title='bbox 218 762 501 869; x_wconf 79' lang='grc' dir='ltr'>ἔνοχον.</span> <span class='ocrx_word' id='word_1_29' title='bbox 579 764 799 869; x_wconf 82' lang='grc' dir='ltr'>ὅνπερ</span> <span class='ocrx_word' id='word_1_30' title='bbox 835 768 964 846; x_wconf 85' lang='grc' dir='ltr'>οὖν</span> <span class='ocrx_word' id='word_1_31' title='bbox 997 766 1270 870; x_wconf 81' lang='grc' dir='ltr'>τρόπον</span> <span class='ocrx_word' id='word_1_32' title='bbox 1305 770 1382 847; x_wconf 82' lang='grc' dir='ltr'>ἐν</span> <span class='ocrx_word' id='word_1_33' title='bbox 1418 764 1667 866; x_wconf 79' lang='grc' dir='ltr'>Ἀδὰμ</span> <span class='ocrx_word' id='word_1_34' title='bbox 1703 764 1888 864; x_wconf 82' lang='grc' dir='ltr'>ὅλην</span> <span class='ocrx_word' id='word_1_35' title='bbox 1924 767 1998 844; x_wconf 82' lang='grc' dir='ltr'>ἐν</span> <span class='ocrx_word' id='word_1_36' title='bbox 2035 764 2137 843; x_wconf 77' lang='grc' dir='ltr'>ἑνὶ</span> <span class='ocrx_word' id='word_1_37' title='bbox 2173 758 2308 862; x_wconf 86' lang='grc' dir='ltr'>τὴν</span> <span class='ocrx_word' id='word_1_38' title='bbox 2343 759 2626 863; x_wconf 72' lang='grc' dir='ltr'>ἀνθρώ·-</span> 
     </span>
     <span class='ocr_line' id='line_1_5' title="bbox 216 884 2633 999; baseline -0.001 -30"><span class='ocrx_word' id='word_1_39' title='bbox 216 923 367 969; x_wconf 92' lang='grc' dir='ltr'>που</span> <span class='ocrx_word' id='word_1_40' title='bbox 412 889 724 989; x_wconf 80' lang='grc' dir='ltr'>νενίκηκε</span> <span class='ocrx_word' id='word_1_41' title='bbox 770 891 1029 995; x_wconf 82' lang='grc' dir='ltr'>φύσιν,</span> <span class='ocrx_word' id='word_1_42' title='bbox 1073 890 1491 999; x_wconf 86' lang='grc' dir='ltr'>κατάφορον</span> <span class='ocrx_word' id='word_1_43' title='bbox 1535 889 1915 994; x_wconf 83' lang='grc' dir='ltr'>ἁμαρτίαις</span> <span class='ocrx_word' id='word_1_44' title='bbox 1960 886 2342 995; x_wconf 76' lang='grc' dir='ltr'>ἀποδείξας</span> <span class='ocrx_word' id='word_1_45' title='bbox 2389 884 2633 987; x_wconf 79' lang='grc' dir='ltr'>αὐτὴν,</span> 
     </span>
     <span class='ocr_line' id='line_1_6' title="bbox 151 1009 2633 1120; baseline -0.002 -26"><span class='ocrx_word' id='word_1_46' title='bbox 151 1045 189 1106; x_wconf 88' lang='lat'>5</span> <span class='ocrx_word' id='word_1_47' title='bbox 217 1016 412 1094; x_wconf 81' lang='grc' dir='ltr'>οὕτω</span> <span class='ocrx_word' id='word_1_48' title='bbox 472 1015 781 1094; x_wconf 83' lang='grc' dir='ltr'>κάνθάδε</span> <span class='ocrx_word' id='word_1_49' title='bbox 835 1014 1188 1116; x_wconf 87' lang='grc' dir='ltr'>νενίκηται</span> <span class='ocrx_word' id='word_1_50' title='bbox 1238 1018 1407 1120; x_wconf 85' lang='grc' dir='ltr'>παρ’</span> <span class='ocrx_word' id='word_1_51' title='bbox 1465 1016 1709 1114; x_wconf 72' lang='grc' dir='ltr'>αὐτῆς.</span> <span class='ocrx_word' id='word_1_52' title='bbox 1795 1013 2174 1118; x_wconf 78' lang='grc' dir='ltr'>ἅνθρωπος</span> <span class='ocrx_word' id='word_1_53' title='bbox 2227 1010 2373 1115; x_wconf 82' lang='grc' dir='ltr'>γὰρ</span> <span class='ocrx_word' id='word_1_54' title='bbox 2429 1009 2520 1111; x_wconf 86' lang='grc' dir='ltr'>ἦν</span> <span class='ocrx_word' id='word_1_55' title='bbox 2574 1013 2633 1091; x_wconf 79' lang='grc' dir='ltr'>εἰ</span> 
     </span>
     <span class='ocr_line' id='line_1_7' title="bbox 214 1135 2634 1246; baseline -0.002 -27"><span class='ocrx_word' id='word_1_56' title='bbox 214 1140 343 1219; x_wconf 81' lang='grc' dir='ltr'>καὶ</span> <span class='ocrx_word' id='word_1_57' title='bbox 404 1138 628 1243; x_wconf 83' lang='grc' dir='ltr'>φύσει</span> <span class='ocrx_word' id='word_1_58' title='bbox 664 1139 853 1224; x_wconf 79' lang='grc' dir='ltr'>Θεὸς</span> <span class='ocrx_word' id='word_1_59' title='bbox 909 1141 950 1220; x_wconf 85' lang='grc' dir='ltr'>ὁ</span> <span class='ocrx_word' id='word_1_60' title='bbox 1005 1138 1106 1241; x_wconf 86' lang='grc' dir='ltr'>μὴ</span> <span class='ocrx_word' id='word_1_61' title='bbox 1165 1137 1494 1246; x_wconf 77' lang='grc' dir='ltr'>ἐσχηκὼς</span> <span class='ocrx_word' id='word_1_62' title='bbox 1544 1140 1924 1243; x_wconf 81' lang='grc' dir='ltr'>ἁμαρτίαν,</span> <span class='ocrx_word' id='word_1_63' title='bbox 1969 1140 2088 1218; x_wconf 84' lang='grc' dir='ltr'>καὶ</span> <span class='ocrx_word' id='word_1_64' title='bbox 2146 1135 2398 1239; x_wconf 76' lang='grc' dir='ltr'>ὥσπερ</span> <span class='ocrx_word' id='word_1_65' title='bbox 2451 1136 2497 1235; x_wconf 85' lang='grc' dir='ltr'><strong><em>ἡ</em></strong></span> <span class='ocrx_word' id='word_1_66' title='bbox 2553 1136 2634 1215; x_wconf 82' lang='grc' dir='ltr'>ἐκ</span> 
     </span>
     <span class='ocr_line' id='line_1_8' title="bbox 212 1259 2634 1367; baseline -0.002 -24"><span class='ocrx_word' id='word_1_67' title='bbox 212 1269 356 1343; x_wconf 84' lang='grc' dir='ltr'>τοῦ</span> <span class='ocrx_word' id='word_1_68' title='bbox 407 1268 826 1366; x_wconf 82' lang='grc' dir='ltr'>παραβῆναι</span> <span class='ocrx_word' id='word_1_69' title='bbox 879 1263 1300 1367; x_wconf 82' lang='grc' dir='ltr'>κατάκρισις</span> <span class='ocrx_word' id='word_1_70' title='bbox 1355 1266 1442 1343; x_wconf 86' lang='grc' dir='ltr'>δι’</span> <span class='ocrx_word' id='word_1_71' title='bbox 1485 1263 1642 1348; x_wconf 82' lang='grc' dir='ltr'>ἑνὸς</span> <span class='ocrx_word' id='word_1_72' title='bbox 1677 1269 1775 1347; x_wconf 80' lang='grc' dir='ltr'>εἷς</span> <span class='ocrx_word' id='word_1_73' title='bbox 1828 1261 2106 1347; x_wconf 86' lang='grc' dir='ltr'>πάντας</span> <span class='ocrx_word' id='word_1_74' title='bbox 2155 1269 2285 1341; x_wconf 88' lang='grc' dir='ltr'>τοῦ</span> <span class='ocrx_word' id='word_1_75' title='bbox 2341 1259 2634 1364; x_wconf 78' lang='grc' dir='ltr'>πρώτου</span> 
     </span>
     <span class='ocr_line' id='line_1_9' title="bbox 211 1383 2633 1490; baseline -0.002 -21"><span class='ocrx_word' id='word_1_76' title='bbox 211 1385 676 1485; x_wconf 78' lang='grc' dir='ltr'>τετέλεσται,</span> <span class='ocrx_word' id='word_1_77' title='bbox 718 1386 904 1468; x_wconf 81' lang='grc' dir='ltr'>κατὰ</span> <span class='ocrx_word' id='word_1_78' title='bbox 951 1386 1080 1469; x_wconf 80' lang='grc' dir='ltr'>τὸν</span> <span class='ocrx_word' id='word_1_79' title='bbox 1128 1388 1294 1469; x_wconf 83' lang='grc' dir='ltr'>ἴσον</span> <span class='ocrx_word' id='word_1_80' title='bbox 1343 1388 1433 1489; x_wconf 87' lang='grc' dir='ltr'>δὴ</span> <span class='ocrx_word' id='word_1_81' title='bbox 1480 1383 1755 1490; x_wconf 83' lang='grc' dir='ltr'>τρόπον</span> <span class='ocrx_word' id='word_1_82' title='bbox 1791 1387 1836 1487; x_wconf 85' lang='grc' dir='ltr'><em>ἦ</em></span> <span class='ocrx_word' id='word_1_83' title='bbox 1887 1389 1965 1466; x_wconf 84' lang='grc' dir='ltr'>ἐκ</span> <span class='ocrx_word' id='word_1_84' title='bbox 2002 1393 2130 1466; x_wconf 86' lang='grc' dir='ltr'>τοῦ</span> <span class='ocrx_word' id='word_1_85' title='bbox 2175 1389 2633 1483; x_wconf 86' lang='grc' dir='ltr'>δικαιωθῆναι</span> 
     </span>
     <span class='ocr_line' id='line_1_10' title="bbox 215 1507 2625 1616; baseline -0.001 -25"><span class='ocrx_word' id='word_1_86' title='bbox 215 1510 561 1615; x_wconf 80' lang='grc' dir='ltr'>Χριστὸν</span> <span class='ocrx_word' id='word_1_87' title='bbox 601 1512 894 1615; x_wconf 81' lang='grc' dir='ltr'>εὐλογία</span> <span class='ocrx_word' id='word_1_88' title='bbox 949 1515 1035 1593; x_wconf 88' lang='grc' dir='ltr'>δι’</span> <span class='ocrx_word' id='word_1_89' title='bbox 1076 1513 1233 1598; x_wconf 78' lang='grc' dir='ltr'>ἑνὸς</span> <span class='ocrx_word' id='word_1_90' title='bbox 1286 1522 1416 1594; x_wconf 84' lang='grc' dir='ltr'>τοῦ</span> <span class='ocrx_word' id='word_1_91' title='bbox 1471 1514 1798 1616; x_wconf 82' lang='grc' dir='ltr'>δευτέρου</span> <span class='ocrx_word' id='word_1_92' title='bbox 1844 1508 2028 1614; x_wconf 77' lang='grc' dir='ltr'>πρὸς</span> <span class='ocrx_word' id='word_1_93' title='bbox 2080 1507 2357 1593; x_wconf 79' lang='grc' dir='ltr'>πάντας</span> <span class='ocrx_word' id='word_1_94' title='bbox 2405 1508 2625 1589; x_wconf 85' lang='grc' dir='ltr'>ἐκτεί·</span> 
     </span>
     <span class='ocr_line' id='line_1_11' title="bbox 106 1629 2628 1740; baseline -0 -25"><span class='ocrx_word' id='word_1_95' title='bbox 106 1676 189 1717; x_wconf 81' lang='grc' dir='ltr'>ιο</span> <span class='ocrx_word' id='word_1_96' title='bbox 221 1669 440 1717; x_wconf 89' lang='grc' dir='ltr'>νεται.</span> <span class='ocrx_word' id='word_1_97' title='bbox 502 1637 621 1715; x_wconf 82' lang='grc' dir='ltr'>καὶ</span> <span class='ocrx_word' id='word_1_98' title='bbox 660 1636 917 1718; x_wconf 82' lang='grc' dir='ltr'>τούτου</span> <span class='ocrx_word' id='word_1_99' title='bbox 952 1635 1228 1740; x_wconf 79' lang='grc' dir='ltr'>μάρτυς</span> <span class='ocrx_word' id='word_1_100' title='bbox 1265 1638 1306 1717; x_wconf 84' lang='grc' dir='ltr'>ὁ</span> <span class='ocrx_word' id='word_1_101' title='bbox 1348 1643 1650 1721; x_wconf 82' lang='grc' dir='ltr'>Παῦλος</span> <span class='ocrx_word' id='word_1_102' title='bbox 1684 1635 1925 1738; x_wconf 87' lang='grc' dir='ltr'>λέγων</span> <span class='ocrx_word' id='word_1_103' title='bbox 1958 1645 2002 1681; x_wconf 90' lang='grc'><strong>“</strong></span> <span class='ocrx_word' id='word_1_104' title='bbox 2030 1631 2326 1736; x_wconf 83' lang='grc' dir='ltr'>Ὥσπερ</span> <span class='ocrx_word' id='word_1_105' title='bbox 2358 1629 2502 1737; x_wconf 76' lang='grc' dir='ltr'>γὰρ</span> <span class='ocrx_word' id='word_1_106' title='bbox 2541 1635 2628 1714; x_wconf 84' lang='grc' dir='ltr'>δι’</span> 
     </span>
    </p>
   </div>
   <div class='ocr_carea' id='block_1_3' title="bbox 2724 1638 2943 1754">
    <p class='ocr_par' dir='ltr' id='par_1_3' title="bbox 2724 1638 2943 1754">
     <span class='ocr_line' id='line_1_12' title="bbox 2724 1638 2943 1689; baseline 0.005 -1"><span class='ocrx_word' id='word_1_107' title='bbox 2724 1638 2874 1689; x_wconf 80' lang='lat' dir='ltr'><strong>Rom.</strong></span> <span class='ocrx_word' id='word_1_108' title='bbox 2893 1655 2943 1689; x_wconf 74' lang='lat' dir='ltr'>v-</span> 
     </span>
     <span class='ocr_line' id='line_1_13' title="bbox 2732 1706 2808 1754; baseline 0 -1"><span class='ocrx_word' id='word_1_109' title='bbox 2732 1706 2808 1754; x_wconf 89' lang='lat'>18.</span> 
     </span>
    </p>
   </div>
   <div class='ocr_carea' id='block_1_4' title="bbox 219 1756 2970 1866">
    <p class='ocr_par' dir='ltr' id='par_1_4' title="bbox 219 1756 2970 1866">
     <span class='ocr_line' id='line_1_14' title="bbox 219 1756 2580 1805; baseline 0.001 -22"><span class='ocrx_word' id='word_1_110' title='bbox 219 1768 267 1805; x_wconf 55' lang='grc' dir='ltr'>ς(</span> <span class='ocrx_word' id='word_1_111' title='bbox 320 1759 341 1783; x_wconf 68' lang='lat' dir='ltr'>C</span> <span class='ocrx_word' id='word_1_112' title='bbox 388 1756 412 1783; x_wconf 53' lang='grc' dir='ltr'>ἱ</span> <span class='ocrx_word' id='word_1_113' title='bbox 556 1764 575 1788; x_wconf 69' lang='grc'><strong>9</strong></span> <span class='ocrx_word' id='word_1_114' title='bbox 752 1757 776 1784; x_wconf 76' lang='grc' dir='ltr'><em>Ι</em></span> <span class='ocrx_word' id='word_1_115' title='bbox 1016 1764 1034 1788; x_wconf 65' lang='lat'>2</span> <span class='ocrx_word' id='word_1_116' title='bbox 1208 1760 1232 1787; x_wconf 77' lang='grc' dir='ltr'><em>Ι</em></span> <span class='ocrx_word' id='word_1_117' title='bbox 1508 1766 1525 1791; x_wconf 67' lang='lat'><em>2</em></span> <span class='ocrx_word' id='word_1_118' title='bbox 1783 1756 1807 1785; x_wconf 80' lang='grc' dir='ltr'><em>Ι</em></span> <span class='ocrx_word' id='word_1_119' title='bbox 2156 1761 2192 1791; x_wconf 61' lang='lat'><strong><em>0</em></strong></span> <span class='ocrx_word' id='word_1_120' title='bbox 2419 1760 2435 1785; x_wconf 68' lang='lat'>9</span> <span class='ocrx_word' id='word_1_121' title='bbox 2492 1759 2511 1784; x_wconf 61' lang='lat' dir='ltr'>ff</span> <span class='ocrx_word' id='word_1_122' title='bbox 2558 1756 2580 1785; x_wconf 56' lang='grc' dir='ltr'>ἱ</span> 
     </span>
     <span class='ocr_line' id='line_1_15' title="bbox 302 1763 2970 1866; baseline -0.002 -29"><span class='ocrx_word' id='word_1_123' title='bbox 302 1792 463 1842; x_wconf 91' lang='grc' dir='ltr'>ενος</span> <span class='ocrx_word' id='word_1_124' title='bbox 517 1793 614 1844; x_wconf 88' lang='grc' dir='ltr'>εις</span> <span class='ocrx_word' id='word_1_125' title='bbox 667 1794 944 1845; x_wconf 88' lang='grc' dir='ltr'>παντας</span> <span class='ocrx_word' id='word_1_126' title='bbox 993 1766 1414 1866; x_wconf 89' lang='grc' dir='ltr'>ανθρωπους</span> <span class='ocrx_word' id='word_1_127' title='bbox 1469 1795 1567 1845; x_wconf 92' lang='grc' dir='ltr'>εις</span> <span class='ocrx_word' id='word_1_128' title='bbox 1622 1793 2045 1863; x_wconf 85' lang='grc' dir='ltr'>κατακριμα,</span> <span class='ocrx_word' id='word_1_129' title='bbox 2105 1793 2293 1838; x_wconf 89' lang='grc' dir='ltr'>ουτω</span> <span class='ocrx_word' id='word_1_130' title='bbox 2350 1763 2420 1838; x_wconf 92' lang='grc' dir='ltr'>δι</span> <span class='ocrx_word' id='word_1_131' title='bbox 2476 1792 2631 1844; x_wconf 91' lang='grc' dir='ltr'>ενος</span> <span class='ocrx_word' id='word_1_132' title='bbox 2656 1776 2970 1834; x_wconf 65' lang='lat' dir='ltr'><strong>⁸1045A.</strong></span> 
     </span>
    </p>
   </div>
   <div class='ocr_carea' id='block_1_5' title="bbox 112 1880 2703 3234">
    <p class='ocr_par' dir='ltr' id='par_1_5' title="bbox 112 1880 2703 3234">
     <span class='ocr_line' id='line_1_16' title="bbox 223 1880 2626 1990; baseline 0.001 -28"><span class='ocrx_word' id='word_1_133' title='bbox 223 1893 267 1930; x_wconf 77' lang='lat'>‘⁴</span> <span class='ocrx_word' id='word_1_134' title='bbox 304 1888 403 1969; x_wconf 83' lang='grc' dir='ltr'>εἷς</span> <span class='ocrx_word' id='word_1_135' title='bbox 458 1880 736 1969; x_wconf 79' lang='grc' dir='ltr'>πάντας</span> <span class='ocrx_word' id='word_1_136' title='bbox 789 1883 1210 1990; x_wconf 75' lang='grc' dir='ltr'>ἀνθρώπους</span> <span class='ocrx_word' id='word_1_137' title='bbox 1266 1891 1365 1970; x_wconf 81' lang='grc' dir='ltr'>εἶς</span> <span class='ocrx_word' id='word_1_138' title='bbox 1409 1885 1784 1965; x_wconf 88' lang='grc' dir='ltr'>δικαίωσιν</span> <span class='ocrx_word' id='word_1_139' title='bbox 1820 1882 2060 1986; x_wconf 81' lang='grc' dir='ltr'>ζωῆς.”</span> <span class='ocrx_word' id='word_1_140' title='bbox 2129 1885 2385 1964; x_wconf 81' lang='grc' dir='ltr'>οὐκοῦν</span> <span class='ocrx_word' id='word_1_141' title='bbox 2424 1918 2626 1964; x_wconf 91' lang='grc' dir='ltr'>νενο-</span> 
     </span>
     <span class='ocr_line' id='line_1_17' title="bbox 221 2005 2633 2112; baseline 0 -25"><span class='ocrx_word' id='word_1_142' title='bbox 221 2005 554 2107; x_wconf 86' lang='grc' dir='ltr'>σήκαμεν</span> <span class='ocrx_word' id='word_1_143' title='bbox 588 2007 707 2087; x_wconf 79' lang='grc' dir='ltr'>διὰ</span> <span class='ocrx_word' id='word_1_144' title='bbox 752 2007 886 2107; x_wconf 76' lang='grc' dir='ltr'>μὲν</span> <span class='ocrx_word' id='word_1_145' title='bbox 920 2008 1162 2108; x_wconf 81' lang='grc' dir='ltr'>Ἀδὰμ</span> <span class='ocrx_word' id='word_1_146' title='bbox 1212 2018 1342 2090; x_wconf 84' lang='grc' dir='ltr'>τοῦ</span> <span class='ocrx_word' id='word_1_147' title='bbox 1380 2009 1673 2112; x_wconf 80' lang='grc' dir='ltr'>πρώτου</span> <span class='ocrx_word' id='word_1_148' title='bbox 1728 2006 1861 2108; x_wconf 85' lang='grc' dir='ltr'>τὴν</span> <span class='ocrx_word' id='word_1_149' title='bbox 1899 2006 2274 2111; x_wconf 90' lang='grc' dir='ltr'>παρακοὴν</span> <span class='ocrx_word' id='word_1_150' title='bbox 2328 2011 2446 2088; x_wconf 86' lang='grc' dir='ltr'>καὶ</span> <span class='ocrx_word' id='word_1_151' title='bbox 2500 2005 2633 2107; x_wconf 86' lang='grc' dir='ltr'>τὴν</span> 
     </span>
     <span class='ocr_line' id='line_1_18' title="bbox 223 2129 2634 2235; baseline 0 -24"><span class='ocrx_word' id='word_1_152' title='bbox 223 2131 491 2233; x_wconf 83' lang='grc' dir='ltr'>ἐκείνης</span> <span class='ocrx_word' id='word_1_153' title='bbox 546 2129 752 2235; x_wconf 77' lang='grc' dir='ltr'>ἀρὰν,</span> <span class='ocrx_word' id='word_1_154' title='bbox 814 2131 1419 2234; x_wconf 88' lang='grc' dir='ltr'>πεπλουτήκαμεν</span> <span class='ocrx_word' id='word_1_155' title='bbox 1468 2132 1547 2212; x_wconf 83' lang='grc' dir='ltr'>δὲ</span> <span class='ocrx_word' id='word_1_156' title='bbox 1604 2131 1723 2213; x_wconf 89' lang='grc' dir='ltr'>διά</span> <span class='ocrx_word' id='word_1_157' title='bbox 1783 2167 1870 2235; x_wconf 87' lang='grc' dir='ltr'>γε</span> <span class='ocrx_word' id='word_1_158' title='bbox 1930 2140 2060 2213; x_wconf 84' lang='grc' dir='ltr'>τοῦ</span> <span class='ocrx_word' id='word_1_159' title='bbox 2122 2131 2444 2235; x_wconf 77' lang='grc' dir='ltr'>δευτέρου</span> <span class='ocrx_word' id='word_1_160' title='bbox 2501 2130 2634 2232; x_wconf 89' lang='grc' dir='ltr'>τὴν</span> 
     </span>
     <span class='ocr_line' id='line_1_19' title="bbox 112 2255 2636 2367; baseline -0.002 -25"><span class='ocrx_word' id='word_1_161' title='bbox 112 2283 195 2342; x_wconf 86' lang='lat'>¹5</span> <span class='ocrx_word' id='word_1_162' title='bbox 225 2256 549 2356; x_wconf 81' lang='grc' dir='ltr'>ὑπακοὴν</span> <span class='ocrx_word' id='word_1_163' title='bbox 611 2260 731 2337; x_wconf 81' lang='grc' dir='ltr'>καὶ</span> <span class='ocrx_word' id='word_1_164' title='bbox 801 2257 936 2358; x_wconf 89' lang='grc' dir='ltr'>τὴν</span> <span class='ocrx_word' id='word_1_165' title='bbox 997 2259 1087 2367; x_wconf 81' lang='grc' dir='ltr'>ἐξ</span> <span class='ocrx_word' id='word_1_166' title='bbox 1155 2260 1375 2357; x_wconf 81' lang='grc' dir='ltr'>αὐτῆς</span> <span class='ocrx_word' id='word_1_167' title='bbox 1440 2258 1805 2360; x_wconf 82' lang='grc' dir='ltr'>εὐλογίαν.</span> <span class='ocrx_word' id='word_1_168' title='bbox 1904 2260 1945 2339; x_wconf 86' lang='grc' dir='ltr'>ὁ</span> <span class='ocrx_word' id='word_1_169' title='bbox 2004 2257 2148 2360; x_wconf 83' lang='grc' dir='ltr'>γὰρ</span> <span class='ocrx_word' id='word_1_170' title='bbox 2206 2267 2338 2339; x_wconf 85' lang='grc' dir='ltr'>τοῦ</span> <span class='ocrx_word' id='word_1_171' title='bbox 2413 2255 2636 2355; x_wconf 88' lang='grc' dir='ltr'>νόμου</span> 
     </span>
     <span class='ocr_line' id='line_1_20' title="bbox 228 2379 2627 2490; baseline 0.001 -30"><span class='ocrx_word' id='word_1_172' title='bbox 228 2379 497 2483; x_wconf 81' lang='grc' dir='ltr'>Κύριος</span> <span class='ocrx_word' id='word_1_173' title='bbox 538 2383 635 2466; x_wconf 83' lang='grc' dir='ltr'>ὦς</span> <span class='ocrx_word' id='word_1_174' title='bbox 672 2379 885 2480; x_wconf 77' lang='grc' dir='ltr'>Θεὸς,</span> <span class='ocrx_word' id='word_1_175' title='bbox 925 2382 1179 2485; x_wconf 82' lang='grc' dir='ltr'>γέγονε</span> <span class='ocrx_word' id='word_1_176' title='bbox 1231 2383 1401 2482; x_wconf 86' lang='grc' dir='ltr'>μεθ’</span> <span class='ocrx_word' id='word_1_177' title='bbox 1451 2383 1658 2482; x_wconf 81' lang='grc' dir='ltr'>ἡμῶν</span> <span class='ocrx_word' id='word_1_178' title='bbox 1700 2381 2142 2490; x_wconf 78' lang='grc' dir='ltr'>νομοφύλαξ</span> <span class='ocrx_word' id='word_1_179' title='bbox 2192 2385 2289 2468; x_wconf 84' lang='grc' dir='ltr'>ὡς</span> <span class='ocrx_word' id='word_1_180' title='bbox 2344 2383 2627 2485; x_wconf 86' lang='grc' dir='ltr'>ἀνθρω-</span> 
     </span>
     <span class='ocr_line' id='line_1_21' title="bbox 224 2506 2635 2612; baseline 0 -26"><span class='ocrx_word' id='word_1_181' title='bbox 224 2538 382 2590; x_wconf 89' lang='grc' dir='ltr'>πος.</span> <span class='ocrx_word' id='word_1_182' title='bbox 469 2508 590 2586; x_wconf 81' lang='grc' dir='ltr'>καὶ</span> <span class='ocrx_word' id='word_1_183' title='bbox 636 2514 817 2609; x_wconf 86' lang='grc' dir='ltr'>γοῦν</span> <span class='ocrx_word' id='word_1_184' title='bbox 860 2506 1258 2612; x_wconf 83' lang='grc' dir='ltr'>εὑρήσομεν</span> <span class='ocrx_word' id='word_1_185' title='bbox 1297 2506 1610 2611; x_wconf 91' lang='grc' dir='ltr'>λέγοντα</span> <span class='ocrx_word' id='word_1_186' title='bbox 1658 2507 1842 2612; x_wconf 80' lang='grc' dir='ltr'>πρὸς</span> <span class='ocrx_word' id='word_1_187' title='bbox 1877 2507 2063 2607; x_wconf 81' lang='grc' dir='ltr'>ἡμᾶς</span> <span class='ocrx_word' id='word_1_188' title='bbox 2114 2518 2157 2555; x_wconf 84' lang='grc'><strong>“</strong></span> <span class='ocrx_word' id='word_1_189' title='bbox 2192 2509 2290 2589; x_wconf 87' lang='grc' dir='ltr'>Ὁ</span> <span class='ocrx_word' id='word_1_190' title='bbox 2329 2509 2635 2610; x_wconf 79' lang='grc' dir='ltr'>ἀγαπῶν</span> 
     </span>
     <span class='ocr_line' id='line_1_22' title="bbox 226 2628 2636 2737; baseline 0 -27"><span class='ocrx_word' id='word_1_191' title='bbox 226 2639 271 2678; x_wconf 81' lang='grc'><strong>“</strong></span> <span class='ocrx_word' id='word_1_192' title='bbox 307 2664 399 2729; x_wconf 89' lang='grc' dir='ltr'>με</span> <span class='ocrx_word' id='word_1_193' title='bbox 446 2628 578 2714; x_wconf 79' lang='grc' dir='ltr'>τὰς</span> <span class='ocrx_word' id='word_1_194' title='bbox 623 2629 924 2716; x_wconf 79' lang='grc' dir='ltr'>ἐντολάς</span> <span class='ocrx_word' id='word_1_195' title='bbox 972 2666 1114 2732; x_wconf 90' lang='grc' dir='ltr'>μου</span> <span class='ocrx_word' id='word_1_196' title='bbox 1148 2632 1474 2737; x_wconf 89' lang='grc' dir='ltr'>τηρήσει,</span> <span class='ocrx_word' id='word_1_197' title='bbox 1512 2631 1753 2717; x_wconf 79' lang='grc' dir='ltr'>καθὼς</span> <span class='ocrx_word' id='word_1_198' title='bbox 1792 2630 1934 2733; x_wconf 78' lang='grc' dir='ltr'>ἐγὼ</span> <span class='ocrx_word' id='word_1_199' title='bbox 1970 2630 2100 2717; x_wconf 77' lang='grc' dir='ltr'>τὰς</span> <span class='ocrx_word' id='word_1_200' title='bbox 2154 2630 2451 2718; x_wconf 77' lang='grc' dir='ltr'>ἐντολὰς</span> <span class='ocrx_word' id='word_1_201' title='bbox 2506 2638 2636 2712; x_wconf 83' lang='grc' dir='ltr'>τοῦ</span> 
     </span>
     <span class='ocr_line' id='line_1_23' title="bbox 226 2751 2629 2862; baseline 0.001 -28"><span class='ocrx_word' id='word_1_202' title='bbox 226 2765 271 2803; x_wconf 86' lang='grc'><strong>“</strong></span> <span class='ocrx_word' id='word_1_203' title='bbox 309 2751 607 2859; x_wconf 85' lang='grc' dir='ltr'>Πατρός</span> <span class='ocrx_word' id='word_1_204' title='bbox 669 2790 809 2854; x_wconf 91' lang='grc' dir='ltr'>μου</span> <span class='ocrx_word' id='word_1_205' title='bbox 870 2756 1225 2860; x_wconf 85' lang='grc' dir='ltr'>τετήρηκα</span> <span class='ocrx_word' id='word_1_206' title='bbox 1287 2760 1405 2837; x_wconf 82' lang='grc' dir='ltr'>καὶ</span> <span class='ocrx_word' id='word_1_207' title='bbox 1459 2756 1651 2857; x_wconf 87' lang='grc' dir='ltr'>μένω</span> <span class='ocrx_word' id='word_1_208' title='bbox 1714 2759 1933 2837; x_wconf 79' lang='grc' dir='ltr'>αὐτοῦ</span> <span class='ocrx_word' id='word_1_209' title='bbox 2005 2760 2083 2837; x_wconf 88' lang='grc' dir='ltr'>ε’ν</span> <span class='ocrx_word' id='word_1_210' title='bbox 2146 2762 2238 2862; x_wconf 87' lang='grc' dir='ltr'>τῇ</span> <span class='ocrx_word' id='word_1_211' title='bbox 2311 2755 2629 2862; x_wconf 82' lang='grc' dir='ltr'>ἀγάπῃ.”</span> 
     </span>
     <span class='ocr_line' id='line_1_24' title="bbox 113 2877 2634 2982; baseline 0.004 -29"><span class='ocrx_word' id='word_1_212' title='bbox 113 2913 196 2953; x_wconf 85' lang='lat'>20</span> <span class='ocrx_word' id='word_1_213' title='bbox 219 2878 459 2972; x_wconf 85' lang='grc' dir='ltr'>βλέπε</span> <span class='ocrx_word' id='word_1_214' title='bbox 493 2877 641 2982; x_wconf 80' lang='grc' dir='ltr'>γὰρ</span> <span class='ocrx_word' id='word_1_215' title='bbox 675 2879 870 2965; x_wconf 79' lang='grc' dir='ltr'>ὅπως</span> <span class='ocrx_word' id='word_1_216' title='bbox 906 2881 1322 2961; x_wconf 77' lang='grc' dir='ltr'>ἐντέταλται</span> <span class='ocrx_word' id='word_1_217' title='bbox 1357 2880 1491 2981; x_wconf 77' lang='grc' dir='ltr'>μὲν</span> <span class='ocrx_word' id='word_1_218' title='bbox 1527 2882 1697 2981; x_wconf 83' lang='grc' dir='ltr'>ἡμῖν</span> <span class='ocrx_word' id='word_1_219' title='bbox 1735 2884 1831 2966; x_wconf 83' lang='grc' dir='ltr'>ὡς</span> <span class='ocrx_word' id='word_1_220' title='bbox 1868 2880 2254 2980; x_wconf 76' lang='grc' dir='ltr'>νομοθέτης</span> <span class='ocrx_word' id='word_1_221' title='bbox 2291 2883 2409 2961; x_wconf 84' lang='grc' dir='ltr'>καὶ</span> <span class='ocrx_word' id='word_1_222' title='bbox 2443 2877 2634 2964; x_wconf 80' lang='grc' dir='ltr'>Θεὸς</span> 
     </span>
     <span class='ocr_line' id='line_1_25' title="bbox 222 3001 2703 3111; baseline 0.002 -29"><span class='ocrx_word' id='word_1_223' title='bbox 222 3001 355 3087; x_wconf 80' lang='grc' dir='ltr'>τὰς</span> <span class='ocrx_word' id='word_1_224' title='bbox 423 3004 644 3083; x_wconf 80' lang='grc' dir='ltr'>αὑτοῦ</span> <span class='ocrx_word' id='word_1_225' title='bbox 715 3010 955 3109; x_wconf 83' lang='grc' dir='ltr'>τηρεῖν</span> <span class='ocrx_word' id='word_1_226' title='bbox 1012 3003 1332 3104; x_wconf 79' lang='grc' dir='ltr'>ἐντολὰς,</span> <span class='ocrx_word' id='word_1_227' title='bbox 1398 3009 1494 3090; x_wconf 85' lang='grc' dir='ltr'>ὡς</span> <span class='ocrx_word' id='word_1_228' title='bbox 1553 3004 1631 3086; x_wconf 74' lang='grc' dir='ltr'>δὲ</span> <span class='ocrx_word' id='word_1_229' title='bbox 1691 3006 1857 3104; x_wconf 83' lang='grc' dir='ltr'>μεθ’</span> <span class='ocrx_word' id='word_1_230' title='bbox 1923 3005 2129 3104; x_wconf 78' lang='grc' dir='ltr'>ἡμῶν</span> <span class='ocrx_word' id='word_1_231' title='bbox 2159 3015 2166 3022; x_wconf 81' lang='grc'><strong><em>’</em></strong></span> <span class='ocrx_word' id='word_1_232' title='bbox 2200 3002 2640 3111; x_wconf 76' lang='grc' dir='ltr'>νομοφύλαξ</span> <span class='ocrx_word' id='word_1_233' title='bbox 2659 3023 2703 3088; x_wconf 93' lang='lat' dir='ltr'>b</span> 
     </span>
     <span class='ocr_line' id='line_1_26' title="bbox 220 3125 2394 3234; baseline 0.003 -28"><span class='ocrx_word' id='word_1_234' title='bbox 220 3131 541 3232; x_wconf 82' lang='grc' dir='ltr'>τηρῆσαι</span> <span class='ocrx_word' id='word_1_235' title='bbox 576 3127 1081 3234; x_wconf 80' lang='grc' dir='ltr'>διισχυρίζεται</span> <span class='ocrx_word' id='word_1_236' title='bbox 1116 3132 1232 3210; x_wconf 77' lang='grc' dir='ltr'>καὶ</span> <span class='ocrx_word' id='word_1_237' title='bbox 1271 3126 1485 3215; x_wconf 77' lang='grc' dir='ltr'>αὐτὸς</span> <span class='ocrx_word' id='word_1_238' title='bbox 1521 3127 1657 3230; x_wconf 86' lang='grc' dir='ltr'>τὴν</span> <span class='ocrx_word' id='word_1_239' title='bbox 1695 3136 1827 3210; x_wconf 84' lang='grc' dir='ltr'>τοῦ</span> <span class='ocrx_word' id='word_1_240' title='bbox 1864 3128 2042 3209; x_wconf 77' lang='grc' dir='ltr'>ἰδίου</span> <span class='ocrx_word' id='word_1_241' title='bbox 2079 3125 2394 3230; x_wconf 88' lang='grc' dir='ltr'>Πατρός.</span> 
     </span>
    </p>
   </div>
   <div class='ocr_carea' id='block_1_6' title="bbox 116 3368 2699 3718">
    <p class='ocr_par' dir='ltr' id='par_1_6' title="bbox 116 3368 2699 3718">
     <span class='ocr_line' id='line_1_27' title="bbox 214 3368 2695 3466; baseline 0 -26"><span class='ocrx_word' id='word_1_242' title='bbox 214 3374 538 3443; x_wconf 71' lang='grc' dir='ltr'>Ἐξῆλθεν</span> <span class='ocrx_word' id='word_1_243' title='bbox 601 3368 714 3440; x_wconf 82' lang='grc' dir='ltr'>οὖν</span> <span class='ocrx_word' id='word_1_244' title='bbox 772 3375 809 3441; x_wconf 84' lang='grc' dir='ltr'>ὁ</span> <span class='ocrx_word' id='word_1_245' title='bbox 870 3374 1124 3442; x_wconf 65' lang='grc' dir='ltr'>Ἰησοῦς</span> <span class='ocrx_word' id='word_1_246' title='bbox 1194 3376 1349 3457; x_wconf 77' lang='grc' dir='ltr'>ἔξω,</span> <span class='ocrx_word' id='word_1_247' title='bbox 1413 3376 1645 3466; x_wconf 80' lang='grc' dir='ltr'>φορῶν</span> <span class='ocrx_word' id='word_1_248' title='bbox 1707 3376 1822 3444; x_wconf 85' lang='grc' dir='ltr'>τὸν</span> <span class='ocrx_word' id='word_1_249' title='bbox 1885 3375 2237 3441; x_wconf 83' lang='grc' dir='ltr'>ἀκάνθινον</span> <span class='ocrx_word' id='word_1_250' title='bbox 2302 3374 2695 3462; x_wconf 75' lang='grc' dir='ltr'>στέφανονε</span> 
     </span>
     <span class='ocr_line' id='line_1_28' title="bbox 325 3497 2632 3590; baseline 0 -25"><span class='ocrx_word' id='word_1_251' title='bbox 325 3500 435 3565; x_wconf 78' lang='grc' dir='ltr'>καὶ</span> <span class='ocrx_word' id='word_1_252' title='bbox 489 3499 565 3566; x_wconf 85' lang='grc' dir='ltr'>τὸ</span> <span class='ocrx_word' id='word_1_253' title='bbox 618 3504 1001 3590; x_wconf 82' lang='grc' dir='ltr'>πορφυροῦν</span> <span class='ocrx_word' id='word_1_254' title='bbox 1058 3499 1332 3583; x_wconf 77' lang='grc' dir='ltr'>ἱμάτιον,</span> <span class='ocrx_word' id='word_1_255' title='bbox 1388 3502 1497 3568; x_wconf 82' lang='grc' dir='ltr'>καὶ</span> <span class='ocrx_word' id='word_1_256' title='bbox 1551 3502 1728 3575; x_wconf 80' lang='grc' dir='ltr'>ΛέΓει</span> <span class='ocrx_word' id='word_1_257' title='bbox 1781 3497 2003 3568; x_wconf 81' lang='grc' dir='ltr'>αὐτοῖο</span> <span class='ocrx_word' id='word_1_258' title='bbox 2055 3499 2230 3567; x_wconf 82' lang='grc' dir='ltr'>Ἰδοὺ</span> <span class='ocrx_word' id='word_1_259' title='bbox 2283 3502 2321 3567; x_wconf 86' lang='grc' dir='ltr'>ὁ</span> <span class='ocrx_word' id='word_1_260' title='bbox 2374 3500 2632 3590; x_wconf 79' lang='grc' dir='ltr'>ἄνθρω-</span> 
     </span>
     <span class='ocr_line' id='line_1_29' title="bbox 116 3620 2699 3718; baseline 0.001 -30"><span class='ocrx_word' id='word_1_261' title='bbox 116 3643 192 3704; x_wconf 78' lang='lat'>25</span> <span class='ocrx_word' id='word_1_262' title='bbox 323 3649 472 3692; x_wconf 75' lang='lat' dir='ltr'><strong>noc.</strong></span> <span class='ocrx_word' id='word_1_263' title='bbox 541 3627 656 3692; x_wconf 78' lang='grc' dir='ltr'>ὅτε</span> <span class='ocrx_word' id='word_1_264' title='bbox 709 3620 825 3692; x_wconf 85' lang='grc' dir='ltr'>οὖν</span> <span class='ocrx_word' id='word_1_265' title='bbox 879 3620 1057 3693; x_wconf 80' lang='grc' dir='ltr'>εἶδον</span> <span class='ocrx_word' id='word_1_266' title='bbox 1112 3628 1313 3695; x_wconf 85' lang='grc' dir='ltr'>αὐτὸν</span> <span class='ocrx_word' id='word_1_267' title='bbox 1367 3625 1429 3694; x_wconf 81' lang='grc' dir='ltr'>οἰ</span> <span class='ocrx_word' id='word_1_268' title='bbox 1484 3624 1811 3718; x_wconf 69' lang='grc' dir='ltr'>ἀρχιερεῖς</span> <span class='ocrx_word' id='word_1_269' title='bbox 1865 3628 1971 3693; x_wconf 78' lang='grc' dir='ltr'>καὶ</span> <span class='ocrx_word' id='word_1_270' title='bbox 2025 3624 2086 3693; x_wconf 78' lang='grc' dir='ltr'>οἱ</span> <span class='ocrx_word' id='word_1_271' title='bbox 2131 3628 2471 3717; x_wconf 64' lang='grc' dir='ltr'>ὑπηρέται,</span> <span class='ocrx_word' id='word_1_272' title='bbox 2523 3628 2699 3692; x_wconf 67' lang='grc' dir='ltr'>(ἐκ-6</span> 
     </span>
    </p>
   </div>
   <div class='ocr_carea' id='block_1_7' title="bbox 325 3752 1931 3844">
    <p class='ocr_par' dir='ltr' id='par_1_7' title="bbox 325 3752 1931 3844">
     <span class='ocr_line' id='line_1_30' title="bbox 325 3752 1931 3844; baseline 0.005 -27"><span class='ocrx_word' id='word_1_273' title='bbox 325 3753 660 3842; x_wconf 77' lang='grc' dir='ltr'>ραύΓασαν</span> <span class='ocrx_word' id='word_1_274' title='bbox 713 3753 1018 3827; x_wconf 78' lang='grc' dir='ltr'>λὲΓοντεο</span> <span class='ocrx_word' id='word_1_275' title='bbox 1070 3752 1471 3843; x_wconf 82' lang='grc' dir='ltr'>Σταύρωσον</span> <span class='ocrx_word' id='word_1_276' title='bbox 1526 3756 1931 3844; x_wconf 84' lang='grc' dir='ltr'>σταύρωσον.</span> 
     </span>
    </p>
   </div>
   <div class='ocr_carea' id='block_1_8' title="bbox 113 3922 2695 4402">
    <p class='ocr_par' dir='ltr' id='par_1_8' title="bbox 212 3922 2695 4281">
     <span class='ocr_line' id='line_1_31' title="bbox 329 3922 2622 4031; baseline 0 -27"><span class='ocrx_word' id='word_1_277' title='bbox 329 3923 701 4031; x_wconf 81' lang='grc' dir='ltr'>Ἐπέδειξε</span> <span class='ocrx_word' id='word_1_278' title='bbox 750 3922 882 4022; x_wconf 77' lang='grc' dir='ltr'>μὲν</span> <span class='ocrx_word' id='word_1_279' title='bbox 919 3923 1227 4009; x_wconf 82' lang='grc' dir='ltr'>ἀνοσίως</span> <span class='ocrx_word' id='word_1_280' title='bbox 1275 3924 1822 4031; x_wconf 85' lang='grc' dir='ltr'>κατῃκισμέναν,</span> <span class='ocrx_word' id='word_1_281' title='bbox 1859 3927 1977 4004; x_wconf 80' lang='grc' dir='ltr'>καὶ</span> <span class='ocrx_word' id='word_1_282' title='bbox 2026 3931 2174 4008; x_wconf 86' lang='grc' dir='ltr'>τοῖς</span> <span class='ocrx_word' id='word_1_283' title='bbox 2210 3930 2358 4005; x_wconf 78' lang='grc' dir='ltr'>τῶν</span> <span class='ocrx_word' id='word_1_284' title='bbox 2391 3959 2622 4029; x_wconf 85' lang='grc' dir='ltr'>στρα-</span> 
     </span>
     <span class='ocr_line' id='line_1_32' title="bbox 212 4047 2695 4156; baseline 0.002 -26"><span class='ocrx_word' id='word_1_285' title='bbox 212 4055 499 4130; x_wconf 84' lang='grc' dir='ltr'>τιωτῶν</span> <span class='ocrx_word' id='word_1_286' title='bbox 551 4047 1049 4150; x_wconf 84' lang='grc' dir='ltr'>ε’μπαίγμασιν</span> <span class='ocrx_word' id='word_1_287' title='bbox 1103 4047 1486 4155; x_wconf 82' lang='grc' dir='ltr'>ἀφορήτως</span> <span class='ocrx_word' id='word_1_288' title='bbox 1540 4047 2064 4156; x_wconf 78' lang='grc' dir='ltr'>ἐξυβρισμένον</span> <span class='ocrx_word' id='word_1_289' title='bbox 2112 4048 2241 4129; x_wconf 78' lang='grc' dir='ltr'>τὸν</span> <span class='ocrx_word' id='word_1_290' title='bbox 2294 4047 2633 4131; x_wconf 78' lang='grc' dir='ltr'>ἁπάντων</span> <span class='ocrx_word' id='word_1_291' title='bbox 2659 4092 2695 4135; x_wconf 83' lang='grc' dir='ltr'>ο</span> 
     </span>
     <span class='ocr_line' id='line_1_33' title="bbox 219 4171 2637 4281; baseline -0.001 -25"><span class='ocrx_word' id='word_1_292' title='bbox 219 4172 517 4277; x_wconf 82' lang='grc' dir='ltr'>Κύρων,</span> <span class='ocrx_word' id='word_1_293' title='bbox 547 4171 1328 4277; x_wconf 86' lang='grc' dir='ltr'>κατακορεσθῆσεσθαί</span> <span class='ocrx_word' id='word_1_294' title='bbox 1356 4207 1511 4259; x_wconf 89' lang='grc' dir='ltr'>πως</span> <span class='ocrx_word' id='word_1_295' title='bbox 1548 4175 1667 4253; x_wconf 83' lang='grc' dir='ltr'>καὶ</span> <span class='ocrx_word' id='word_1_296' title='bbox 1711 4172 2149 4281; x_wconf 81' lang='grc' dir='ltr'>καταλήξειν</span> <span class='ocrx_word' id='word_1_297' title='bbox 2175 4173 2311 4274; x_wconf 81' lang='grc' dir='ltr'>ἤδη</span> <span class='ocrx_word' id='word_1_298' title='bbox 2339 4174 2637 4255; x_wconf 82' lang='grc' dir='ltr'>πιστεύ-</span> 
     </span>
    </p>

    <p class='ocr_par' dir='ltr' id='par_1_9' title="bbox 113 4296 2637 4402">
     <span class='ocr_line' id='line_1_34' title="bbox 113 4296 2637 4402; baseline 0.002 -22"><span class='ocrx_word' id='word_1_299' title='bbox 113 4329 189 4386; x_wconf 81' lang='lat'>30</span> <span class='ocrx_word' id='word_1_300' title='bbox 213 4333 362 4384; x_wconf 89' lang='grc' dir='ltr'>σας</span> <span class='ocrx_word' id='word_1_301' title='bbox 414 4296 546 4378; x_wconf 82' lang='grc' dir='ltr'>τὸν</span> <span class='ocrx_word' id='word_1_302' title='bbox 602 4297 918 4402; x_wconf 74' lang='grc' dir='ltr'>ἄκρατον</span> <span class='ocrx_word' id='word_1_303' title='bbox 972 4303 1120 4378; x_wconf 79' lang='grc' dir='ltr'>τῶν</span> <span class='ocrx_word' id='word_1_304' title='bbox 1154 4298 1522 4378; x_wconf 87' lang='grc' dir='ltr'>Ἰουδαίων</span> <span class='ocrx_word' id='word_1_305' title='bbox 1566 4296 1796 4397; x_wconf 80' lang='grc' dir='ltr'>θυμὸν</span> <span class='ocrx_word' id='word_1_306' title='bbox 1856 4301 1974 4378; x_wconf 83' lang='grc' dir='ltr'>καὶ</span> <span class='ocrx_word' id='word_1_307' title='bbox 2029 4297 2174 4379; x_wconf 80' lang='grc' dir='ltr'>ἀπὸ</span> <span class='ocrx_word' id='word_1_308' title='bbox 2229 4296 2453 4400; x_wconf 84' lang='grc' dir='ltr'>μόνης</span> <span class='ocrx_word' id='word_1_309' title='bbox 2508 4304 2637 4399; x_wconf 80' lang='grc' dir='ltr'>τῆς</span> 
     </span>
    </p>
   </div>
   <div class='ocr_carea' id='block_1_9' title="bbox 213 4531 2637 4676">
    <p class='ocr_par' dir='ltr' id='par_1_10' title="bbox 213 4531 2637 4676">
     <span class='ocr_line' id='line_1_35' title="bbox 287 4531 2637 4605; baseline 0 -18"><span class='ocrx_word' id='word_1_310' title='bbox 287 4547 413 4605; x_wconf 87' lang='lat'>7-9.</span> <span class='ocrx_word' id='word_1_311' title='bbox 450 4533 548 4587; x_wconf 81' lang='grc' dir='ltr'>τοῦ</span> <span class='ocrx_word' id='word_1_312' title='bbox 569 4532 985 4603; x_wconf 70' lang='grc' dir='ltr'>πρώτου-πρὸς</span> <span class='ocrx_word' id='word_1_313' title='bbox 1006 4533 1200 4589; x_wconf 80' lang='grc' dir='ltr'>πάντας</span> <span class='ocrx_word' id='word_1_314' title='bbox 1223 4541 1562 4588; x_wconf 76' lang='lat' dir='ltr'><strong>accesserunt</strong></span> <span class='ocrx_word' id='word_1_315' title='bbox 1586 4551 1652 4588; x_wconf 80' lang='lat' dir='ltr'>ex</span> <span class='ocrx_word' id='word_1_316' title='bbox 1679 4532 1745 4587; x_wconf 86' lang='grc' dir='ltr'>Ε.</span> <span class='ocrx_word' id='word_1_317' title='bbox 1883 4549 1967 4588; x_wconf 87' lang='lat'>11.</span> <span class='ocrx_word' id='word_1_318' title='bbox 2004 4534 2118 4590; x_wconf 72' lang='grc' dir='ltr'>ἑνὸς</span> <span class='ocrx_word' id='word_1_319' title='bbox 2142 4531 2317 4605; x_wconf 74' lang='lat' dir='ltr'>prius]</span> <span class='ocrx_word' id='word_1_320' title='bbox 2343 4539 2400 4597; x_wconf 76' lang='lat'>4</span> <span class='ocrx_word' id='word_1_321' title='bbox 2429 4553 2637 4602; x_wconf 81' lang='grc' dir='ltr'>παραπ-</span> 
     </span>
     <span class='ocr_line' id='line_1_36' title="bbox 213 4602 2449 4676; baseline 0 -17"><span class='ocrx_word' id='word_1_322' title='bbox 213 4608 452 4676; x_wconf 73' lang='grc' dir='ltr'>τώματος</span> <span class='ocrx_word' id='word_1_323' title='bbox 476 4602 583 4659; x_wconf 78' lang='lat' dir='ltr'>Ed.</span> <span class='ocrx_word' id='word_1_324' title='bbox 608 4604 778 4660; x_wconf 81' lang='lat' dir='ltr'>invito</span> <span class='ocrx_word' id='word_1_325' title='bbox 804 4602 872 4659; x_wconf 80' lang='grc' dir='ltr'>Ε.</span> <span class='ocrx_word' id='word_1_326' title='bbox 1166 4620 1248 4660; x_wconf 80' lang='lat'>12.</span> <span class='ocrx_word' id='word_1_327' title='bbox 1284 4603 1358 4662; x_wconf 74' lang='grc' dir='ltr'>εἷς</span> <span class='ocrx_word' id='word_1_328' title='bbox 1378 4604 1573 4662; x_wconf 75' lang='grc' dir='ltr'>πάντας</span> <span class='ocrx_word' id='word_1_329' title='bbox 1595 4603 1898 4675; x_wconf 72' lang='grc' dir='ltr'>ἀνθρώπους</span> <span class='ocrx_word' id='word_1_330' title='bbox 1921 4614 2262 4675; x_wconf 71' lang='lat' dir='ltr'><strong>assumptum</strong></span> <span class='ocrx_word' id='word_1_331' title='bbox 2288 4622 2354 4659; x_wconf 82' lang='lat' dir='ltr'>ex</span> <span class='ocrx_word' id='word_1_332' title='bbox 2382 4603 2449 4659; x_wconf 83' lang='lat' dir='ltr'>E.</span> 
     </span>
    </p>
   </div>
   <div class='ocr_carea' id='block_1_10' title="bbox 2726 2508 2979 2638">
    <p class='ocr_par' dir='ltr' id='par_1_11' title="bbox 2726 2508 2979 2638">
     <span class='ocr_line' id='line_1_37' title="bbox 2728 2508 2979 2588; baseline 0 -31"><span class='ocrx_word' id='word_1_333' title='bbox 2728 2508 2809 2588; x_wconf 66' lang='lat' dir='ltr'>Qf.</span> <span class='ocrx_word' id='word_1_334' title='bbox 2826 2523 2979 2572; x_wconf 64' lang='lat' dir='ltr'><strong>supra</strong></span> 
     </span>
     <span class='ocr_line' id='line_1_38' title="bbox 2726 2589 2939 2638; baseline 0.009 -15"><span class='ocrx_word' id='word_1_335' title='bbox 2726 2591 2829 2625; x_wconf 80' lang='lat' dir='ltr'>nv.</span> <span class='ocrx_word' id='word_1_336' title='bbox 2861 2589 2939 2638; x_wconf 78' lang='lat'>²3·</span> 
     </span>
    </p>
   </div>
   <div class='ocr_carea' id='block_1_11' title="bbox 2725 2639 2909 2756">
    <p class='ocr_par' dir='ltr' id='par_1_12' title="bbox 2725 2639 2909 2756">
     <span class='ocr_line' id='line_1_39' title="bbox 2725 2639 2891 2705; baseline -0.006 -15"><span class='ocrx_word' id='word_1_337' title='bbox 2725 2639 2891 2705; x_wconf 63' lang='lat' dir='ltr'><strong>Supra</strong></span> 
     </span>
     <span class='ocr_line' id='line_1_40' title="bbox 2725 2720 2909 2756; baseline 0.005 -1"><span class='ocrx_word' id='word_1_338' title='bbox 2725 2722 2811 2756; x_wconf 68' lang='lat' dir='ltr'>XV·</span> <span class='ocrx_word' id='word_1_339' title='bbox 2834 2720 2909 2756; x_wconf 86' lang='lat'>10.</span> 
     </span>
    </p>
   </div>
  </div>
 </body>
</html>
