3269 5166
215 347 328 389 xx.
353 345 459 394 20.
573 326 823 392 IN‘S.
865 326 1386 394 JOANNEM.
1477 325 1672 393 LIB.
1720 325 1882 393 XII.
1972 326 2179 392 CAP.
2226 327 2282 392 Ι.
2505 327 2632 393 129

215 489 533 572 “πάλιν
606 491 862 596 μικρὸν
935 497 1053 574 καὶ
1122 493 1416 602 ὄψεσθέ
1475 530 1587 594 με,
1650 497 1769 575 καὶ
1839 493 2239 599 χαρήσεται
2315 495 2513 643 ὑμῶν
2586 493 2631 593 ἡ
2719 496 2927 615 ἓξὲξ,

217 617 580 719 “καρδία,
654 623 772 698 καὶ
845 617 979 718 τὴν
1049 617 1286 725 χαρὰν
1359 619 1557 718 ὑμῶν
1629 620 1853 704 οὐδεὶς
1929 622 2091 722 ἀρεῖ
2155 619 2283 722 ἀφ’
2363 614 2630 716 ὑμῶν.”

216 739 507 846 ἔχαιρον
541 739 674 839 μὲν
707 739 850 844 γὰρ
910 746 977 821 οἱ
1026 741 1274 841 πάσης
1324 742 1786 849 ἀποπληξίας
1841 742 1970 823 τὸν
2018 750 2185 822 νοῦν
2222 741 2632 842 ἀνάμεστον
2653 754 2698 820 b

217 863 503 969 ἔχοντες
564 866 915 963 Ἰουδαῖοι,
990 872 1286 975 σταυρῷ
1357 865 1960 971 προσηλούμενον
2036 867 2431 962 βλέποντες
2504 865 2633 946 τὸν

149 1017 188 1078 5
215 988 538 1088 Ἰησοῦν·
599 987 799 1095 λύπῃ
853 989 929 1070 δὲ
978 988 1265 1098 ἀκράτῳ
1317 994 1435 1070 καὶ
1487 991 2046 1097 δυσαχθεστάτῃ
2090 987 2632 1098 κατεφορτίζετο

213 1117 367 1191 τῶν
431 1112 660 1215 ἁγίων
724 1120 1066 1214 μαθητῶν
1125 1115 1172 1215 ἡ
1242 1115 1522 1219 καρδία.
1630 1117 1801 1194 ἀλλ’
1865 1117 2151 1220 ἐπείπερ
2223 1117 2382 1196 ἐστὶ
2446 1112 2632 1195 κατὰ

215 1235 455 1342 φύσιν
490 1235 653 1339 ζωὴ,
691 1236 1113 1324 καταλύσας
1148 1247 1275 1319 τοῦ
1313 1238 1625 1321 θανάτου
1662 1273 1748 1319 το
1785 1236 2043 1342 κράτος
2085 1239 2348 1334 ἀνεβίω
2384 1237 2631 1335 πάλιν,

215 1363 338 1441 καὶ
389 1360 436 1461 ἡ
492 1360 625 1460 μὲν
678 1367 825 1444 τῶν
872 1362 1235 1445 Ἰουδαίων
1290 1365 1586 1466 ἀπέσβη
1648 1362 1863 1470 χαρὰ,
1917 1370 2066 1448 τοῖς
2120 1362 2349 1468 γεμὴν
2405 1363 2632 1467 ἁγίοις

216 1483 669 1572 ἀποστόλοις
712 1487 1247 1595 μετακεχῶρηκε
1296 1486 1432 1590 μὲν
1468 1491 1508 1569 ὁ
1560 1489 1862 1574 κοπετὸς
1911 1494 2010 1573 εἰς
2058 1486 2312 1594 χαρὰν,
2348 1485 2623 1569 ἀναπό-
2719 1503 2804 1555 P·-
2825 1504 2971 1555 ¹¹¹1·

113 1651 191 1693 10
213 1618 500 1711 βλητος
536 1609 613 1692 δὲ
649 1618 1023 1697 παντελῶς
1062 1617 1178 1693 καὶ
1215 1614 1690 1719 ἀναφαίρετος
1728 1610 2242 1712 ἀνεβλάστησε
2289 1611 2624 1713 θυμηδία.
2723 1583 2804 1619 ¹²

214 1733 637 1842 τεθνήξεται
671 1734 817 1841 γὰρ
854 1735 1083 1818 οὐκέτι
1108 1736 1435 1842 Χριστὸς
1462 1735 1671 1846 ἅπαξ
1693 1736 2144 1819 ἀποθανὼν“
2165 1741 2264 1821 εἰς
2290 1738 2632 1837 ἀθέτησιν
2654 1794 2749 1851 ο

216 1860 713 1963 “ἀμαρτίας,”
768 1860 954 1942 καθὰ
1008 1860 1436 1966 γέγραπται.
1526 1860 1666 1965 ζῶν
1720 1862 1863 1965 γὰρ
1918 1864 2025 1942 ἀεὶ
2076 1896 2192 1942 και
2250 1862 2626 1968 ὑπάρχων,

214 1983 697 2085 ἀτελεύτητον
734 1985 1042 2087 δῆλον“
1003 2020 1114 2066 οτι
1166 1990 1315 2070 τοῖς
1371 1982 1857 2087 ε’λπίῷυσιν’
1819 1986 1930 2066 επ’
1972 1986 2165 2095 αὐτῷ
2220 1985 2635 2089 διατηρήσει

216 2108 303 2189 τὸ
379 2108 675 2214 χαίρειν.
789 2107 1319 2215 κατασπάζεται
1394 2109 1470 2190 δὲ
1543 2107 1792 2207 πάλιν,
1865 2108 1950 2191 τὸ
2023 2110 2332 2212 σύνηθες
2413 2112 2636 2190 ἐκεῖνο

109 2264 185 2325 ¹5
217 2232 482 2335 λέγων,
539 2233 910 2314 τουτέστιν
962 2235 1232 2337 Εἰρήνη
1289 2235 1474 2335 ὑμῖν,
1532 2231 1753 2334 νόμον
1809 2230 2056 2338 ὥσπερ
2119 2232 2277 2314 τινὰ
2332 2236 2451 2313 καὶ
2505 2231 2634 2314 τὸν

216 2358 339 2437 ἐπὶ
389 2356 621 2507 τούτιρ
655 2361 868 2444 τιθεὶς
905 2365 1053 2444 τοῖς
1085 2361 1214 2458 τῆς
1249 2357 1695 2460 Ἐκκλησίας
1747 2356 2035 2442 τέκνοις.
2111 2357 2473 2462 τοιγάρτοι
2516 2360 2635 2439 καὶ

215 2483 296 2561 ἐν
330 2488 492 2566 ταῖς
534 2483 768 2586 ἁγίαις
814 2482 1146 2585 μάλιστα
1194 2479 1525 2568 συνόδοις
1574 2481 1734 2582 ἤτοι
1787 2481 2144 2591 συνάξεσι
2197 2483 2365 2581 παρ’
2408 2479 2629 2565 αὐτὰς

215 2615 350 2688 τοῦ
385 2609 788 2762 μυσηηρίου
822 2607 953 2693 τὰς
989 2607 1238 2714 ἀρχὰς,
1277 2615 1491 2689 τοῦτο
1541 2610 1662 2689 καὶ
1706 2608 1906 2709 ἡμεῖς
1958 2606 2314 2709 ἀλλήλοις
2357 2607 2620 2715 φαμέν.
2654 2616 2699 2681 d

214 2765 304 2812 το
359 2729 506 2836 γὰρ
563 2732 934 2837 εἰρηνεύειν
979 2732 1165 2833 ἡμᾶς
1217 2730 1402 2837 πρός
1454 2767 1532 2812 τε
1586 2731 1960 2834 ἀλλήλους
2014 2734 2133 2812 καὶ
2178 2729 2393 2829 Θεον,
2428 2728 2630 2834 πηγή

114 2889 193 2931 20
214 2889 328 2942 τις
394 2854 646 2962 ὥσπερ
721 2859 840 2938 καὶ
912 2853 1100 2963 ἀρχὴ
1171 2891 1442 2942 παντος
1508 2854 1600 2936 ἀν
1664 2853 2008 2961 ὑπάρχειν
2071 2862 2303 2936 νοοῖτο
2377 2863 2630 2940 καλοῦ.

215 2979 590 3084 τοιγάρτοι
648 2982 767 3061 καὶ
823 2985 1125 3065 Παῦλος
1190 2980 1283 3062 τὰ
1345 2979 1638 3062 πάντων
1694 2977 2008 3086 ὑπάρξαι
2064 2976 2435 3058 κάλλιστα
2487 2985 2636 3062 τοῖς

217 3104 682 3206 κεκλημένοις
717 3103 1183 3212 ἐπευχόμενος
1218 3116 1261 3153 “
1290 3102 1594 3208 Χάρις
1558 3108 1722 3203 υμῖν
1760 3106 1878 3183 καὶ
1930 3102 2166 3207 εἰρήνη
2219 3103 2454 3209 φησιν
2488 3099 2635 3184 ἀπὸ

219 3239 266 3277 “
301 3233 501 3310 Θεοῦ
566 3228 859 3335 Πατρὸς
919 3229 1122 3329 ἡμῶν
1178 3232 1294 3310 καὶ
1356 3229 1627 3333 Κυρίου
1682 3229 1931 3329 Ἰησοῦ
1989 3224 2385 3331 Χριστοῦ,”
2441 3260 2626 3331 προ-

219 3353 505 3460 τρέπων
549 3352 627 3435 δὲ
679 3352 907 3436 πάλιν
956 3359 1053 3439 εἰς
1108 3349 1390 3457 εἰρήνην
1440 3351 1572 3453 τὴν
1619 3355 1714 3438 ὡς
1770 3388 1953 3458 προς
1989 3350 2180 3433 Θεὸν
2213 3349 2377 3436 τοὺς
2432 3353 2632 3433 οὔπω

121 3508 194 3570 25
217 3476 761 3563 πιστεύσαντας
799 3489 844 3528 “
868 3476 1100 3583 Υπερ
1150 3481 1501 3581 Χριστοῦ,
1546 3480 1758 3585 φησὶ,
1792 3476 2314 3582 πρεσβεύομεν,
2351 3480 2449 3562 ὡς
2504 3484 2632 3558 τοῦ
2724 3491 2885 3607 ἔξω·
2904 3507 2955 3543 v.

220 3616 264 3652 “
301 3609 502 3686 Θεοῦ
564 3611 1157 3708 παρακαλοῦντος
1224 3603 1310 3683 δι’
1368 3602 1593 3702 ἡμῶν·
1667 3600 1970 3702 δεόμεθα
2033 3599 2208 3705 ὑπὲρ
2270 3605 2628 3704 Χριστοῦ,

219 3738 264 3780 “
300 3726 818 3831 καταλλάγητε
872 3730 976 3835 τῷ
1029 3726 1267 3836 Θεῷ·”
1334 3723 1736 3830 παραθήγει
1790 3725 1866 3806 δὲ
1921 3725 2123 3807 οὐδεν
2176 3725 2393 3827 ἦττον
2447 3725 2633 3826 ἡμᾶς
2656 3753 2692 3798 e

218 3857 340 3935 καὶ
396 3855 439 3933 ὃ
494 3854 873 3961 προφήτης
911 3851 1233 3936 Ησαΐας
1285 3856 1483 3948 βοῶν
1521 3861 1566 3898 “
1596 3849 2033 3951 Ποιήσωμεν
2089 3847 2370 3954 εἰρήνην
2420 3850 2635 3957 αὐτῷ,
2726 3845 2978 3974 ξξξῑῶ·

217 3990 262 4027 “
299 3975 726 4078 ποιήσωμεν
760 3976 1042 4081 εἰρήνην
1077 3981 1144 4058 οἰ
1199 3972 1632 4081 ἐρχόμενοι.”
1689 3975 2073 4078 πρέπουσα
2126 3974 2448 4054 τοίνυν”
2407 4008 2452 4073 η
2508 3980 2638 4053 τοῦ

122 4144 196 4201 30
217 4102 451 4208 λόγου
510 4101 806 4203 δύναμις
866 4106 971 4210 τῷ
1033 4098 1167 4202 τὴν
1223 4098 1505 4203 εἰρήνην
1557 4098 2012 4202 βραβεύοντι,
2070 4104 2362 4199 μᾶλλον
2417 4095 2492 4178 δὲ
2546 4101 2639 4202 τῇ

215 4229 517 4313 πάντων
581 4226 841 4333 εἰρήνῃ,
902 4225 1234 4307 τουτέστι
1293 4228 1626 4332 Χριστῷ·
1727 4234 1775 4272 “
1806 4221 2039 4308 Αὐτὸς
2108 4223 2254 4328 γάρ
2326 4225 2528 4304 ἐστιν
2592 4222 2638 4323 ἡ
2728 4212 2861 4341 ᾗῇ·
2886 4212 2940 4264 ¹³·

217 4366 261 4403 ‘⁶
299 4351 547 4460 εἰρήνη
604 4349 870 4452 ήμῶν,”
910 4348 1094 4432 κατὰ
1148 4349 1279 4435 τὰς
1334 4347 1655 4455 γραφάς.

2716 1735 2856 1787 nob.
2881 1735 2952 1786 ix.

2726 3104 2936 3235 {iem-i.

441 4609 526 4648 ια.
563 4593 668 4665 γὰρ
693 4598 1037 4664 assumptum
1061 4607 1129 4646 ex
1154 4588 1223 4645 Ε.
2062 4600 2145 4655 ¹3·
2181 4583 2338 4639 αὑτὸν
2362 4581 2428 4636 Ε.

306 4699 454 4747 VOL.
487 4698 595 4744 111.
1417 4696 1448 4739 S
