3269 5166
236 340 374 406 xix.
404 340 467 422 8,
492 361 553 429 9.
797 339 913 406 IN
973 340 1040 407 S.
1090 340 1608 408 JOANNEM.
1701 342 1896 409 LIB.
1941 343 2104 411 XII.
2566 345 2655 410 69

238 507 442 615 αὐτῷ
492 511 614 587 καὶ
662 505 756 588 τὰ
802 511 932 609 τῆς
967 505 1388 609 θεότητος”
1337 542 1517 611 εργα
1553 510 1672 589 καὶ
1708 506 1841 609 τὴν
1876 511 1994 592 ἐπὶ
2029 515 2177 595 τοῖς
2213 507 2656 619 παραδόξοις

241 637 752 712 καταιτιᾶσθαι
804 633 1357 735 μεγαλουργίαν·
1427 631 1566 712 ἔδει
1622 633 1773 731 μετ’
1834 635 2056 713 ἐκεῖνο
2109 641 2316 733 βοᾶν,
2374 633 2485 715 ὅτι
2539 669 2654 716 τε·

243 754 600 860 θρήμερος
653 790 788 857 μεν
831 760 1094 853 ἀνεβίω
1144 791 1393 862 νεκρος
1444 754 1563 837 διὰ
1614 764 1784 858 μιᾶς
1837 765 1966 839 τοῦ
2021 762 2358 863 Σωτῆρος
2406 762 2651 867 φωνῆς
2673 766 2718 831 b
2743 742 2913 874 ἓξὲξ

240 879 845 985 παλινδρομήσας
880 884 979 966 εἰς
1014 880 1227 983 ζωήν·
1316 881 1452 961 ἔδει
1487 886 1944 984 παρενεγκεῖν
1978 880 2107 963 τὸν
2139 888 2490 987 μονογενῆ
2526 887 2656 984 τῆς

170 1029 215 1092 5
242 1003 477 1111 χήρας
509 1004 682 1105 υἱὸν,
719 1007 838 1086 καὶ
888 1014 1019 1086 τοῦ
1073 1003 1678 1110 ἀρχισυναγώγου
1730 1003 1816 1086 τὸ
1853 1004 2117 1109 κόριον·
2179 1006 2318 1088 ἔδει
2371 1011 2491 1089 καὶ
2525 1012 2654 1109 τῆς

244 1129 880 1234 θεοπρεπεστάτης
934 1129 1198 1231 ἐκείνης
1263 1134 1794 1230 διαμεμνῆσθαι
1857 1134 2125 1237 φωνῆς,
2184 1133 2301 1213 ἐπὶ
2363 1132 2495 1233 μὲν
2554 1135 2656 1242 τῷ

806 1256 841 1273 Α

243 1257 379 1353 τῆς
431 1251 660 1359 χήρας
716 1289 844 1362 υιτρ
898 1264 941 1300 “
972 1256 1357 1351 Νεανίσκε,
1394 1257 1520 1333 σοὶ
1574 1254 1794 1357 λέγω,
1831 1253 2217 1357 ἐγέρθητι,”
2282 1257 2396 1338 ἐπὶ
2433 1256 2509 1338 δε
2553 1259 2656 1366 τῷ
2743 1269 2938 1385 {31⁴2ss

244 1379 469 1487 κορίῳ
524 1387 569 1426 “
593 1378 695 1459 H
751 1385 922 1463 παῖς
976 1378 1281 1483 ἕγειραιθ
1370 1380 1590 1485 ἐχρῆν
1624 1380 1741 1459 ἐπι
1795 1376 2069 1464 τούτοις
2117 1378 2585 1480 &danaus
2547 1416 2656 1462 οτι
2743 1351 2941 1463 ωνίίί.

243 1507 558 1609 τυφλοῖς
607 1537 739 1602 μεν
773 1537 861 1583 το
895 1503 1217 1601 βλέπειν,
1253 1510 1545 1606 λεπροῖς
1582 1499 1658 1582 δὲ
1690 1498 1822 1601 τὴν
1856 1499 2283 1606 κάθαρσιν’
2245 1504 2655 1610 εχαρίσατο,
2746 1491 2828 1544 ⁵⁴⁸

126 1666 217 1710 10
244 1628 369 1708 καὶ
404 1626 587 1730 πρὸς
620 1625 918 1724 τούτοις,
956 1624 1065 1708 ὅτι
1100 1630 1233 1733 μιᾷ
1278 1623 1802 1731 κατεστόρεσεν
1837 1627 2102 1731 ἀπειλῇ
2137 1629 2255 1707 καὶ
2291 1627 2657 1730 θαλάττης

244 1753 507 1854 ἀγρίας
560 1751 844 1851 κίνησιν
879 1755 995 1833 καὶ
1049 1747 1476 1851 πνευμάτων
1521 1750 1890 1854 ῥαγδαίων
1938 1751 2378 1858 καταφορὰν,
2429 1753 2550 1833 καὶ
2598 1752 2666 1834 εἴ

244 1908 320 1955 τι
375 1872 558 1976 πρὸς
604 1873 882 1961 τούτοις
929 1874 1309 1979 εἴργασται
1354 1872 1701 1979 Χριστός.
1780 1874 1951 1954 ἀλλ’
2009 1876 2237 1954 ἐκεῖνα
2288 1872 2420 1974 μὲν
2474 1878 2657 1981 ἀχα-

244 1999 527 2101 ρίστοις
589 1999 1178 2106 καταχωννύουσι
1241 2006 1572 2097 σιωπαῖς,
1637 2001 1757 2079 καὶ
1819 1995 1914 2077 τὰ
1979 1999 2065 2079 δι’
2127 1995 2231 2079 ὧν
2287 1998 2379 2101 ἦν
2440 2000 2657 2082 αὐτὸν
2677 2019 2714 2063 ⁰

248 2127 567 2227 ὁρᾶσθαι
625 2122 818 2204 Θεὸν
873 2122 1214 2228 παρέντες
1279 2120 1705 2226 δυστρόπως
1774 2124 1891 2205 ἐπὶ
1954 2121 2214 2221 μόνους
2279 2126 2657 2229 βαδίζουσι

132 2277 219 2340 15
248 2248 879 2352 παραλογισμούς’
955 2251 1160 2353 ἀνδρὶ
1198 2246 1274 2328 δὲ
1311 2249 1698 2349 ἀλλογενεῖ
1744 2248 1865 2327 καὶ
1900 2244 2033 2347 τὴν
2068 2247 2266 2328 θείαν
2301 2246 2493 2335 ὅλως
2529 2251 2660 2330 οὐκ

247 2372 468 2454 εἶδότι
514 2370 833 2481 γραφὴν,
885 2371 1266 2476 ἄνθρωπον
1304 2372 1563 2475 ὁρῶντι
1609 2367 1738 2452 τὸν
1772 2370 2087 2470 Ἰησοῦν,
2140 2373 2537 2466 ἐπιβοῶσιν
2591 2379 2659 2455 οἶ

248 2496 549 2577 δείλαιοι
611 2494 756 2578 ‘risu
814 2498 984 2577 Θιοῧ
1053 2495 1280 2579 &mov-*ov
1338 2496 1626 2594 ἐποίησε,
1691 2495 1920 2577 καίτοι
1982 2499 2111 2597 τῆς
2176 2495 2657 2579 θεοπνεύστου

244 2625 541 2730 γραφῆς
584 2623 662 2702 ἐν
694 2620 1110 2729 ἀνθραητείῳ
1147 2618 1473 2726 σχήματι
1522 2654 1652 2700 τον
1684 2629 1811 2701 τοῦ
1852 2626 2045 2701 Θεοῦ
2084 2618 2332 2721 Λόγον
2367 2624 2651 2730 ἐπιφοι-

244 2745 504 2848 τήσειν
536 2742 714 2827 ποτὲ
750 2750 855 2854 τῷ
890 2742 1148 2853 κόσμῳ
1181 2742 1500 2845 βὸὦσης·
1572 2755 1616 2792 “
1645 2742 1833 2825 Ἰδου
1880 2743 2048 2848 γὰρ,
2086 2745 2418 2851 φησὶν,
2375 2782 2421 2846 η
2458 2781 2650 2852 παρ·
2746 2780 2796 2831 s.
2803 2781 2998 2834 Matth.

134 2908 221 2948 20
248 2881 295 2919 “
330 2868 535 2955 θένος
588 2870 664 2950 ἐν
716 2904 987 2973 γαστρι
1042 2869 1185 2977 ἕξει
1235 2903 1352 2949 και
1401 2868 1677 2976 τέξεται
1731 2865 1903 2966 υἱον,
1949 2873 2066 2949 καὶ
2121 2869 2523 2952 καλέσουσι
2571 2869 2656 2951 τὸ
2746 2847 2976 2965 {²²25

249 3006 296 3045 “
333 2994 565 3094 ὄνομα
618 2995 837 3074 αὐτοῦ
889 2989 1383 3092 Ἐμμανουὴλ,
1428 2991 1471 3074 ὅ
1515 2996 1676 3073 ἐστι
1724 2993 2416 3096 μεθερμηνευόμενον
2457 2994 2653 3074 Μεθ’
2751 2992 2832 3042 ¹⁴·

248 3130 295 3167 “
332 3119 542 3219 ἡμῶν
595 3119 636 3197 ὃ
677 3119 926 3203 Θεός.”
993 3115 1078 3198 τὸ
1128 3116 1205 3198 δὲ
1259 3120 1339 3197 ἐκ
1391 3116 1750 3221 παρθένου
1805 3114 2086 3221 τεχθὲν,
2146 3117 2224 3196 τί
2271 3114 2363 3197 ἂν
2417 3117 2659 3220 ἕτερον

246 3244 357 3343 ε’ίη
396 3239 655 3323 λοιπὸν
690 3239 734 3343 ἢ
768 3240 1146 3345 ἅνθρωπος
1182 3238 1349 3322 καθ’
1387 3240 1597 3340 ἡμᾶς,
1636 3239 1818 3320 ὅσον
1855 3244 1949 3324 εἶς
1987 3237 2118 3341 τὴν
2153 3248 2283 3322 τοῦ
2319 3241 2658 3342 σώματος
2686 3252 2725 3318 d

247 3368 434 3475 ὄψιν
478 3400 556 3447 τε
611 3367 729 3446 καὶ
784 3366 1067 3472 φύσιν;
1128 3361 1220 3464 ἦν
1264 3363 1411 3468 γὰρ
1458 3363 1639 3466 μετὰ
1694 3371 1823 3446 τοῦ
1879 3361 2054 3445 εἶναι
2109 3363 2486 3468 ἅνθρωπος
2541 3371 2659 3448 καὶ

136 3517 221 3579 25
251 3489 444 3576 Θεὸς
491 3493 805 3591 ἀληθῶς.

233 3718 407 3785 Ὅτε
459 3713 575 3785 οὖν
626 3715 903 3783 ἤκουσεν
945 3717 983 3788 ὃ
1026 3716 1313 3782 Πιλάτοο
1367 3718 1592 3781 τοῦτον
1636 3715 1751 3782 τὸν
1794 3715 2010 3797 λόΓον,
2046 3719 2301 3793 μᾶλλον
2337 3717 2658 3805 ἐφοβήθη,
2688 3730 2725 3786 8

356 3842 465 3907 καὶ
500 3839 818 3909 ,εἰσῆλθεν
873 3838 968 3907 εἷο
1028 3841 1104 3909 τὸ
1159 3840 1565 3931 πραιτώριον
1618 3842 1840 3923 πάλιν,
1895 3842 2002 3907 καὶ
2064 3843 2237 3917 λὲΓει
2298 3849 2395 3928 τῷ
2438 3843 2657 3910 Ἰησοῦ
2690 3862 2727 3918 9

351 3969 567 4036 Πόθεν
622 3960 686 4032 εἴ
735 3970 850 4051 οὺς
922 3968 960 4036 ὃ
1014 3965 1087 4033 δὲ
1131 3967 1389 4034 Ἰησοῦς
1443 3967 1790 4057 ἀπόκρισιν
1845 3967 1964 4033 οὐκ
2016 3966 2267 4035 ἔδωκεν
2323 3967 2521 4054 αὐτῷ.

363 4140 881 4246 Περιτρέπεται
926 4147 1075 4224 τοῖς
1108 4137 1477 4226 Ἰουδαίοις
1515 4138 1601 4222 τὸ
1639 4139 2108 4243 κακούργημα
2142 4138 2327 4243 πρὸς
2362 4136 2447 4218 τὸ
2485 4138 2658 4243 παρ’

134 4298 217 4357 3ο
242 4269 534 4349 ἐλπίδα.
623 4270 692 4346 οἱ
725 4264 859 4366 μὲν
893 4262 1038 4369 γὰρ
1086 4269 1184 4348 εἰς
1237 4266 1428 4372 ὕψος
1476 4264 1609 4365 τὴν
1646 4272 1775 4345 τοῦ
1822 4261 2277 4366 ἐγκλήματος
2328 4260 2661 4366 αἴρουσιν

243 4463 470 4574 ῐωτό
408 4445 572 4502 αὐτὸν
595 4444 664 4500 Ε.
1039 4459 1091 4499 2.
1127 4443 1331 4501 ἐκείνων
1354 4443 1420 4501 Ε.
1805 4460 1888 4497 ιο.
1926 4442 2304 4510 κατεστόρεσεν
2330 4438 2388 4494 F.
2415 4437 2522 4494 Ed.
2544 4456 2658 4564 mg.

579 4536 637 4572 εν
660 4513 729 4570 Ε.
753 4512 1141 4585 κατεστῆρησεν
1162 4513 1269 4571 Ed.
1833 4529 2024 4568 10-12.
2060 4533 2145 4567 και
2167 4512 2244 4566 alt
2247 4510 2429 4580 .-με“ν
2450 4526 2540 4565 om

244 4605 334 4662 23.
370 4588 508 4645 ὅσον
567 4592 630 4651 -Ι-
658 4583 692 4653 ἦ
718 4584 787 4640 Ε.
