3269 5166
1147 882 1275 947 DE
1340 881 1472 946 Do
1486 881 1925 948 GMATUM
1993 882 2037 946 S
2053 881 2596 947 OLUTIONE.

720 1093 768 1133 1.
810 1070 912 1130 An
939 1069 1200 1129 membra
1225 1068 1438 1129 habeat
1463 1068 1642 1129 Deus.

717 1190 767 1230 2.
815 1168 975 1243 Quid
999 1166 1225 1226 homini
1252 1167 1461 1227 efficiat
1488 1166 1846 1245 spiraculum
1872 1168 2043 1227 vitae.

716 1287 770 1345 3.
811 1267 913 1327 An
923 1267 1098 1344 juxta
1115 1264 1431 1343 imaginem
1452 1271 1512 1325 et
1524 1265 1701 1342 juxta
1715 1264 2160 1325 similitudinem
2184 1265 2386 1324 eadem
2403 1263 2707 1324 diversave
2730 1262 3084 1340 significent.

714 1386 769 1440 4.
814 1366 1036 1425 Utrum
1064 1363 1177 1423 Dei
1204 1364 1397 1442 imago
1425 1363 1624 1435 simus,
1654 1382 1732 1421 an
1757 1362 2030 1440 imaginis
2057 1363 2267 1441 imago.

717 1479 772 1541 5.
814 1464 915 1523 An
940 1462 1218 1540 proficere
1243 1461 1430 1538 possit
1456 1461 1651 1520 seculo
1678 1466 1928 1520 venturo
1955 1461 2170 1520 anima.

716 1566 770 1623 6.
813 1563 935 1623 Our
975 1581 1050 1619 ex
1096 1559 1289 1618 Adam
1323 1558 1752 1638 transmittitur
1796 1578 2002 1635 poena,
2047 1557 2283 1619 Christo
2321 1557 2649 1618 vivificatus
2690 1557 2831 1636 quis
2873 1557 3081 1619 sancti·

916 1664 1101 1719 tatem
1127 1678 1246 1717 non
1272 1656 1642 1716 transmittit.

717 1774 769 1835 7.
812 1757 910 1816 An
936 1755 1280 1815 resurrectio
1300 1754 1427 1832 jam
1453 1754 1605 1814 facta
1632 1753 1728 1813 sit.

716 1861 771 1917 8.
815 1856 906 1916 De
933 1855 1171 1916 Inzaro.

717 1973 772 2029 9.
812 1952 909 2014 An
949 1954 1135 2031 possit
1174 1953 1337 2013 Deus
1382 1972 1452 2012 ea
1491 1970 1640 2029 quae
1685 1949 2003 2028 praeterita
2042 1951 2167 2027 jam
2214 1951 2336 2011 sint
2383 1951 2608 2011 efficere
2648 1955 2720 2010 ut
2764 1968 3079 2029 numquam

918 2050 1272 2129 contigerint
1288 2051 1312 2107 2

922 2308 1604 2375 RESPONSIONES
1652 2309 1779 2373 AD
1823 2306 2288 2372 TIBERIUM
2332 2306 2846 2372 DIACONUM

1613 2435 2146 2544 SQCIOSQUE.

725 2635 774 2676 1.
818 2615 1116 2676 Adversus
1141 2615 1400 2675 dicentes
1424 2614 1674 2674 formam
1700 2612 2015 2674 humanam
2042 2619 2102 2673 et
2130 2613 2411 2674 Divinam
2438 2633 2580 2673 esse.

724 2736 776 2775 2.
945 2719 976 2747 “
1186 2718 1219 2745 “
1384 2713 1605 2771 Filium
1626 2731 1811 2790 quum
1833 2711 1912 2771 sit
1932 2711 1995 2770 in
2022 2718 2180 2771 terra
2207 2732 2340 2773 cum
2359 2712 2538 2773 Patre
2566 2713 2895 2774 secundum
2917 2714 3074 2792 hypo-

1494 2810 1680 2871 stasin
1706 2829 1826 2869 non
1851 2809 2121 2870 adfuisse.

722 2931 776 2988 3.
943 2916 977 2944 “
1184 2914 1218 2942 “
1381 2907 1603 2968 Filium
1672 2907 1965 2967 hominem
2033 2908 2252 2968 factum
2306 2909 2494 2970 coelos
2549 2909 2909 2971 Divinitatis
2959 2929 3074 2971 sue

1494 3024 1707 3066 vacuos
1747 3005 2067 3082 reliquisse.

721 3128 778 3183 4.
1384 3103 1604 3164 Filium
1631 3103 1790 3162 diem
1818 3104 2196 3164 novissimum
2224 3105 2459 3166 nescire.

723 3220 780 3281 5.
949 3210 983 3237 “
1187 3206 1223 3236 ‘⁴
1386 3201 1602 3261 Filium
1629 3199 1913 3261 miracula
1938 3208 2243 3279 operatum
2268 3223 2439 3263 carne
2466 3223 2573 3263 sua
2598 3222 2718 3263 non
2745 3208 3070 3283 cooperato

724 3308 779 3363 6.
823 3326 829 3331 ·
947 3306 982 3335 “
1188 3305 1223 3333 “
1387 3300 1608 3359 Filium
1634 3319 1771 3359 cum
1797 3319 1969 3359 carne
1995 3320 2114 3359 non
2141 3306 2526 3378 assumptum.

726 3415 780 3476 7.
823 3399 1126 3475 Quomodo
1152 3398 1597 3477 intelligendum
1625 3397 1885 3457 Verbum
1912 3417 2047 3457 caro
2082 3398 2300 3459 factum
2327 3406 2432 3460 est.

726 3500 780 3558 8.
822 3496 1120 3558 Adversus
1147 3497 1404 3557 dicentes
1429 3496 1529 3555 An
1566 3494 1789 3573 aliquid
1815 3493 2104 3556 humanae
2145 3505 2388 3559 naturae
2430 3497 2677 3576 largitus
2713 3498 2796 3561 sit
2826 3498 3068 3560 christus

928 3615 991 3653 m
1018 3614 1210 3654 carne.

728 3713 783 3768 9.
826 3692 997 3767 Quod
1023 3711 1129 3768 per
1156 3711 1388 3752 carnem
1416 3712 1579 3752 suam
1607 3692 1886 3753 miracula
1913 3699 2218 3771 operatum
2245 3693 2523 3755 Verbum.

692 3808 786 3850 10.
830 3789 1137 3864 Quomodo
1164 3790 1240 3849 ad
1268 3790 1380 3850 Dei
1408 3789 1723 3869 imaginem
1748 3789 1938 3851 homo.

692 3911 720 3953 1
734 3910 784 3952 1.
830 3890 1002 3965 Quod
1030 3889 1458 3950 Eucharistiam
1485 3890 1549 3950 in
1576 3890 1717 3949 solis
1746 3888 2063 3951 Catholicis
2090 3890 2365 3952 Ecclesiis
2394 3892 2686 3953 celebrare
2713 3900 2990 3972 oporteat.

692 4007 787 4049 12.
828 3988 1000 4063 Quod
1028 3989 1287 4049 carnales
1314 3987 1645 4048 affectiones
1672 3994 1946 4048 truncare
1970 3988 2261 4065 possimus
2287 3990 2582 4050 eradicare
2608 4010 2731 4051 nou
2757 3992 2956 4052 adhuc.

695 4107 786 4164 13.
826 4086 1128 4149 Adversus
1152 4087 1410 4148 dicentes
1435 4085 1536 4148 An
1561 4085 1691 4146 fieri
1717 4087 1978 4165 potuerit
2003 4088 2165 4165 quod
2185 4096 2385 4166 peccet
2414 4088 2699 4150 Christus.

694 4206 786 4260 14.
952 4190 989 4218 “
1197 4190 1231 4220 “
1446 4185 1548 4245 An
1576 4191 1636 4246 et
1663 4184 1854 4262 angeli
1881 4184 1957 4246 ad
1984 4185 2298 4264 imaginem
2324 4186 2456 4248 Dei.

694 4300 788 4361 15.
955 4289 989 4318 “
1195 4288 1230 4317 “
1450 4282 1758 4359 Quomodo
1812 4283 2120 4345 daemones
2178 4284 2505 4364 incorporei
2559 4305 2699 4346 cum
2753 4283 3065 4347 mulieribus
3190 4294 3191 4325 ἐ

1541 4401 1667 4441 rem
1698 4381 2023 4443 habuerint.
