3269 5166
222 348 509 418 xviii.22.
584 350 692 416 IN
751 352 820 417 S.
866 351 1385 419 JOANNEM.
1476 352 1669 420 LIB.
1715 353 1841 420 XI.
1931 354 2136 422 GAP.
2167 353 2334 421 XII.
2511 354 2598 420 3⁷

223 525 355 603 τοῖς
378 520 948 624 ε’πενηνεγμένοις
975 522 1379 624 ἀπολογίαν
1404 519 1852 622 ποιούμενον.
1894 523 2068 603 ἀλλ’
2094 523 2245 604 οὐδ’
2270 520 2362 602 ἂν
2383 519 2602 602 αὐτὸν

223 643 345 725 ἰ’δοι
391 679 498 730 τις
540 651 688 727 τῶν
725 646 1090 727 Ἰουδαίων
1122 644 1251 727 τὸν
1285 644 1806 751 προσεδρεύοντα
1839 647 2072 729 παίειν
2116 648 2311 755 αὐτῷ
2358 650 2593 727 διατε-

221 768 497 875 ταχότα,
531 774 651 851 καὶ
702 776 854 856 τοῖς
906 773 1092 852 οὕτω
1144 770 1593 875 παραλόγως
1646 773 2000 874 ἐπιπηδᾶν
2050 767 2592 873 δυσσεβήμασι.
2622 781 2668 848 b

220 897 325 973 καὶ
354 901 897 999 προβαλοῦνται
932 895 1063 996 μὲν
1096 894 1278 980 ἰ’σως
1311 892 1497 983 τινὲς
1531 893 1668 997 τὴν
1696 903 1846 981 τοῖς
1891 893 2270 1001 ὑπηρέταις
2308 896 2599 998 ἐντριβῆ

163 1039 195 1098 5
218 1021 324 1100 καὶ
361 1020 859 1121 μελετωμένην
891 1019 1296 1121 συνήθειαν,
1333 1019 1402 1102 οἳ
1446 1027 1596 1106 τοῖς
1642 1020 2059 1124 ἡγουμένοις
2105 1019 2602 1124 προσάγοντες

213 1141 369 1232 τοὺς
429 1145 555 1226 ἐπί
609 1178 764 1226 τισι
829 1151 978 1225 τῶν
1034 1144 1178 1253 ἔξω
1241 1143 1465 1244 νόμου
1527 1145 2087 1251 κατειρημένους,
2150 1151 2406 1225 λαλεῖν
2468 1139 2603 1241 μὲν

211 1269 718 1373 ἐπιεικεοτερον
774 1271 893 1349 καὶ
956 1270 1093 1375 οὐχ
1157 1266 1450 1355 ἑκόντας
1513 1269 2018 1374 ἀναγκάζουσι,
2072 1267 2599 1376 παραφθεγξα-

209 1391 451 1492 μένους
484 1393 593 1483 ,δέ
636 1428 708 1475 τι
764 1400 912 1474 τῶν
964 1392 1475 1500 ἀπηχεστέρων
1529 1393 1695 1475 ἔσθ’
1753 1393 1871 1475 ὅτε
1933 1396 2053 1475 καὶ
2111 1394 2600 1499 ἀτιμάζουσιν.

208 1516 373 1597 ἀλλ’
429 1518 517 1599 οὗ
570 1518 842 1618 ταύτην
895 1513 1093 1618 οἶμαι
1146 1515 1279 1619 τὴν
1332 1520 1564 1600 αἰτίαν
1617 1523 1749 1619 τῆς
1809 1520 1926 1600 ἐπὶ
1980 1523 2288 1627 Χριστῷ
2349 1518 2607 1618 μανίας

122 1676 189 1717 ιο
209 1647 572 1744 συμβῆναι
626 1643 814 1741 τότε,
846 1639 1227 1750 πρόφασιν
1274 1640 1350 1724 δὲ
1403 1652 1532 1725 τοῦ
1584 1642 2052 1747 τολμήματος
2105 1641 2352 1747 ἑτέραν
2393 1641 2602 1747 εὑρή-

208 1800 446 1867 σομεν,
495 1775 651 1854 τοῖς
701 1767 841 1870 ἤδη
890 1765 1419 1872 προειρημένας
1471 1766 1600 1849 τὸν
1655 1775 1825 1849 νοῦν
1877 1768 2376 1871 ἐνερείσαντες.
2452 1765 2597 1846 ἐλέ-
2628 1806 2666 1850 ο

210 1924 421 1993 γομεν
455 1892 607 1998 γὰρ
645 1893 927 1995 ἀρτίως,
962 1891 1074 1973 ὅτι
1122 1899 1270 1977 τοῖς
1321 1888 1736 1995 ἡγουμένοις
1782 1891 2413 1997 προσκεκρούκασι
2456 1896 2605 1971 τῶν

211 2018 746 2122 ὑπηρετούντων
807 2016 1009 2116 τινὲς,
1075 2015 1143 2099 οἳ
1212 2015 1833 2124 προσετάχθησαν
1895 2012 2029 2117 μὲν
2084 2013 2606 2112 συλλαβέσθαι

209 2141 327 2222 τὸν
399 2144 722 2244 Ἰησοῦν,
802 2144 1158 2242 ἐπανῆκον
1237 2137 1316 2222 δὲ
1397 2144 1584 2222 οὕτω
1667 2138 2408 2243 μεμυσταγωγημένοι
2486 2141 2603 2220 καὶ

125 2294 189 2353 15
211 2267 722 2369 τεθαυμακότες
776 2266 1013 2365 αὐτὸν,
1065 2269 1164 2352 ὦς
1216 2264 1602 2371 διαρῤήδην
1657 2271 1875 2348 εἰπεῖν
1931 2275 1977 2314 “
2003 2264 2373 2346 Οὐδέποτε
2434 2262 2603 2344 ε’λά-
2690 2273 2880 2405 {31³2}

211 2398 251 2436 ‘⁶
282 2400 513 2491 λησεν
547 2392 780 2475 οὕτως
815 2390 1263 2496 ἀνθρωπος.”
1321 2388 1434 2495 ἐφ’
1474 2386 1534 2499 ᾦ
1585 2392 1705 2471 καὶ
1750 2387 2047 2498 σφόδρα
2091 2388 2603 2490 λελυττηκότες

211 2513 521 2622 ἔφασκον
560 2521 633 2598 οἱ
672 2519 1059 2621 Φαρισαῖοι
1094 2524 1138 2564 ‘⁶
1167 2514 1303 2616 Μὴ
1353 2517 1471 2596 καὶ
1520 2516 1713 2616 ὑμεῖς
1761 2513 2287 2617 πεπλάνησθε;
2342 2513 2445 2618 μή
2496 2549 2604 2601 τις
2693 2522 2774 2574 1¹²·
2797 2535 2897 2588 47·-

213 2648 251 2686 “
283 2643 355 2721 ἐκ
405 2649 556 2723 τῶν
615 2641 1043 2743 Φαρισαίων
1096 2636 1145 2740 ἢ
1206 2641 1285 2722 ἐκ
1348 2646 1497 2721 τῶν
1549 2641 1965 2744 ἡγουμένων
2021 2639 2450 2722 ἐπίστευσεν
2507 2647 2605 2726 εἰς

211 2764 535 2847 “abt-511·
512 2827 537 2865 ‚
632 2766 806 2844 ἀλλ’
872 2766 914 2845 5
985 2762 1209 2869 οχλος
1283 2764 1490 2849 οὗτος
1559 2770 1626 2845 οἱ
1695 2762 1798 2866 μὴ
1863 2762 2123 2849 εἰδότες
2188 2761 2318 2846 τὸν
2383 2762 2608 2865 νόμον

126 2897 250 2965 20“
279 2889 625 2995 ἐπάρατοί
657 2889 882 2970 cio-w?
883 2885 1206 3038 ’ἐπειδὴ
1241 2887 1481 2968 τοίνυν
1515 2895 1647 2969 τοῦ
1683 2892 2020 2991 Σωτῆρος
2072 2890 2114 2969 5
2163 2886 2384 3039 λόγος
2424 2922 2608 2992 προς

209 3012 604 3116 ἀνάμνησιν
650 3010 889 3093 εκάλει
936 3008 1104 3097 τοῦς
1150 3009 1582 3115 ἡγουμένους
1636 3016 1765 3112 τῆς
1813 3011 1999 3092 κατὰ
2047 3019 2194 3092 τῶν
2219 3014 2608 3161 ὑπηρετῶν
2631 3016 2676 3081 d

209 3170 652 3240 κεκινημενης
726 3133 890 3218 τότε
961 3138 1436 3239 βαρυθυμίας·
1511 3134 1880 3240 μάρτυρας
1943 3134 2088 3239 γὰρ
2152 3134 2407 3220 αὐτοὺς
2480 3141 2607 3236 τῆς

2572 3258 2602 3290 ὁ

211 3260 446 3345 ἑαυτοῦ
480 3261 968 3346 διδασκαλίας
1009 3259 1434 3366 παρεκόμιζε
1483 3260 1722 3364 λέγων
1755 3271 1800 3308 “
1821 3257 1973 3342 Ἴδε
2025 3260 2220 3341 οὗτοι
2268 3260 2524 3342 ’ίσασιν
2558 3297 2608 3343 α
2697 3266 2863 3330 Supra

2696 3347 2802 3382 ver.
2816 3347 2897 3382 21.

213 3384 477 3470 “εἶπον
533 3386 751 3493 ἐγώ·”
837 3383 1413 3491 ἀποκρουόμενος
1485 3389 1615 3488 τῆς
1688 3419 1786 3471 εις
1860 3384 2078 3467 αυτὸν
2144 3387 2414 3472 εὐνοίας
2476 3386 2609 3489 τὴν

128 3537 191 3599 25
215 3510 549 3620 ὑποψίαν,
610 3513 736 3594 καὶ
802 3516 950 3590 τῶν
1003 3510 1420 3613 ἡγουμένων
1472 3507 1602 3590 τὸν
1667 3518 1837 3592 νοῦν
1891 3512 2001 3619 ἐφ’
2058 3510 2298 3616 ἑτέρας
2361 3507 2612 3617 ὥσπερ

214 3638 687 3743 παρατρέπων
757 3635 1028 3719 ἐννοίας
1107 3636 1149 3716 5
1229 3636 1348 3716 ἐπὶ
1413 3639 1519 3742 τῷ
1590 3633 1959 3731 θαυμάσαι
2032 3636 2366 3739 Χριστὸν
2436 3636 2606 3739 παρ’

213 3763 478 3847 ἐκείνως
532 3758 1085 3862 ἐγκαλούμενος,
1138 3758 1570 3863 ἐπιστομίζει
1625 3762 2044 3867 ῥαπίσματι,
2093 3757 2186 3840 τὰ
2241 3766 2613 3842 λυποῦντα

216 3883 435 3987 λέγειν
470 3888 604 3968 οὐκ
638 3887 862 3992 ἐφιεὶς
895 3891 1044 3966 τῶν
1078 3886 1449 3990 ὑπηρετεῖν
1482 3883 1933 3987 τεταγμένων
1967 3882 2054 3964 τὸ
2104 3883 2609 3992 φιλοκίνδυνον
2634 3919 2670 3962 e

215 4016 486 4118 στῖφος.

350 4245 433 4301 17.
467 4228 739 4303 ἔφασκον]
765 4230 922 4286 αὐτὸν
944 4230 1185 4302 ἔφασκον
1209 4228 1276 4286 Ε.
1590 4242 1677 4301 25.
1713 4228 1952 4301 ὑποψίαν
1977 4229 2042 4285 Ε.
2066 4228 2340 4301 ὑπόληψιν
2363 4228 2467 4287 Ed.
