3269 5166
560 378 571 387 ·
629 348 676 409 4
1240 344 1318 411 B.
1368 344 1790 410 CYRILLI
1849 343 2433 410 ALEXANDR.
2623 342 3035 426 xvii.22,23.

635 508 824 609 ἡμᾶς
886 542 964 590 τε
1029 513 1146 591 καὶ
1206 508 1296 618 ἐξ
1354 510 1576 611 ἡμῶν,
1639 509 1992 609 τουτέστι,
2054 508 2407 614 Χριστὸν,
2472 511 2590 591 καὶ
2653 512 2783 610 τῆς
2848 508 3035 588 οὕτω

580 676 615 719 e
638 633 964 735 μεγάλης
1018 632 1342 741 ἀξιώσας
1394 634 1702 740 ἀγάπης·
1780 636 2027 740 γέγονε
2081 633 2158 716 δὲ
2211 634 2381 735 ἡμῖν
2416 635 2458 714 ό
2501 631 2728 734 λόγος
2784 634 2880 716 ὡς
2924 632 3032 712 ἐπ’

632 755 1022 859 ἀνθρώπου
1066 756 1315 839 πάλιν·
1395 762 1511 842 καὶ
1566 761 1737 860 ἡμῖν
1773 762 1967 866 ἐφεὶς
2014 757 2100 840 τὸ
2154 759 2411 866 ἐξεῖναι
2465 757 2722 838 τούτου
2777 763 3034 862 τυχεῖν,

633 888 791 966 πῶς
845 883 973 962 οὐκ
1021 885 1097 963 ἐν
1134 883 1277 991 ’lo-cp
1319 884 1558 994 μέτρῳ
1605 882 1737 965 τὸν
1769 888 1899 984 τῆς
1954 881 2241 986 ἀγάπης
2295 880 2689 984 ἐποιήσατο
2744 878 2972 982 λόγον
3004 913 3026 977 ;

626 1010 753 1087 καὶ
808 1008 1203 1110 θορυβείτω
1259 1016 1472 1090 τοῦτο
1515 1015 1662 1090 τῶν
1714 1007 2276 1114 νουνεχεστέρων
2323 1005 2609 1110 μηδένα.
2664 1005 3034 1111 πρόδηλον
3061 1024 3101 1087 5

633 1130 764 1231 μὲν
826 1129 971 1234 γὰρ
1037 1134 1155 1213 καὶ
1219 1131 1737 1238 ἀναμφιλόγως
1797 1132 1985 1239 ἕχον,
2051 1134 2150 1217 ὦς
2222 1130 2373 1212 κατ’
2441 1130 2692 1212 οὐδένα
2764 1128 3037 1233 τρόπον

636 1253 1130 1360 φιλονεικήσει
1183 1254 1360 1339 ποτὲ
1414 1260 1518 1364 τῷ
1577 1257 1730 1365 ἰδίῳ
1767 1253 2122 1361 Δεσπόη]
2169 1251 2254 1335 τὸ
2299 1258 2584 1336 δοῦλον·
2662 1255 2831 1335 ἀλλ’
2872 1250 3036 1334 οὐδὲ

633 1382 713 1459 ἐν
747 1379 888 1488 ἴσῳ
936 1382 1173 1488 μέτρῳ
1209 1388 1358 1465 τοῖς
1392 1378 1753 1481 ποιήμασι
1787 1414 1915 1460 τον
1953 1378 2132 1460 ἰ’διον
2167 1377 2349 1461 Υἱὸν
2383 1376 2827 1481 ἀγαπήσειεν
2863 1374 2955 1457 ἂν
2991 1378 3034 1457 ὁ

639 1501 824 1589 Θεος
854 1539 970 1584 και
944 1502 1277 1610 Πατήρ.
1338 1502 1539 1606 πλὴν
1574 1507 1796 1585 ἐκεῖνο
1833 1503 2389 1601 &taonem-{015⁰
2350 1537 2459 1584 οτι
2485 1538 2612 1584 τον
2639 1505 2726 1611 ἐξ
2758 1501 3037 1584 αἰώνων

635 1627 1132 1730 ἀγαπώμενον,
1196 1632 1293 1712 ὡς
1352 1629 1584 1735 ἀρχὴν
1645 1627 1905 1734 ἔχοντα
1964 1637 2094 1709 τοῦ
2157 1631 2581 1731 ἀγαπᾶσθαι
2644 1626 3033 1727 βλέπομεν,
3066 1672 3145 1714 ιο

296 1762 469 1822 1003
482 1762 556 1821 Δ·
577 1779 613 1821 ²
637 1785 755 1832 οτε
809 1749 1096 1855 γε’γονεν
1143 1753 1541 1856 ἅνθρωπος.
1621 1755 1877 1836 οὐκοῦν
1913 1786 2093 1856 οπερ
2130 1749 2276 1860 ειχε
2319 1750 2597 1850 λαβων,
2632 1754 2767 1858 οὐχ
2804 1753 3035 1862 ἑαυτω

634 1875 867 1976 δήπου
923 1875 1200 1976 λαβὼν,
1237 1879 1409 1957 ἀλλ’
1449 1879 1618 1978 ἡμῖν
1668 1881 1785 1958 καὶ
1841 1885 2054 1958 τοῦτο
2110 1879 2504 1959 ἁλώσεται.
2584 1875 2834 1980 ὥσπερ
2889 1876 3036 1982 γὰρ

633 2002 896 2096 ἀνεβίω
951 1998 1035 2082 τὸ
1082 2010 1211 2083 τοῦ
1262 2002 1575 2084 θανάτου
1632 2000 2054 2087 καταλύσας
2109 1999 2387 2107 κράτος,
2426 2003 2560 2107 οὐχ
2616 2003 2845 2111 ἑαυτῷ
2902 2001 3035 2102 τὴν

634 2125 1047 2207 ἀνάστασιν
1097 2134 1486 2230 κατορθῶν,
1524 2124 1572 2234 ᾗ
1612 2127 1855 2231 Λόγος
1908 2128 2067 2207 ἐστὶ
2119 2129 2235 2208 καὶ
2272 2124 2487 2224 Θεὸς,
2528 2128 2697 2207 ἀλλ’
2738 2127 2907 2227 ἡμῖν
2942 2125 3031 2207 δι’

634 2253 887 2332 ἑαυτοῦ
937 2253 1057 2332 καὶ
1105 2253 1181 2331 ἐν
1215 2252 1443 2361 ἑαυτῷ
1486 2259 1702 2333 τοῦτο
1746 2251 2010 2335 διδούς·
2086 2249 2227 2351 ὅλη
2261 2251 2406 2355 γὰρ
2441 2248 2532 2351 ἦν
2568 2251 2615 2351 ἡ
2651 2249 3034 2353 ἀνθρώπου
3067 2289 3143 2352 ¹5

633 2373 861 2482 φύσις
931 2377 1007 2456 ἐν
1080 2379 1418 2485 Χριστῷ,
1495 2410 1643 2457 των
1716 2374 2028 2457 θανάτου
2108 2374 2638 2481 κατορχουμένη
2711 2378 3029 2475 δεσμῶν·

633 2533 860 2585 ουτως
923 2501 1057 2607 οὐχ
1127 2501 1357 2610 ἑαυτῷ
1426 2497 1560 2603 τὴν
1621 2498 1823 2605 παρὰ
1879 2496 2173 2605 Πατρὸς
2245 2497 2538 2602 ἀγάπην
2603 2498 3034 2601 νοηθήσεται

634 2623 917 2719 λαβών·
996 2622 1086 2726 ἦν
1120 2625 1255 2726 μὲν
1285 2623 1430 2729 γὰρ
1466 2627 1573 2707 ἀεὶ
1616 2659 1735 2708 και
1784 2624 1904 2705 διὰ
1947 2659 2219 2710 παντος
2263 2624 2659 2729 ἀγαπητός·
2733 2625 2906 2705 ἀλλ’
2944 2624 3030 2705 ἵν’

565 2748 677 2821 b
634 2755 804 2847 ημῖν
844 2746 1263 2857 προξενήσῃ
1317 2748 1452 2851 τὴν
1503 2747 1705 2851 παρὰ
1743 2747 2036 2854 Πατρος
2091 2748 2403 2853 ἀγάπην,
2436 2750 2712 2855 δέχεται
2766 2748 3034 2850 ταύτην

632 2874 800 2976 παρ’
861 2874 1082 2954 αὐτοῦ
1137 2875 1254 2954 καὶ
1310 2872 1429 2956 ὅτε
1485 2874 1782 2978 γέγονεν
1839 2872 2241 2979 ἅνθρωπος.
2347 2873 2596 2979 ὥσπερ
2652 2875 2777 2954 οὖν
2830 2874 3025 2974 σύμ·
3064 2915 3148 2954 20

628 3003 899 3105 μορφοι
948 3002 1079 3100 τῆς
1134 3032 1213 3079 τε
1267 2996 1743 3084 ἀναστάσεως
1801 2998 2021 3079 αὑτοῦ
2075 3002 2194 3079 καὶ
2246 3003 2375 3098 τῆς
2430 2996 2648 3105 δόξης
2699 2996 3033 3097 ἐσόμεθα,

628 3120 1028 3227 γεγόναμέν
1080 3158 1159 3204 τε
1212 3122 1371 3225 ἤδη,
1429 3122 1753 3225 καθάπερ
1812 3124 1888 3203 ἐν
1943 3124 2238 3228 ἀπαρχῇ
2294 3130 2423 3203 τοῦ
2482 3122 2731 3225 γε’νους
2792 3125 2909 3203 καὶ
2958 3126 3036 3203 ἐν

630 3246 896 3355 πρώτῳ
923 3249 1253 3354 Χριστῷ,
1283 3250 1471 3328 οὕτω
1509 3249 1627 3327 καὶ
1666 3251 1794 3345 τῆς
1829 3244 2119 3349 ἀγάπης
2155 3249 2364 3328 οἱονεὶ
2399 3246 2534 3348 τὴν
2558 3248 3034 3355 συμμορφίαν

633 3368 1065 3473 ἐσχήκαμεν,
1134 3378 1733 3477 παραχωροῦντες
1803 3369 1934 3471 μὲν
2004 3369 2091 3452 τὸ
2166 3378 2366 3452 νικᾶν
2424 3375 2522 3456 εὶς
2581 3369 2868 3452 ἅπαντα
2929 3371 3035 3477 τῷ

635 3498 1063 3596 Μονογενεΐ·
1142 3491 1275 3595 τὴν
1311 3493 1387 3574 δὲ
1441 3498 1570 3596 τῆς
1625 3494 1818 3579 θείας
1873 3495 2165 3603 φύσεως
2222 3497 2298 3575 ἐν
2344 3503 2492 3580 τοῖς
2542 3496 2703 3576 καθ’
2744 3493 3033 3579 ἑαυτοὺς
3065 3531 3147 3593 25

633 3616 1076 3722 ἀσύγκριτον
1132 3617 1535 3769 ημερότητα
1588 3620 1874 3705 δικαίως
1930 3617 2427 3722 θαυμάζοντες,
2484 3623 2582 3705 ὡς
2648 3626 2799 3704 τοῖς
2858 3652 3011 3723 παρ

574 3770 610 3815 ο
634 3742 852 3822 αὐτοῦ
913 3741 1261 3845 γεγονόσι
1317 3741 1784 3849 χαριζομένην
1838 3742 1933 3825 τὰ
1996 3746 2247 3844 εαυτῆς
2308 3746 2422 3824 καὶ
2488 3742 3036 3844 κοινοποιοῦσης

630 3872 779 3952 τοῖς
815 3867 1230 3967 κτίσμασιν,
1265 3867 1450 3973 ἅπερ
1486 3870 1669 3975 αὐτῇ
1704 3867 2058 3973 προσήκει
2096 3871 2213 3950 καὶ
2247 3867 2458 3975 μόνῃ.

630 4125 898 4241 magn.
935 4114 985 4169 A
1075 4112 1196 4170 vad
1217 4114 1310 4186 τὴν
1332 4115 1564 4172 transilit
1588 4114 1656 4172 E.
1683 4115 1876 4188 partim
1899 4115 2114 4173 exhibet
2139 4113 2304 4171 Cord.
2691 4132 2775 4183 14.
2811 4114 2870 4172 ἐν
2891 4115 3030 4172 αὔτ“

637 4273 721 4328 19.
630 4183 1181 4395 κώἂγιὶίπιὲιῖνῗΙῦ-ΡΜ
1106 4256 1412 4327 νοηθὴσεται
1432 4259 1616 4324 λαβὼν
1640 4256 1695 4328 (e
1717 4187 2345 4347 εὲἒηῗὲἑωεωμαω
2370 4184 2807 4329 ἴέἐσχῆιὲαξεν
2814 4184 3036 4350 ἴέῗυῗῑΕ.

632 4341 720 4455 2ἔ·
754 4325 1191 4471 §vag‘pm2'E
1092 4325 1217 4397 ]·ῗσ
1241 4331 1576 4401 xaptsommc
1600 4327 1704 4385 Ed.
1730 4348 1843 4402 mg.
1866 4328 2205 4402 χαριζομένην
2228 4337 2370 4386 recte
2393 4328 2609 4386 exhibet
2635 4328 2693 4385 F.
2783 4329 2939 4399 αὐτῆς
2964 4329 3034 4385 Ε.
