3269 5166
631 340 759 404 198
959 339 1042 403 Β.
1088 338 1466 404 CYRILLI
1519 338 2054 404 ALEXANDR.
2113 339 2679 405 FRAGMENTA
2818 339 2930 404 vii.
2959 339 3019 402 8.

311 440 423 506 [¹⁷
447 440 525 491 M·
550 440 576 506 J
625 502 1220 605 κατακεκραγέναι
1291 510 1582 603 μᾶλλον
1647 507 1773 602 τῆς
1841 505 1918 583 ἐν
1988 504 2158 603 ἡμῖν
2216 507 2612 589 ἀσθενείας·
2701 506 2859 585 ἀνθ’
2919 501 3021 583 ὧν

503 667 513 675 ·
622 629 841 732 ἐχρῆν
887 628 1418 708 ἀνακόπτεσθαι
1454 626 1574 706 διὰ
1608 635 1738 707 τοῦ
1788 628 2026 727 νόμου,
2065 627 2183 707 διὰ
2232 627 2505 710 τούτων
2541 665 2637 713 εις
2673 626 2766 708 τὰ
2802 628 3019 733 χείρω

621 785 1299 853 παροτρυνομενους.
1398 750 1650 853 ηγὰρ
1713 752 2095 854 ἀνθρώπου
2158 750 2434 833 διάνοια
2490 753 2574 834 τὸ
2635 753 3020 856 φιλόκενον

621 878 730 956 ἀεὶ
782 875 965 979 πρὸς
1017 873 1385 974 ἐπιθυμίας
1442 882 1663 956 νοσεῖ.
1743 877 1859 955 καὶ
1902 877 1943 955 6
1981 873 2112 972 μὲν
2163 883 2390 958 ποιῶν
2447 875 2576 961 τὰς
2625 876 3019 976 ἐπιθυμίας,

622 1002 720 1085 ὡς
776 997 971 1080 θέλει
1026 998 1137 1106 ζῇ,
1197 996 1677 1104 ἀνενόχλητος
1718 996 1841 1078 ὧν·
1898 1002 1939 1080 6
1983 999 2060 1080 δὲ
2114 999 2536 1081 ἀνακόπτων
2591 1001 2835 1099 αὐτὰς,
2884 1002 3021 1104 ἀγ-
3046 1032 3083 1092 5

616 1123 960 1227 ριωτέραν
1014 1122 1407 1228 εἰσδέχεται
1461 1121 1594 1223 τὴν
1648 1129 1795 1203 τῶν
1847 1129 2102 1205 παθῶν
2157 1124 2445 1230 ἔφοδον·
2526 1128 2644 1205 καὶ
2686 1132 2834 1206 τῶν
2887 1124 3022 1223 μὲν

617 1248 1016 1355 προχείρων
1080 1248 1304 1331 οὐδεὶς
1370 1249 1709 1346 ἐπιθυμεῖ·
1787 1244 1887 1327 ὧν
1951 1247 2028 1328 δὲ
2083 1245 2440 1329 κωλύεταί
2495 1284 2602 1333 τις
2667 1251 3017 1348 ἐπιθυμεῖ.

618 1372 786 1453 ὅθεν
840 1380 970 1453 τοῦ
1029 1371 1249 1471 νόμου
1297 1371 1763 1456 κωλύσαντος
1818 1371 1903 1451 τὸ
1960 1370 2320 1471 βλάπτον,
2375 1373 2663 1476 γέγονεν
2718 1371 3019 1479 ἀφορμὴ

616 1504 764 1583 τοῖς
813 1495 1352 1599 ἀσθενεστέροις
1387 1502 1514 1575 τοῦ
1548 1494 1776 1577 πλέον
1810 1495 2029 1575 αὐτοῦ
2063 1498 2442 1597 ἐπιθυμεῖν.

399 1746 589 1823 Ssqq.
976 1813 987 1830 ,
1185 1738 1400 1829 Χωρὶο
1454 1739 1575 1829 Γᾶρ
1630 1741 1830 1816 νόμου
1883 1740 2164 1830 ἁμαρτία
2220 1743 2439 1832 νεκρά.
3052 1776 3120 1817 10

730 1918 822 1993 Εἰ
874 1911 1019 2016 γὰρ
1066 1912 1168 2012 μὴ
1219 1912 1468 2010 κέοιτο,
1506 1914 1760 2020 φησὶν,
1797 1914 1838 1993 6
1878 1913 2006 1994 τὸν
2049 1918 2175 2013 τῆς
2233 1910 2690 2020 φαυλότητος
2745 1915 3020 2017 τρόπον

613 2034 1093 2138 καταδικάζων
1153 2034 1398 2135 νόμος,
1471 2036 1768 2141 ἀδρανὲς
1833 2034 1923 2117 ἂν
1986 2036 2267 2139 γε’νοιτο
2326 2037 2409 2118 τὸ
2476 2035 2720 2119 κακόν·
2800 2074 3010 2118 κατε-

608 2158 947 2263 ρεθίζεται
1020 2159 1166 2264 γὰρ
1227 2163 1606 2266 μονονουχὶ
1681 2160 1864 2264 πρὸς
1926 2159 2143 2266 ἰσχὺν
2207 2160 2325 2241 διὰ
2381 2169 2509 2242 τοῦ
2586 2161 2829 2262 νόμου,
2898 2168 3019 2243 καὶ

610 2283 1096 2392 ῥᾳθυμότερον
1158 2285 1288 2384 μέν
1351 2318 1501 2365 τισι
1564 2285 1650 2365 τὸ
1712 2288 1840 2385 τῆς
1899 2287 2154 2387 ἡδονῆς
2228 2286 2625 2386 ἐγκείσεται
2699 2286 3017 2389 κε’ντρον,

613 2410 1073 2506 ἐπιτιμῶντος
1107 2410 1301 2517 αὐτῷ
1337 2405 1659 2508 μηδενός·
1740 2410 1962 2507 μόνον
1998 2408 2074 2490 δὲ
2112 2411 2271 2515 οὐχὶ
2311 2413 2427 2489 καὶ
2463 2411 3019 2509 ἀπαμβλύνεται
3050 2442 3120 2502 15

615 2537 719 2637 τῷ
794 2535 922 2631 τῆς
984 2531 1319 2639 ἐξουσίας
1380 2530 1642 2613 πλάτει
1707 2533 2246 2635 γοητευόμενον·
2334 2534 2419 2614 οὗ
2472 2533 2618 2636 γὰρ
2675 2532 2868 2621 ὅλως
2933 2535 3020 2616 τὸ

616 2658 1091 2736 ἀντιστατοῦν
1129 2656 1354 2754 οὐδὲν,
1389 2660 1534 2737 ἐκεῖ
1559 2693 1702 2738 που
1735 2655 2021 2743 πάντως
2059 2662 2269 2762 ἀργεῖ
2298 2661 2415 2738 καὶ
2450 2658 2537 2737 τὸ
2574 2657 3013 2765 φιλόνεικον.

619 2777 831 2881 νεκρὰ
865 2788 1244 2883 τοιγαροῦν
1277 2780 1323 2879 ἡ
1359 2783 1691 2884 ἁμαρτία,
1732 2779 1953 2882 νόμου
1988 2781 2074 2862 τὸ
2109 2779 2464 2884 πρακτέον
2499 2781 2601 2881 μὴ
2638 2785 3012 2887 διαγορεύ-

618 2932 849 2988 οντος·
926 2903 1233 3007 ἐζηκέναι
1283 2900 1359 2983 δέ
1416 2910 1649 3012 φησιν
1692 2907 1733 2985 6
1776 2902 2261 3008 μυσταγωγὸς
2315 2913 2518 3010 χωρὶς
2576 2909 2767 3012 νόμου
2824 2909 3014 2989 ποτ-ἔ·

617 3025 770 3109 εἶτα
811 3029 926 3125 τ’ἧς
977 3028 1239 3123 ἐντολῆς
1288 3026 1617 3127 ἐλθούσης,
1654 3032 2045 3124 ἀναβιῶναι
2092 3027 2223 3129 μὲν
2267 3028 2401 3128 τὴν
2435 3030 2808 3132 ἁμαρτίαν,
2847 3039 3014 3113 τεθ-
3049 3064 3126 3106 20

618 3152 822 3234 νάναι
855 3154 1084 3257 γεμὴν
1117 3153 1369 3234 ἑαυτὸν
1403 3152 1928 3258 διισχυρίζεται.

730 3281 877 3357 Καὶ
941 3275 1363 3384 σχηματίζει
1425 3276 1557 3377 μὲν
1616 3279 1692 3357 ἐν
1757 3278 2033 3362 τούτοις
2095 3280 2208 3384 ἐφ’
2272 3279 2500 3386 ἑαυτῷ
2562 3277 2691 3359 τὸν
2758 3279 3013 3384 λόγον·

617 3399 811 3497 οἶμαι
866 3401 942 3483 δέ
996 3437 1223 3505 εγωγε
1280 3399 1597 3482 τοιοῦτόν
1651 3437 1722 3482 τι
1779 3402 2182 3499 βούλεσθαι
2239 3407 2509 3503 δηλοῦν
2564 3403 2801 3485 αὐτόν·
2880 3407 3021 3488 ὗπο

616 3526 817 3624 δίκην
857 3525 987 3625 μὲν
1024 3525 1169 3628 γὰρ
1219 3526 1808 3628 ὁμολογουμένως
1857 3528 2015 3606 ἐστι
2065 3528 2180 3606 καὶ
2225 3524 2307 3607 τὸ
2353 3529 2430 3607 ἐν
2466 3527 2722 3636 ἀγνοία
2755 3541 3018 3630 πλημ-

614 3657 878 3749 μελεῖν·
947 3649 1154 3729 ἔσται
1209 3649 1287 3729 δὲ
1344 3682 1455 3729 οτι
1511 3650 2001 3756 φορτικωτέρα
2059 3656 2207 3735 τοῖς
2256 3650 2527 3732 εἰδόσιν
2583 3652 2629 3751 ἡ
2689 3650 3021 3754 κόλασις,
3049 3686 3126 3749 25

277 3793 478 3847 s.1.uo.
504 3792 595 3844 xii
615 3771 1263 3880 πεπληροφόρηκεν
1319 3773 1360 3851 6
1407 3770 1666 3876 Σωτὴρ
1723 3775 1959 3876 λέγων
2011 3776 2109 3854 Ο
2148 3772 2349 3859 ειδως
2403 3775 2487 3856 τὸ
2544 3773 2831 3875 θελημα
2887 3789 3021 3860 τοῦ

277 3874 361 3926 ⁴⁷⁹
377 3861 461 3925 ⁴8⁶
615 3898 857 4001 κυρίου
892 3898 1130 3994 αὐτοῦ,
1171 3900 1288 3975 καὶ
1340 3895 1443 3996 μὴ
1479 3896 1813 3997 ποιήσας,
1853 3897 2239 4001 δαρήσεται
2293 3897 2605 3984 πολλοῖς·
2685 3902 2726 3980 6
2782 3901 2863 3981 δὲ
2916 3902 3019 4004 μὴ

682 4101 736 4155 3.
821 4086 1051 4138 ιλοκενον
1073 4081 1234 4138 edidi.
1260 4084 1568 4154 φιλόκαινον
1594 4081 1734 4138 Cod.
2086 4101 2108 4139 1
2122 4101 2169 4139 1.
2205 4085 2309 4158 γὰρ
2334 4103 2442 4141 om.
2466 4085 2536 4142 A.
2642 4089 3018 4145 τὸν-καταδι-

613 4086 1234 4282 κάξωνΐτῶν-τρόπων
1227 4158 1525 4225 κατηγορῶν
1546 4154 1617 4207 A.
2170 4173 2253 4223 14.
2293 4156 2471 4228 κέντρο
2472 4157 2705 4227 νδένδρ
2706 4180 2769 4212 ον
2792 4160 2920 4231 (sic)
2948 4164 3016 4216 A.

740 4227 797 4280 δε
820 4243 929 4280 om.
958 4225 1025 4279 A.
1268 4238 1349 4294 17.
1387 4224 1471 4278 καὶ
1495 4232 1838 4294 assumptum
1861 4243 1927 4280 ex
1952 4226 2022 4280 A.
2116 4179 2471 4297 φιλόνεικονρο
2441 4229 2508 4282 A.
2567 4230 2883 4299 ,φιλόνικον
2908 4232 3015 4287 Ed.

616 4240 700 4352 ῐξ.
677 4296 793 4422 aim)
818 4292 1206 4384 διαγορεύοντος
1229 4294 1298 4349 Α.
1317 4293 1665 4384 διακρίνοντος
1685 4294 1803 4350 Cat.
1825 4297 1974 4361 alter,
2002 4295 2125 4361 Ed„
2145 4307 2397 4352 monente
2418 4298 2488 4367 μὴ
2513 4315 2630 4353 esee
2652 4302 3019 4357 necessarium

1067 4382 1149 4435 19.
1185 4363 1463 4488 Ἐζῖκέναι
1467 4386 1564 4433 μεν
1585 4382 1790 4420 novum
1812 4367 2090 4422 scholion
2076 4367 2336 4438 meipiens
2358 4369 2430 4423 A.
2704 4385 2794 4426 21.
2832 4373 3020 4427 ἑαυτὸν

610 4436 881 4507 διισχυρῒ
827 4460 845 4490 ι
875 4456 985 4490 cmc
1008 4435 1077 4488 A.
1103 4435 1259 4489 αυτὸν
1300 4434 1599 4523 σχυρίζεται
1624 4434 1730 4490 Ed.
2043 4454 2129 4508 23.
2166 4440 2403 4493 τοιουτόν
2426 4439 2495 4493 Α.
2499 4437 2565 4492 B.
2592 4437 2801 4531 Migne.
2826 4445 3019 4497 τοῦτόν

642 4508 774 4578 preli
798 4506 1135 4629 ερὴἪαιε
1144 4504 1276 4559 Mai.
1381 4504 1733 4567 βουλεύεσθαι
1759 4508 1824 4562 A.
2167 4525 2361 4580 24—p.
2385 4526 2501 4582 199,
2529 4525 2578 4564 2.
2616 4508 2705 4565 Ab
2729 4510 2918 4583 ἀγνοίᾳ
2941 4512 3010 4568 ad

814 4585 934 4630 tran
1022 4583 1043 4628 t
