3269 5166
226 342 269 406 i.
300 362 354 405 1.
717 341 825 406 IN
881 339 1402 406 EPISTOLAM
1461 339 1588 404 AD
1651 338 2158 404 HEBRAEOS.
2507 340 2637 404 363

2728 448 2789 485 10
2838 436 2915 487 M.

229 503 586 608 Χριστός·
660 502 996 606 περιττὴν
1031 504 1457 609 ἀποφαίνων
1505 502 1639 603 τὴν
1688 507 1785 588 ὡς
1833 506 1912 584 ἐκ
1970 502 2197 585 τύπου
2249 507 2369 583 καὶ
2423 511 2638 588 σκιᾶς
2681 434 2706 501 [
2793 443 2819 499 ⁷
2933 436 2958 502 ]

230 627 808 735 χρειωδεστάτην
868 635 1018 712 τοῖς
1074 625 1306 708 πάλαι
1365 626 1811 734 παράδειξιν.
1883 628 2279 728 καθίστησι
2328 626 2405 708 δὲ
2453 627 2636 731 πρὸς

230 753 467 860 τούτῳ
503 755 620 831 καὶ
680 759 892 832 τοῦτο
945 751 1118 852 ἡμῖν
1153 748 1462 855 ε’ναργὲς,
1500 749 1610 830 ὅτι
1649 753 1768 830 καὶ
1811 758 1959 835 τοῖς
2008 754 2084 831 ε’ν
2121 752 2315 859 νόμῳ
2357 758 2626 845 βεβιω-

234 874 401 955 κόσι
439 881 814 977 λαμπρῶς,
851 874 1316 975 συμβέβηκεν
1353 875 1489 978 οὐχ
1524 873 1778 976 ἑτέρως
1815 871 1900 954 τὸ
1936 877 2013 954 ἐν
2047 875 2391 959 εὖκλείαις
2428 873 2627 977 γενέ-

167 1017 207 1078 5
230 1005 413 1079 σθαι
459 1002 577 1078 καὶ
626 999 1037 1096 εὐδοκιμεῖν,
1071 996 1349 1096 πλὴν
1309 1032 1419 1077 οτι
1463 997 1581 1077 διὰ
1614 1002 1743 1095 τῆς
1776 998 2088 1082 πίστεως
2124 1003 2251 1096 τῆς
2287 1004 2383 1083 εἰς
2422 996 2634 1096 Θεὸν,

232 1126 349 1203 καὶ
386 1121 499 1203 ὅτι
536 1120 784 1227 χρῆμά
824 1123 1025 1200 ἐστιν
1057 1123 1357 1224 ἀρχαῖον
1392 1121 1438 1221 ἡ
1474 1121 1723 1204 πίστις
1758 1123 1877 1201 καὶ
1910 1128 2059 1205 τοῖς
2095 1122 2321 1224 ἁγίοις
2356 1121 2636 1269 πατρά-

229 1281 358 1326 σιν
412 1244 753 1348 ἐντριβεᾝς
835 1244 963 1324 οὐκ
1034 1244 1400 1397 ἐχρήσατο
1462 1241 1539 1323 δὲ
1609 1251 1767 1327 ταῖς
1828 1245 2392 1342 κατειθισμέναις
2443 1244 2637 1350 αὐτῷ

232 1372 487 1475 ἀρχαῖς
542 1403 619 1448 τε
676 1371 794 1448 καὶ
847 1367 1268 1471 προοιμίοις,
1316 1364 1771 1468 ἐπειδήπερ’
1734 1401 1811 1445 εν
1858 1368 2204 1472 ὑποψίαις
2260 1400 2337 1445 τε
2391 1364 2482 1466 ἦν
2518 1369 2635 1447 καὶ

234 1498 613 1589 διαβολαῖς
663 1490 864 1643 παρὰ
917 1497 1064 1575 τοῖς
1117 1523 1566 1571 πιστευσασι
1620 1496 1767 1570 τῶν
1801 1491 2247 1570 Ἰουδαίων“
2203 1525 2300 1575 ως
2353 1497 2504 1574 τοῖς
2551 1490 2637 1596 ἐξ

128 1656 207 1696 ιο
233 1618 459 1696 ε’θνῶν
501 1616 1022 1718 προσκείμενον
1077 1616 1194 1693 καὶ
1249 1610 1688 1693 διδάσκοντα
1740 1612 2016 1697 πάντας
2071 1618 2404 1719 πανταχῆ
2460 1614 2630 1716 παρ’
2660 1630 2748 1747 Q
2759 1632 2895 1746 120¹·-

232 1738 438 1818 οὐδὲν
472 1738 807 1840 ἡγεῖσθαι
844 1771 974 1817 τον
1023 1735 1245 1836 νόμον
1282 1739 1399 1816 καὶ
1447 1744 1594 1816 τῶν
1630 1772 1761 1836 μεν
1796 1733 2153 1845 πατρῴων
2187 1738 2369 1817 ε’θῶν
2406 1741 2502 1821 ὡς
2538 1743 2633 1816 εὶ-
2660 1761 2765 1811 xxi.
2793 1713 2872 1812 ηιξ.

1046 1863 1063 1887 ‚
1120 1860 1139 1886 ‚
1194 1862 1212 1885 .
1273 1859 1297 1886 ι

231 1992 380 2065 τῶν
413 1982 751 2091 πράξεων
790 1991 936 2064 τῶν
972 1982 1412 2065 ἀποστόλων
1447 1982 1660 2065 τοῦτό
1700 1986 1860 2064 ἐστι
1904 1991 2357 2080 καταμαθεῖν.
2438 1989 2628 2064 οἶκο-

235 2108 689 2205 νομικῶτατα
742 2109 981 2188 τοίνυν
1036 2104 1503 2210 περιστέλλει
1568 2107 1665 2187 τὰ
1725 2107 2032 2208 συνήθη,
2103 2111 2221 2187 καὶ
2286 2108 2634 2209 σεσίγηκε

126 2266 204 2326 15
233 2232 363 2331 μὲν
417 2237 551 2333 τῆς
600 2234 1020 2331 ἀποστολῆς
1066 2229 1201 2331 τὴν
1248 2229 1484 2335 χάριν·
1556 2232 1911 2336 κεχώρηκε
1947 2231 2025 2311 δὲ
2069 2239 2361 2331 μᾶλλον
2396 2234 2512 2311 ε’πὶ
2547 2229 2633 2310 τὸ

233 2361 646 2456 μεμνῆσθαι
700 2359 845 2435 δεῖν
888 2355 1217 2456 πατέρων
1272 2388 1349 2433 τε
1405 2355 1527 2434 καὶ
1575 2361 1976 2458 προφητῶν
2025 2356 2272 2457 ἁγίων,
2309 2354 2625 2457 εὐπαρά-

235 2485 484 2560 δεκτον
530 2478 834 2559 ἔσεσθαι
889 2478 1018 2559 τὸν
1068 2475 1294 2580 λόγον
1340 2478 1577 2562 αὐτοῖς
1631 2476 1751 2557 διὰ
1802 2478 2058 2559 τούτου
2111 2479 2628 2563 πεπιστευκώς.

234 2604 375 2710 ἔφη
408 2611 592 2707 γοῦν

619 2859 924 2927 Λαλήσαε
974 2854 1112 2926 τοῖς
1166 2859 1489 2948 πατράσιν
1540 2860 1621 2931 ἐν,
1670 2855 1808 2926 τοῖς
1862 2863 2263 2950 προφήταις.
2355 2845 2366 2852 ’
2666 2871 2824 2948 Κεφ.
2858 2862 2940 2931 α’.

121 3062 237 3118 20·
356 3028 740 3132 Λελᾶληκε
783 3030 912 3129 μὲν
949 3031 991 3110 ὁ
1028 3030 1215 3115 Θεὸς
1261 3038 1412 3117 τοῖς
1460 3030 1942 3137 ἀρχαιοτέροις
1991 3034 2067 3110 ἐν
2106 3032 2472 3128 Πνεύματι
2521 3032 2639 3112 διὰ

233 3153 602 3253 στόματος
661 3155 885 3257 ἁγίων
948 3158 1065 3234 καὶ
1130 3154 1248 3234 διὰ
1283 3159 1552 3261 ’φωνῆς
1604 3159 2026 3260 προφητῶν,
2081 3158 2199 3233 καὶ
2261 3163 2438 3257 γοῦν
2496 3155 2636 3262 ἔφη

234 3281 322 3359 δι’
374 3276 529 3363 ἑνὸς
584 3279 820 3357 αὐτῶν
867 3276 997 3360 τάς
1052 3282 1198 3357 τῶν
1249 3279 1616 3358 Ἰουδαίων
1671 3278 2008 3362 ἀπονοίας
2060 3278 2413 3380 ε’ντρέπων
2467 3289 2512 3325 “
2537 3283 2638 3359 Οἱ
2662 3290 2813 3407 ‘5th-
2830 3290 2866 3341 i·
2888 3304 2937 3354 5»

234 3411 279 3449 “
312 3400 613 3503 πατέρες
668 3402 864 3500 ὑμῶν
917 3408 1060 3480 ποῦ
1115 3406 1257 3480 εἶσι
1311 3403 1429 3480 καὶ
1493 3405 1562 3479 οὶ
1625 3405 1998 3505 προφῆται
2059 3398 2160 3501 μὴ
2219 3399 2348 3480 τὸν
2414 3408 2636 3482 αἰῶνα
2698 3393 2712 3407 ’

233 3535 279 3571 “
316 3521 657 3626 ζήσονται
686 3556 710 3621 3
771 3521 972 3623 πλὴν
1015 3521 1108 3602 τὰ
1152 3520 1417 3623 νόμιμά
1463 3558 1604 3621 μου
1641 3526 1759 3603 καὶ
1793 3524 1887 3603 τὰ
1916 3523 2452 3628 προστάγματα
2492 3560 2635 3625 μου

108 3682 199 3742 25
231 3656 279 3693 “
317 3645 615 3751 δέχεσθε
655 3645 802 3727 ὅσα
845 3643 988 3749 ἐγὼ
1024 3646 1459 3745 ἐντέλλομαι
1496 3648 1573 3725 ἐν
1607 3646 1962 3746 πνεύματί
1988 3681 2130 3747 μου
2165 3654 2313 3732 τοῖς
2350 3648 2636 3734 δούλοις

231 3779 279 3816 “
315 3804 459 3868 μου
511 3777 662 3853 τοῖς
713 3768 1188 3875 προφήταις.”
1278 3770 1447 3848 ἀλλ’
1507 3775 1566 3848 εὶ
1620 3774 1739 3849 καὶ
1792 3769 1883 3871 ἦν
1934 3771 2010 3849 ἐν
2067 3769 2432 3871 Πνεύματι
2487 3778 2636 3856 τοῖς

231 3893 716 3997 ἀρχαιοτέροις
769 3896 899 3991 τῆς
950 3891 1390 4000 προφητείας
1446 3893 1490 3993 ἡ
1544 3892 1771 3997 χάρις,
1827 3894 1912 3973 οῦ
1965 3894 2216 3995 γε’γονε
2273 3896 2441 3999 δίχα
2508 3904 2635 3976 τοῦ

231 4022 314 4099 ἐκ
365 4016 657 4121 Πατρός
711 4015 919 4101 ὄντος
954 4022 1149 4097 Θεοῦ
1185 4015 1461 4119 Λόγου·
1539 4023 1761 4096 λαλεῖ
1806 4015 1949 4119 γὰρ
2004 4016 2232 4120 ἀγίοις
2289 4017 2638 4102 ὡσαύτως

231 4138 323 4220 τὸ
364 4146 665 4239 Πνεῦμα
700 4141 945 4220 αὑτοῦ.
1021 4142 1139 4219 καὶ
1176 4140 1260 4219 οῦ
1297 4138 1529 4240 δήπου
1566 4141 1747 4247 φαίη
1783 4174 1891 4225 τις
1935 4137 2025 4219 ἂν
2062 4139 2128 4220 εἴ
2156 4174 2239 4242 γε
2281 4149 2450 4221 νοῦν
2487 4141 2648 4245 ἕχοί

102 4303 204 4362 3ο
233 4267 337 4349 ὦς
387 4262 472 4345 τὸ
511 4269 813 4362 Πνεῦμα
859 4259 944 4342 τὸ
975 4260 1220 4365 Ἅγιον
1276 4261 1712 4366 ὑπουργικὴν
1767 4269 1863 4348 εἷς
1919 4264 2105 4363 ἡμᾶς
2158 4265 2639 4366 ἀποπεραῖνον

387 4519 471 4561 11.
507 4504 671 4561 ὄθνόι
694 4502 834 4575 (sic)
861 4502 953 4558 Cr.
1292 4503 1374 4559 16.
1411 4503 1491 4559 δεῖ
1516 4504 1609 4560 Cr.
1947 4522 2030 4561 20.
2068 4525 2098 4561 e
2122 4523 2168 4561 c.
2194 4504 2288 4560 fol.
2315 4503 2419 4575 236
2444 4521 2494 4557 v.

1358 4608 1396 4673 3
1428 4607 1471 4650 A
1504 4606 1540 4656 2
