3269 5166
229 339 353 406 xix.
381 362 485 431 23,
509 365 610 428 24.
765 348 872 412 IN
933 349 1002 413 S.
1050 347 1570 414 JOANNEM.
1663 347 1856 413 LIB.
1903 346 2065 413 XII.
2541 346 2623 407 87

323 513 363 580 ἡ
427 515 644 605 Γραφὴ
712 523 1035 610 πληρωθῇ
1099 520 1138 585 ἡ
1203 520 1479 594 Ain-ouon
1541 515 2010 609 Διεμερίσαντο
2072 517 2151 584 τὰ
2220 513 2438 593 ἱμάτιά
2500 537 2625 591 μου

323 639 604 724 ἑαυτοῖς,
662 644 771 709 καί
821 645 935 712 ἐπὶ
990 646 1104 715 τὸν
1160 643 1501 724 ἱματισμόν
1558 668 1684 724 μου
1747 645 1985 726 ἔβαλον
2046 651 2303 735 κλῆρον·
2382 640 2443 709 οἶ
2503 641 2624 719 μὲν

324 764 437 836 οὖν
491 772 886 861 στρατιῶται
937 777 1136 839 ταῦτα
1186 772 1529 843 ἐποίησαν.

335 945 798 1043 Διενείμαντο
853 944 985 1044 μὲν
1032 955 1086 1027 οἱ
1142 945 1547 1054 στρατιῶται
1605 943 1699 1027 ταὶ
1753 955 1882 1028 τοῦ
1941 949 2276 1049 Σωτῆρος
2335 941 2619 1050 ἱμάτια,

178 1078 210 1139 5
231 1071 744 1171 θηριοπρεποῦς
791 1068 1214 1173 ἀγριότητος
1263 1074 1384 1150 καὶ
1431 1075 1560 1171 τῆς
1611 1070 1915 1171 ἐνούσης·
1958 1071 2195 1154 αὐτοῖς
2242 1070 2626 1170 ἀπανθρω-

228 1191 386 1275 πίας
441 1195 564 1273 καὶ
616 1201 829 1275 τοῦτο
883 1193 1273 1279 δεικνύντες
1322 1203 1651 1294 σημεῖον.
1745 1197 1823 1276 ἐν
1865 1195 2006 1276 ἔθει
2059 1192 2204 1299 γάρ
2257 1227 2412 1277 πως
2466 1193 2623 1273 ἐστὶ
2652 1221 2689 1266 ο

228 1322 367 1399 τοῖς
421 1324 822 1403 κολασταῖς
875 1318 1139 1419 ἥκιστα
1194 1315 1328 1418 μὲν
1380 1321 1726 1422 ἐπαλγεῖν
1779 1326 1934 1403 ταῖς
1988 1325 2136 1398 τῶν
2184 1315 2627 1419 κατακρίτων

228 1440 759 1545 ταλαιπωρίαις,
818 1443 1309 1548 ἀπηνέστερον
1374 1443 1451 1525 δὲ
1526 1443 1572 1547 ἢ
1638 1447 2009 1547 προσῆκεν
2072 1439 2233 1522 ἔσθ’
2295 1439 2414 1520 ὅτε
2481 1446 2629 1525 τοῖς

227 1566 872 1667 προστεταγμένοις
927 1569 1318 1672 ὑπηρετεῖν,
1356 1570 1472 1648 καὶ
1527 1574 1678 1652 ταῖς
1734 1574 1882 1648 τῶν
1928 1563 2367 1672 πασχόντων
2414 1567 2628 1645 ἐπαν-

145 1714 209 1756 10
230 1688 587 1794 δρίζεσθαι
649 1697 1083 1800 συμφοραῖς,
1141 1695 1261 1774 καὶ
1314 1690 1564 1798 ὥσπερ
1617 1691 1782 1773 τινὰ
1838 1696 2111 1796 κλῆρον
2165 1687 2628 1789 καθικόμενον

231 1850 321 1900 εις
370 1814 654 1913 αὐτοὺς,
707 1816 793 1923 ἐξ
846 1817 1237 1918 ἀναγκαίου
1297 1851 1375 1896 τε
1441 1851 1559 1896 και
1626 1818 1929 1916 νομίμου
1992 1813 2242 1918 λόγου,
2298 1812 2426 1895 τὸν
2482 1819 2626 1894 τῶν

233 1942 518 2039 ἱματίων
582 1947 950 2022 ποιεῖσθαι
1021 1939 1542 2047 σφετερισμόν.
1648 1975 1745 2026 εις
1810 1976 2123 2050 τεο-παρα
2184 1938 2423 2020 τοίνυν
2481 1941 2621 2018 διε·

232 2062 468 2150 λόντες
551 2063 716 2173 μέρη
795 2064 890 2144 τὰ
968 2065 1485 2169 διηρπασμένα,
1564 2064 1766 2145 σῶόν
1831 2100 1907 2146 τε
1990 2068 2108 2145 καὶ
2190 2060 2627 2163 ἀδιάτμητον

232 2199 520 2293 τηροῦσι
576 2187 710 2271 τὸν
763 2190 908 2269 ἕνα.
1010 2189 1513 2295 διαίύηγνύναι
1566 2187 1712 2293 γὰρ
1771 2191 1854 2271 οὐ
1908 2194 2103 2270 δοκεῖ
2147 2186 2233 2269 τὸ
2288 2186 2388 2288 μὴ
2442 2222 2625 2268 παν-
2649 2200 2695 2265 d

150 2335 213 2399 15
233 2322 441 2400 τελῶς
499 2317 835 2421 ἄχρειοῦν
880 2313 1153 2415 ἀρέσαν
1205 2315 1464 2398 αὐτοῖς·
1526 2311 1901 2417 κληρωτὸν
1944 2322 2324 2417 τοιγαροῦν
2376 2310 2617 2412 ἐποιή-

234 2472 450 2521 σαντο
512 2443 774 2543 δῶρον.
882 2439 967 2519 οὐ
1031 2436 1175 2541 γὰρ
1240 2438 1564 2542 ἐνεχώρει
1628 2438 2061 2546 ψεύσασθαι
2126 2439 2437 2540 λέγοντα
2499 2471 2626 2518 τον

2595 2561 2617 2592 S

233 2563 550 2669 Χριστὸν
598 2561 723 2645 δια
767 2567 896 2665 τῆς
944 2571 1074 2644 τοῦ
1121 2561 1550 2671 ψαλλοντος
1602 2567 1847 2670 φωνῆς
1895 2573 1939 2614 “
1966 2563 2485 2669 Διεμερίσαντο
2533 2598 2628 2644 τα
2714 2568 2799 2702 fg·
2826 2568 2931 2620 ¹¹¹·

237 2687 552 2790 “ipah-ui
617 2723 762 2788 μου
820 2691 1112 2787 ἑαυτοῖς,
1168 2690 1286 2768 καὶ
1350 2690 1466 2769 ἐπὶ
1526 2685 1655 2769 τὸν
1711 2687 2102 2789 ἱματισμόν
2154 2723 2294 2788 μου
2359 2688 2629 2785 ἔβαλον

237 2819 280 2858 “
309 2814 644 2920 κλῆρον.”
704 2817 908 2895 ταυτὶ
943 2811 1074 2911 μὲν
1109 2807 1322 2892 οὖν”
1271 2846 1561 2893 απαντα
1595 2820 2169 2962 προανεφωνεῖτο
2217 2814 2623 2918 χρησίμως,

150 2953 215 2998 ²0
235 2934 313 3014 ἵν’
381 2942 731 3042 ειδείημεν
800 2938 996 3037 ἡμεῖς
1072 2943 1226 3022 ταῖς
1306 2943 1454 3016 τῶν
1524 2935 1977 3039 πραγμάτων
2043 2936 2394 3033 ἐκβάσεσι
2466 2971 2634 3021 τους

236 3063 489 3165 λόγους
530 3059 1198 3215 avpssdmovre93“
1159 3095 1405 3164 οτιπερ
1453 3058 1666 3145 αὐτός
1716 3064 1917 3141 ἐστιν
1954 3063 1994 3142 ὁ
2043 3060 2633 3165 προηγγελμένος

236 3187 421 3293 ἥξειν
460 3224 540 3270 τε
598 3185 781 3290 ὑπὲρ
835 3187 1040 3286 ἡμῶν
1095 3186 1172 3265 ἐν
1224 3190 1315 3290 τῇ
1369 3187 1535 3266 καθ’
1584 3186 1772 3284 ἡμᾶς
1827 3183 2057 3283 εἰκόνι,
2100 3220 2215 3264 και
2271 3182 2448 3287 ὑπερ
2501 3188 2631 3286 τῆς

237 3310 562 3394 ἁπάντων
626 3311 811 3416 ζωῆς
877 3308 1211 3390 τεθνάναι
1287 3308 1906 3413 προσδοκώμενος.
2015 3310 2100 3390 οὐ
2160 3306 2304 3414 γὰρ
2369 3307 2457 3410 δή
2522 3345 2630 3398 τις
2653 3343 2690 3387 e

236 3435 542 3536 οἰήσεται
599 3444 774 3516 νοῦν
829 3433 1034 3540 ἔχων,
1090 3436 1186 3518 ὡς
1240 3432 1588 3539 ἠνέσχετο
1650 3432 1738 3514 ἂν
1794 3437 1911 3516 καὶ
1966 3432 2179 3519 αὐτὸς
2240 3436 2281 3515 ὁ
2343 3432 2624 3540 Σωτὴρ,
2720 3472 2731 3481 ·

152 3580 218 3641 ²5
238 3560 407 3642 κατὰ
459 3562 596 3664 τὴν
652 3566 802 3641 τῶν
842 3557 1208 3639 Ἰουδαίων
1262 3559 1678 3657 ἀσυνεσίαν,
1724 3558 2053 3662 διυλίζειν
2107 3557 2234 3639 τὸν
2288 3559 2621 3659 κώνωπα,
2714 3546 2963 3678 {fffifftssss

236 3691 553 3772 τουτέστι
608 3687 707 3771 τὰ
762 3685 998 3769 λεπτά
1049 3720 1128 3767 τε
1177 3690 1292 3766 καὶ
1345 3681 1741 3790 ἶσχνότατα
1788 3690 1934 3766 τῶν
1969 3683 2414 3785 παθημάτων
2446 3718 2628 3788 προ-

238 3822 655 3922 αναφωνεῖν,
713 3816 812 3898 ὡς
869 3813 988 3892 καὶ
1049 3814 1178 3910 τῆς
1240 3815 1388 3890 τῶν
1443 3809 1739 3907 ἱματίων
1790 3812 2200 3909 μεμνῆσθαι
2256 3812 2623 3909 διανομῆς,

238 3941 639 4020 καταπίνειν
675 3934 757 4018 δὲ
805 3933 1056 4041 ὥσπερ
1104 3932 1238 4036 τὴν
1274 3930 1625 4033 κάμηλον,
1660 3931 1992 4013 τουτέστι
2035 3931 2128 4013 τὰ
2176 3931 2464 4036 μεγάλα
2515 3938 2633 4013 καὶ

239 4062 595 4171 ὖπερφερῆ
654 4068 801 4143 τῶν
854 4057 1341 4160 τολμημάτων
1399 4063 1496 4142 εἷς
1560 4059 1901 4152 ἀσέβειαν
1956 4058 2041 4137 οὐ
2101 4066 2393 4138 πολλοῦ
2444 4092 2633 4142 τινος

152 4206 220 4267 30
242 4185 541 4293 ἀξιῶσαι
575 4186 829 4290 λόγου,
865 4177 1570 4291 προκεχρησμῴδηκε
1606 4180 1683 4262 δὲ
1718 4181 1870 4281 μετ’
1910 4181 2190 4261 ἐκείνων
2224 4183 2340 4260 καὶ
2377 4190 2625 4261 ταῦτα·

308 4393 625 4457 affluunt
647 4390 714 4446 Ε.
1059 4406 1220 4459 4.—p
1240 4389 1329 4458 89,
1347 4401 1414 4458 25
1439 4386 1523 4441 bis
1547 4385 1763 4441 exhibet
1789 4385 2073 4458 (nonnulla
2096 4390 2279 4440 tamen
2303 4381 2629 4450 diversitate)

244 4407 338 4515 Ε.2
376 4462 524 4518 Haec
552 4463 620 4533 E,
649 4463 719 4530 Ε,
742 4469 1034 4525 nutantum
1072 4459 1288 4546 quando
1315 4458 1362 4513 E
1386 4459 1564 4512 solum
1588 4467 1807 4512 notatur
1830 4465 1912 4511 est
1938 4456 2001 4526 E,
2028 4463 2083 4512 et
2110 4457 2195 4524 E2.
2482 4473 2534 4519 4.
2573 4453 2630 4505 δὲ

355 4534 448 4601 μὲν
466 4534 558 4621 Ἐι.
791 4550 845 4605 9.
880 4530 1352 4617 προστεταγμένοις
1375 4529 1440 4584 Ε.
1464 4527 1898 4611 προτεταγμένοις
1922 4527 2025 4582 Ed.
2273 4539 2353 4596 15
2391 4523 2635 4595 ἇχρειοῦν

294 4604 521 4676 ,ἀχροῦν
545 4603 653 4661 Ed.
798 4602 882 4658 16.
917 4604 1009 4659 τὸν
1031 4602 1262 4672 Χριστὸν
1282 4600 1541 4674 λέγοντα
1526 4616 1741 4656 luvel-so
1763 4597 1951 4655 ordine
1977 4597 2063 4665 132.
