3269 5166
652 363 736 428 76
1258 359 1339 424 Β.
1384 356 1807 424 CYRILLI
1867 352 2451 422 ALEXANDR.
2793 352 3053 436 xix.15

583 538 626 600 b
651 527 843 630 ὥραν
889 531 1005 607 καὶ
1059 524 1192 628 τὴν
1233 528 1503 630 ἡμέραν
1548 528 1589 607 ὀ
1640 525 2026 610 θεσπέσιος
2074 519 2623 628 Εὖαγγελιστὴς
2679 521 3058 670 χρησίμως

653 656 771 733 καὶ
825 654 1246 756 ἀναγκαίως,
1297 651 1414 732 διά
1465 686 1545 731 τε
1602 648 1825 751 αὐτὴν
1876 648 2011 751 τὴν
2065 647 2496 746 ἀνάστασιν,
2541 650 2660 727 καὶ
2713 644 2800 727 τὸ
2852 643 3059 747 παρὰ

652 784 800 862 τοῖς
851 776 1302 883 ὑποχθονίοις
1345 777 1746 880 τριήμερον,
1787 809 1901 854 ινα
1950 773 2291 880 φαίνηται
2339 770 2566 855 πάλιν
2603 769 3048 871 ἀληθεύων
3016 804 3057 849 ο

313 896 560 1027 {iffissgffi‘
657 901 925 1004 Κύριος
968 909 1117 988 τοῖς
1153 901 1520 986 Ἰουδαίοις
1571 899 1791 983 εἰπών
1827 909 1871 947 “
1896 898 2190 1002 ’Ὠσπερ
2240 896 2387 1002 γὰρ
2432 894 2524 998 ἦν
2555 898 2804 980 Ἰωνᾶς
2852 896 2931 974 ἐν
2966 899 3058 1000 τῇ

652 1026 972 1134 “κοιλίᾳ
1030 1033 1159 1107 τοῦ
1217 1026 1472 1126 κήτους
1524 1031 1714 1128 τρεῖς
1766 1023 2030 1129 ἡμέρας
2084 1025 2204 1103 καὶ
2256 1029 2443 1127 τρεῖς
2497 1020 2776 1118 νύκτας,
2831 1021 3058 1103 οὕτως
3079 1045 3113 1105 5

648 1159 697 1197 “
730 1147 936 1231 ἔσται
975 1152 1092 1231 καὶ
1130 1150 1172 1230 ὀ
1211 1149 1358 1234 υἱὸς
1396 1157 1526 1230 τοῦ
1562 1147 1951 1252 ἀνθρώπου
1983 1150 2060 1228 ἐν
2095 1152 2186 1253 τῇ
2225 1147 2480 1255 καρδίᾳ
2515 1150 2641 1248 τῆς
2685 1149 2822 1249 γῆς
2864 1152 3057 1297 τρεῖς

650 1275 996 1379 “ἡμε’ρας
1049 1278 1166 1356 καὶ
1214 1282 1401 1379 τρεῖς
1452 1274 1756 1357 νύκτας.’
1839 1275 1946 1354 ἐπ’
1985 1274 2206 1352 αὐτοῦ
2250 1270 2325 1351 δὲ
2374 1273 2486 1352 τοῦ
2526 1273 2849 1377 βήματος
2891 1271 3054 1350 ε’πι-

650 1399 891 1508 δείξας
956 1433 1084 1480 τον
1146 1400 1440 1500 Ἰησοῦν
1498 1400 1539 1478 ὁ
1601 1397 1979 1498 Ρωμαίων
2040 1393 2455 1500 στρατηγός
2514 1390 2658 1477 Ῑὸε
2719 1395 2958 1505 φησιν
3026 1402 3056 1476 ὅ

649 1521 992 1615 βασιλευς
1040 1520 1242 1630 ὑμων.
1322 1526 1438 1603 καὶ
1494 1524 1571 1604 τί
1618 1521 1708 1623 δὴ
1763 1530 1977 1602 τοῦτο
2030 1520 2257 1603 πάλιν
2301 1520 2548 1601 ἐστίν·
2530 1581 2551 1617 ,
2614 1516 2660 1619 ἢ
2711 1517 2859 1622 γὰρ
2907 1524 3060 1604 τοῖς

591 1681 627 1725 ο
650 1646 900 1753 οχλοις
955 1647 1386 1751 προσπαίζει
1441 1645 1706 1729 λοιπον
1759 1682 1875 1728 και
1935 1646 2293 1752 χαρίζεται
2351 1643 2531 1744 μετὰ
2592 1643 2916 1747 γέλωτος
2972 1677 3058 1723 το
3084 1666 3145 1707 10

651 1774 893 1880 ἀθῷον
940 1769 1120 1870 αἷμα
1172 1778 1321 1856 τοῖς
1372 1773 1632 1857 ἀδίκως
1683 1772 1858 1852 αὐτὸ
1909 1770 2343 1879 διψήσασιν,
2399 1768 2445 1870 ἢ
2502 1768 2694 1874 τάχα
2733 1801 2890 1852 πως
2939 1771 3060 1848 καὶ

649 1896 962 2002 ὀνειδίζει
1026 1896 1392 1998 διασύρων
1446 1902 1544 1981 εἰς
1600 1897 1939 1996 ὠμότητα
1991 1894 2121 1975 τὸν
2170 1896 2537 1992 Ἰουδαῖον,
2595 1889 2719 1974 ἅτε
2784 1890 2875 1992 δὴ
2942 1895 3061 1973 καὶ

648 2019 1150 2128 ἀνασχόμενον
1204 2020 1396 2106 ὅλως
1453 2020 1829 2105 τοσούτοις
1885 2023 2057 2100 ἰδεῖν
2105 2016 2591 2123 περιπεσόντα
2644 2023 2919 2116 κακοῖς,
2976 2015 3061 2097 ὃν

650 2147 858 2229 αὐτοί
886 2154 1078 2256 φασι
1116 2148 1232 2227 καὶ
1269 2145 1743 2251 ὀνομάζουσιν
1777 2144 1968 2231 ὅλως
1999 2142 2316 2243 βασιλέα
2349 2150 2480 2225 τοῦ
2509 2140 2844 2248 Ἰσραήλ.

550 2469 624 2532 15
674 2458 1132 2549 Ἐκραύι-ασαν
1188 2454 1301 2526 οὖν
1355 2455 1595 2526 ἐκεῖνοι
1637 2457 1837 2550 Ἆρον
1892 2456 2054 2549 ἆρον
2106 2458 2486 2548 σταύρωσον
2540 2455 2764 2524 αὐτόν.
2859 2457 3036 2534 λὲΓει
3083 2476 3141 2536 15

921 2580 1144 2653 αὐτοῖς
1195 2587 1233 2654 ὁ
1287 2587 1572 2654 Πιλάτοο
1622 2586 1759 2656 Τὸν
1813 2587 2081 2666 βασιλέα
2136 2585 2317 2663 ὑμῶν
2371 2580 2776 2675 σταυρώσω,

580 2724 626 2789 d
759 2755 1170 2851 Ἐπιβοῶσι
1202 2754 1334 2858 μὲν
1367 2756 1570 2838 οὐδὲν
1601 2757 1821 2858 ἧττον
1855 2756 1949 2838 τὰ
1996 2759 2073 2838 ἐν
2108 2759 2383 2863 ἀρχαῖς,
2421 2758 2550 2839 οὐκ
2596 2759 2633 2837 ε’
2682 2756 3057 2856 ιστάμενοι

646 2881 775 2978 τῆς
832 2881 1268 2987 μιαιφονίας,
1326 2882 1411 2961 οὐ
1473 2879 1657 2986 πρὸς
1715 2880 2117 2987 ἡμερότητα
2182 2880 2710 2982 μετατιθέμενοι
2776 2879 2897 2964 διὰ
2962 2881 3057 2963 τὰ

646 3006 1134 3109 ἐμπαίγματα,
1172 3008 1256 3087 οὐ
1292 3012 1447 3092 ταῖς
1482 3005 2064 3108 ἑπενηνεγμέναις
2102 3008 2355 3092 αἰκίαις
2391 3008 2584 3115 αὐτῷ
2618 3007 2799 3110 πρὸς
2844 3007 3055 3109 ἠπιό-

645 3130 829 3232 τητά
888 3167 1044 3216 πως
1101 3130 1771 3239 μεταχωρήσαντες,
1826 3129 2009 3236 πρὸς
2073 3132 2568 3235 ἀπηνεστέραν
2626 3130 2705 3211 δὲ
2761 3138 3054 3231 μᾶλλον
3080 3157 3146 3199 ²0

647 3254 1254 3358 ἀποταυρούμενοι
1337 3255 1658 3359 γνώμην,
1741 3262 2243 3361 σταυροῦσθαι
2329 3265 2839 3361 παρακαλοῦσι
2923 3256 3056 3337 τὸν

645 3379 1013 3481 ἐγείραντα
1075 3379 1245 3480 παρ’
1304 3380 1545 3464 αὐτοῖς
1608 3378 1774 3465 τοὺς
1839 3379 2147 3483 νεκροὺς,
2203 3383 2322 3461 καὶ
2385 3383 2756 3462 τοσούτων
2813 3382 3057 3465 αὐτοῖς

644 3499 1034 3599 θαυμάτων
1105 3504 1694 3605 ἀναδεδειγμένον
1766 3503 2099 3608 ἐργάτην,
2171 3507 2284 3613 ἐφ’
2363 3502 2422 3615 ᾧ
2511 3505 2601 3606 δὴ
2680 3508 2798 3586 καὶ
2883 3506 3057 3586 λίαν

647 3631 979 3706 λυπεῖται
1019 3624 1365 3726 Πιλάτος,
1401 3633 1459 3708 εἰ
1516 3631 1634 3710 καὶ
1685 3628 1813 3709 τὸν
1848 3632 2034 3711 οὕτω
2084 3629 2433 3735 λαμπρὰν
2468 3628 2831 3738 ἐσχηκότα
2877 3632 3052 3736 παρ’

590 3789 627 3833 e
650 3750 889 3834 αὐτοῖς
935 3748 1071 3851 τὴν
1109 3749 1504 3857 ὑπόληψιν,
1550 3757 1649 3839 ὡς
1691 3754 1874 3835 Υὶόν
1916 3788 1993 3834 τε
2044 3760 2240 3835 Θεοῦ
2295 3758 2413 3835 καὶ
2466 3756 2788 3852 βασιλέα
2841 3758 3019 3857 νομί
3019 3803 3051 3817 -
3080 3779 3142 3838 ²5

647 3873 916 3979 ζεσθαι,
954 3876 1038 3955 οὐ
1074 3872 1405 3957 τεθνάναι
1442 3881 1589 3957 δεῖν
1622 3875 1867 3978 μόνον,
1903 3875 2105 3959 ἀλλὰ
2154 3882 2273 3960 καὶ
2321 3883 2531 3979 ὠμῶς
2567 3876 3056 3981 ἀποθνήσκειν

643 3996 943 4084 ἐντόνως
980 4001 1167 4081 οὕτω
1206 4002 1421 4107 φασί·
1481 4011 1805 4107 σταυροῦ
1842 4000 1986 4108 γὰρ
2034 4002 2119 4084 τὸ
2170 4012 2406 4109 χεῖρον
2441 4003 2665 4084 οὐδέν.
2743 4001 3056 4111 ἐ’λεγχον

644 4124 884 4205 τοίνυν
925 4120 1176 4228 ὥσπερ
1226 4122 1390 4207 τινὰ
1444 4129 1562 4205 καὶ
1619 4126 2031 4226 ὀνειδισμὸν
2072 4134 2375 4209 ποιεῖται
2422 4128 2555 4228 τὴν
2600 4127 2972 4229 καταβοὴν
3015 4131 3056 4209 ὃ

648 4246 967 4353 δικάζων,
1023 4256 1083 4329 εἰ
1141 4256 1644 4354 σταυροῦσθαι
1705 4250 2095 4349 βούλονται
2159 4250 2289 4333 τὸν
2346 4252 2537 4338 ὅλως
2599 4255 2714 4333 ε’·ῐτὶ
2778 4252 3058 4339 τούτοις

646 4374 1257 4474 τεθαυμασμένον,
1316 4373 1368 4452 ἃ
1429 4372 1764 4478 μεγάλην
1820 4378 2044 4461 οὕτως
2103 4377 2249 4483 ἔχει
2308 4375 2441 4479 τὴν
2505 4377 2895 4485 ὑπεροχὴν,
2960 4383 3054 4466 ὧς
3081 4403 3145 4463 30
3203 4433 3204 4464 ι

938 4627 1018 4681 17.
1055 4611 1120 4666 τὰ
1146 4610 1210 4666 Ε.
1236 4614 1296 4666 τὸ
1325 4611 1425 4669 Ed.
1941 4633 2134 4685 22-24.
2172 4617 2541 4689 νεκροὺς-τὸν
2563 4634 2672 4673 om.
2700 4617 2766 4673 Ε.
