3269 5166
359 300 584 339 sANcn

450 468 485 497 “
506 463 853 523 Memento”
877 467 1041 523 424ο
1076 474 1281 542 typum
1300 464 1538 541 agnovit

455 562 528 621 D.
556 561 769 620 Paulus
816 565 938 620 424
967 582 1020 631 e,
1074 567 1193 621 425
1282 562 1536 622 Sabbato

451 661 549 736 qui
604 661 766 738 ligna
828 662 1062 738 collegit
1119 662 1416 720 veritatem
1475 662 1536 720 in

452 769 592 836 typo
658 769 908 818 stantem
981 760 1215 817 violavit
1269 763 1387 818 426
1438 761 1476 817 b
1504 779 1536 817 c

452 857 708 917 Sabbato
752 860 826 917 de
867 859 994 916 loco
1023 878 1140 916 non
1170 859 1369 935 egredi
1398 858 1536 934 quid

451 959 570 1015 427
604 958 712 1024 cd,
747 960 864 1016 428
939 976 1112 1015 onere
1154 976 1271 1013 non
1310 956 1535 1031 gravari

451 1059 572 1114 427
596 1074 628 1113 e
692 1055 1008 1113 Sabbatum
1038 1064 1225 1112 terrae
1260 1065 1534 1130 septenne

453 1155 570 1212 428
608 1173 640 1211 e
717 1163 777 1211 et
833 1172 1130 1211 servorum
1187 1152 1533 1210 dimissionis

449 1251 665 1326 requiei
698 1261 963 1309 aeternae
991 1251 1112 1328 typi
1143 1254 1262 1310 429
1293 1271 1327 1308 a
1349 1251 1407 1309 b.

363 1345 607 1406 Sabbati
625 1350 866 1424 requies,
885 1370 917 1406 a
935 1349 1293 1424 passionibus
1311 1368 1533 1407 cessare

449 1446 624 1503 animi
668 1457 862 1504 motus
905 1446 1173 1504 sistentes
1215 1445 1358 1522 ipsi:
1422 1446 1530 1504 cir·

452 1545 726 1603 cumcisio
787 1546 847 1601 in
916 1553 1118 1601 octava
1175 1544 1532 1621 passionibus

447 1643 693 1710 liberari,
717 1643 934 1701 Christi
964 1643 1023 1700 in
1051 1641 1217 1699 nobis
1245 1661 1388 1717 opus
1411 1646 1530 1700 440

449 1761 484 1798 a
505 1741 559 1799 b.

366 1837 685 1897 Sabbatum
756 1838 1174 1896 circumcisioni
1242 1838 1531 1914 praecedit

450 1936 582 2012 quia
634 1937 852 2013 peccati
909 1946 1101 1994 motus
1164 1936 1320 2012 prius
1376 1937 1530 1993 cohi·

445 2034 676 2098 bentur,
763 2033 969 2092 deinde
1045 2043 1104 2093 et
1188 2034 1530 2109 abjiciuntur

450 2137 569 2191 440
602 2152 652 2192 a.

364 2228 705 2295 Sabbatum,
739 2230 1115 2288 hebdomadis
1157 2230 1306 2298 finis,
1353 2230 1529 2287 seculi

450 2327 633 2386 ultimi
661 2337 834 2404 typus
864 2330 978 2387 601
1014 2347 1065 2398 e,
1099 2331 1219 2386 602
1249 2347 1299 2386 a.

366 2424 624 2483 Sabbato
673 2427 1001 2484 sacerdotes
1048 2426 1308 2484 laborare
1358 2425 1529 2501 jussit

449 2533 509 2581 et
536 2524 660 2582 Lex
692 2527 813 2582 610
844 2545 878 2581 a
899 2525 953 2582 b.

363 2621 649 2680 Sabellius
680 2626 800 2681 846
832 2642 881 2682 c.

365 2719 1074 2779 SacerdotibusEcclesiae
1094 2719 1319 2779 debitus
1342 2720 1527 2778 honor

452 2822 568 2876 138
598 2838 633 2876 a
689 2819 904 2876 Eorum
950 2828 1121 2895 typus
1160 2820 1356 2876 Aaron
1396 2818 1524 2876 filii-

446 2936 555 2992 que
612 2920 727 2975 251
787 2937 820 2974 a
905 2917 1183 2975 Sacerdos
1240 2916 1524 2983 Christus,

443 3016 569 3071 vide
596 3014 879 3073 Pontifex.

355 3110 764 3170 Sacerdotium
793 3111 1097 3189 neophytis
1127 3131 1243 3169 non
1273 3121 1361 3169 est
1388 3130 1523 3169 con-

443 3209 744 3268 ferendum
782 3212 896 3267 144
927 3229 979 3275 c,
1017 3213 1131 3268 193
1164 3230 1213 3267 e.

361 3307 656 3365 Sacrificia
703 3306 859 3366 Mosi
909 3308 1204 3383 imperata,
1260 3326 1329 3365 ea
1381 3325 1526 3382 quae

446 3404 684 3480 quisque
714 3405 845 3462 Deo
873 3404 1077 3463 offerre
1103 3413 1296 3481 potest
1325 3410 1362 3463 4
1385 3424 1435 3472 e,
1469 3408 1524 3465 5.

362 3501 657 3559 Sacrificia
729 3501 852 3579 typi
917 3501 1102 3560 solum
1149 3505 1265 3562 308
1297 3522 1349 3571 e,
1403 3507 1523 3563 309

441 3600 550 3658 ab.

362 3696 787 3756 Sacrificiorum
864 3697 1181 3764 diversitas.
1249 3698 1525 3757 multifor-

445 3814 601 3853 mem
627 3795 852 3854 virtutis
883 3795 1131 3873 speciem
1166 3796 1524 3854 adorantium

442 3892 773 3968 spiritaliter
801 3893 1040 3951 denotat
1071 3897 1183 3953 401
1212 3912 1264 3951 e.

361 3988 659 4049 sacrificia
700 3990 1040 4057 voluntaria,
1085 3991 1251 4066 cujus
1294 3991 1416 4067 typi
1455 3992 1523 4049 M

447 4091 524 4146 58
568 4107 673 4164 pro
700 4089 947 4164 peccatis
974 4097 1208 4165 peccata
1235 4090 1526 4164 nominata
1557 4101 1564 4146 ;

442 4186 510 4243 M
541 4189 620 4245 99
651 4188 749 4244 fin.

359 4282 461 4342 Sal
511 4284 752 4360 panibus
797 4283 1120 4358 insparsum
1161 4284 1294 4360 quia
1338 4293 1523 4344 terrae

444 4381 528 4439 sal
558 4381 815 4456 discipuli
848 4384 965 4440 357
996 4381 1034 4439 b
1102 4382 1438 4457 prudentiae
1465 4392 1524 4442 et

444 4480 769 4538 intellectus
796 4479 1120 4555 symbolum
1148 4479 1223 4537 iii.
1259 4484 1397 4538 470.

1193 279 1520 338 INDEX
1605 279 1976 337 RERUM.

2675 281 2795 337 647

1641 466 1904 526 Salvator
1943 474 2140 524 noster
2182 465 2354 531 Deus,
2399 462 2570 522 Pater
2620 464 2793 522 Filius

1724 564 1968 640 Spiritus
1999 565 2240 621 Sanctus
2270 566 2388 621 858
2419 581 2469 620 c.

1641 661 1894 721 Salvatio
1928 669 2125 720 nostra
2152 662 2296 719 Filio
2323 660 2555 718 deliciae
2585 663 2704 718 885
2734 679 2787 728 e,

1723 765 1841 820 886
1873 780 1920 832 a,
1951 760 2025 817 iii.
2060 764 2198 833 473,
2227 759 2297 818 cf.
2326 762 2483 817 1115
2512 758 2623 815 bc.

1640 857 1895 917 Salutem
1933 859 2200 916 omuibus
2235 858 2399 915 affert
2425 857 2585 914 Deus
2612 856 2680 915 M
2710 861 2781 916 41

1719 958 1838 1023 fin„
1871 961 1967 1023 44,
1997 958 2068 1015 cf.
2090 955 2157 1015 M
2179 960 2256 1015 92
2292 958 2371 1031 [p.
2394 955 2564 1029 340].

1639 1054 2011 1112 Samaritanis
2029 1073 2129 1111 cur
2148 1053 2492 1129 praedicavit
2508 1052 2790 1111 Dominus

1723 1156 1838 1211 176
1868 1172 1916 1223 c,
1962 1155 2075 1209 177
2107 1152 2246 1209 abc
2315 1150 2665 1226 alienigenae
2710 1150 2790 1207 illi

1726 1255 1835 1310 181
1871 1270 1902 1308 e
1971 1269 2100 1308 cum
2144 1248 2385 1306 Judaeis
2423 1248 2791 1305 conferuntur

1724 1352 1858 1417 195,
1891 1352 2027 1419 201,
2060 1352 2177 1407 205
2202 1346 2305 1404 de.

1636 1448 2061 1506 Samaritanum
2102 1464 2202 1503 cur
2245 1443 2559 1502 Dominum
2601 1443 2787 1500 Deum

1718 1553 1924 1603 vocant
1955 1543 1995 1602 J
2003 1543 2166 1603 udaei
2208 1542 2548 1602 mentientes
2578 1543 2695 1600 568
2727 1541 2786 1608 d,

1718 1647 1858 1705 569.

1636 1742 2022 1800 Samaritanae
2079 1742 2154 1798 Se
2210 1758 2339 1798 esse
2393 1739 2581 1797 Deum
2651 1738 2789 1796 dicit

1714 1839 1981 1900 Christus
2004 1842 2119 1899 180
2142 1858 2174 1896 c
2238 1857 2343 1896 nec
2371 1839 2422 1895 ei
2451 1837 2572 1895 sine
2599 1838 2789 1895 fructu

1715 1957 1841 1996 esse
1869 1946 2105 2014 possent
2131 1937 2305 1994 verba
2332 1935 2538 1993 Divina
2573 1939 2680 1994 181
2710 1936 2764 1994 d.

1633 2036 1990 2094 Samaritana
2027 2035 2241 2093 bonum
2279 2033 2389 2109 ipsi
2422 2033 2622 2091 datum
2662 2033 2787 2090 aliis

1715 2133 1868 2192 omni
1898 2132 2086 2191 studio
2116 2131 2496 2190 communicat
2529 2135 2641 2190 194
2671 2151 2705 2188 a
2725 2131 2783 2197 b,

1712 2232 1788 2289 iii.
1819 2236 1958 2291 473.

1627 2329 1868 2388 Sameas
1884 2329 2381 2409 pseudopropheta
2398 2333 2514 2387 544
2525 2328 2580 2396 b,
2594 2331 2711 2387 554
2724 2326 2780 2387 b.

1631 2426 1879 2487 Sanctus
1900 2428 2112 2487 sanctis
2135 2428 2379 2487 delectat
2400 2427 2557 2484 Deus
2576 2429 2697 2485 985
2722 2425 2778 2484 d.

1629 2524 1829 2583 Sancti
1885 2546 2002 2585 nou
2058 2526 2130 2585 ad
2185 2527 2504 2602 praeseutia
2552 2524 2652 2582 sed
2709 2523 2781 2580 ad

1710 2624 1901 2683 futura
1928 2632 2187 2700 spectant
2214 2624 2279 2682 M
2308 2627 2385 2683 95
2417 2642 2593 2699 prope
2620 2623 2717 2680 fin.

1628 2725 1661 2753 ‘⁴
1688 2721 1901 2780 Sancta
1928 2720 2194 2780 Sanctis''
2226 2726 2340 2781 438
2373 2742 2424 2787 a,
2462 2724 2616 2779 1086
2647 2739 2697 2779 c.

1628 2819 1971 2878 Sanctorum
2011 2820 2298 2877 memoriis
2324 2828 2581 2877 versatur
2608 2816 2780 2877 Chri-

1711 2925 1834 2974 stus
1892 2936 2006 2992 quo
2065 2916 2301 2974 honoris
2352 2917 2605 2992 patribus
2667 2915 2779 2990 pri-

1709 3015 1903 3073 mitiae
1950 3014 2115 3072 nobis
2162 3014 2261 3072 fiat
2310 3018 2423 3073 177
2455 3033 2487 3071 e
2568 3012 2783 3090 glorias

1711 3132 1823 3170 non
1854 3113 2047 3189 culpat
2074 3111 2338 3172 Christus
2368 3115 2484 3171 578
2516 3131 2563 3169 e.

1627 3209 1970 3268 Sanctomm
2014 3220 2120 3276 est,
2163 3230 2279 3268 non
2320 3210 2392 3267 ad
2433 3210 2780 3285 responden-

1710 3309 1847 3366 dum
1878 3308 2150 3367 festinare
2188 3308 2287 3367 sed
2316 3310 2365 3366 ei
2397 3309 2491 3384 qui
2520 3308 2783 3385 princeps

1709 3407 1785 3464 sit
1810 3407 1960 3464 inter
1986 3425 2049 3464 se
2077 3406 2298 3465 deferre
2328 3410 2445 3466 383
2475 3425 2526 3465 e.

1625 3503 1826 3563 Sancti
1868 3504 2339 3563 illuminationem
2391 3505 2621 3569 habent.
2665 3524 2783 3563 non

1709 3621 1871 3660 suam
1900 3608 1978 3663 64
2009 3622 2056 3662 c.

1623 3700 1823 3759 Sancti
1869 3720 2277 3777 nonuunquam
2316 3702 2386 3760 de
2431 3704 2629 3780 seipsis
2662 3713 2782 3762 tes·

1706 3799 1943 3865 tificant.
1973 3799 2103 3876 lege
2143 3818 2259 3857 non
2295 3801 2631 3876 prohibente
2662 3805 2780 3860 487

1706 3916 1757 3965 e,
1789 3900 1928 3955 488.

1625 3993 1853 4052 Sanctis
1879 3994 2155 4062 inaudire,
2179 3997 2555 4071 periculosum
2580 4001 2697 4057 915
2722 3998 2776 4057 b.

1621 4091 1819 4150 Sancti
1850 4112 1885 4149 a
1911 4093 2038 4151 Deo
2064 4093 2369 4152 virtutibus
2411 4097 2635 4172 magnis
2676 4096 2781 4152 mi·

1705 4190 2084 4266 rabilibusque
2114 4192 2296 4250 induti
2322 4216 2335 4248 :
2382 4194 2627 4270 gratiam
2658 4194 2779 4271 ple-

1703 4307 1836 4344 nam
1857 4288 2279 4366 perfectamque
2306 4310 2340 4347 a
2358 4291 2561 4367 Seipso
2590 4303 2777 4349 ortam

1704 4385 1879 4443 habet
1926 4386 2099 4445 Filius
2140 4391 2218 4447 95
2249 4388 2286 4445 d
2308 4408 2358 4454 e,
2404 4393 2482 4449 96
2512 4390 2602 4448 bis
2630 4409 2665 4447 a
2729 4391 2775 4448 si

1707 4483 2016 4558 paullulum
2096 4487 2382 4545 offendere
2459 4489 2777 4558 videantur,
