3269 5166
675 338 806 400 486
1125 338 1202 402 Β.
1251 335 1629 401 CYRILLI
1689 336 2218 403 ALEXANDR..
2275 337 2611 402 FRAGM.

676 505 789 581 ἐπὶ
845 505 1021 608 τῷδε
1076 500 1319 605 λόγος,
1358 509 1418 581 εἱ
1472 499 1557 582 τὸ
1613 502 1981 605 ἀτρέπτως
2035 498 2209 581 εἶναι
2252 504 2372 581 καὶ
2419 498 2751 605 ὑπάρχειν
2789 500 3020 596 ἀμετα-

675 623 968 725 βλήτως
1022 631 1114 731 τῇ
1168 635 1296 707 τοῦ
1356 626 1601 727 Λόγου
1659 625 1880 731 φύσει
1929 631 2169 728 τηρεῖν
2224 624 2599 726 ἐγνώκατε·
2668 620 3029 722 μεταβάλοι

675 747 817 850 γὰρ
845 745 936 827 ἂν
963 746 1228 848 ἥκιστά
1263 784 1346 850 γε
1382 748 1564 851 πρὸς
1600 747 1777 849 ὅπερ
1805 749 1933 827 οὐκ
1966 746 2078 848 ἦν·
2143 747 2367 849 ἤγουν
2394 743 2822 826 σεσάλευται
2846 749 3032 823 τοῦτο

673 871 929 952 παθὼν
948 875 1074 971 τῆς
1096 877 1531 973 θεοπρεποῦς
1559 867 2009 972 ἑδραιότητος
2044 873 2310 970 καὶτῆς
2337 871 2633 969 ἐνούσης
2660 869 2843 975 αὐτῷ
2876 865 3033 946 κατὰ

676 993 905 1102 φύσιν
928 997 1362 1100 ἀσφαλείας,
1388 994 1435 1096 ἢ
1466 997 1583 1074 καὶ
1622 993 1816 1078 ὅπως
1843 990 1935 1072 ἀν
1970 993 2356 1093 ὀνομάσειέ
2382 1020 2511 1077 τις·
2568 990 2760 1090 οἶμαι
2785 990 2856 1071 δὲ
2884 987 3083 1070 clunes

676 1116 920 1224 σοφὸν
962 1125 1079 1199 καὶ
1134 1118 1218 1200 τὸ
1260 1118 1348 1219 δὴ
1397 1124 1542 1199 δεῖν
1597 1119 1752 1197 κατ’
1793 1117 2044 1198 οὐδένα
2101 1118 2454 1198 δύνασθαι
2495 1113 2765 1220 τρόπον
2806 1118 3035 1196 ἐννοεῖν

676 1247 773 1327 εἰς
826 1241 959 1342 τὴν
1011 1247 1138 1343 τῆς
1194 1238 1525 1341 θεότητος
1589 1241 1821 1348 φύσιν
1875 1243 2247 1340 ἀναμεῖναί
2303 1274 2375 1320 τι
2434 1246 2580 1321 τῶν
2637 1235 3030 1341 γεγονότων·

677 1363 1045 1470 ἀμήχανον
1082 1366 1224 1471 γὰρ
1261 1367 1519 1466 ὁμοίως
1575 1367 1693 1444 καὶ
1747 1373 1980 1445 τοῦτο.
2062 1363 2263 1464 πλὴν
2300 1369 2360 1445 εἰ
2410 1365 2792 1467 εὐποροῦσι
2826 1396 3031 1464 παρα·

677 1488 1077 1591 δειγμάτων
1120 1492 1505 1570 ἀναπεῖσαι
1554 1489 1963 1586 δυναμένων
2000 1492 2095 1573 ὡς
2139 1490 2220 1567 ἐν
2268 1487 2676 1591 συγκράσει
2721 1489 2836 1567 καὶ
2878 1483 3037 1591 μίξει

674 1621 822 1694 τῶν
886 1614 1417 1714 ὠνομασμένων
1481 1609 1565 1693 τὸ
1621 1611 1930 1719 ἑκατέρῳ
1986 1609 2272 1717 προσὸν
2333 1611 2589 1711 ἰδίωμα
2649 1615 2776 1710 τῆς
2832 1610 3037 1711 ἑτέρου
3061 1632 3110 1672 10

675 1735 1051 1836 ποιότητος
1121 1736 1474 1840 ἀμέτοχον
1547 1733 1755 1815 ἔσται
1817 1742 2216 1832 παντελῶς,
2279 1731 2905 1838 παρακομιζόντων
2960 1737 3037 1814 εἰς

673 1860 925 1960 μέσον·
1027 1863 1363 1960 ἀδικῆσαι
1415 1858 1559 1962 γὰρ
1623 1856 1836 1939 τοῦτό
1894 1864 2135 1966 φαμεν
2187 1857 2273 1938 τὸ
2329 1858 2636 1958 σύμπαν
2692 1855 2888 1938 οὐδὲν
2936 1859 3040 1955 τῆς

674 1986 1012 2085 ἀληθείας
1065 1982 1200 2084 τὴν
1245 1983 1544 2083 δύναμιν
1585 1981 1671 2062 τὸ
1725 1986 1853 2081 τῆς
1908 1980 2385 2086 συγκράσεως
2440 1980 2695 2081 ὄνομα.
2772 1988 2826 2061 εἶ
2863 1980 2930 2060 δὲ
2962 1983 3039 2062 ὡς

673 2111 748 2187 ἐν
785 2107 986 2215 τάξει
1036 2114 1181 2188 τῶν
1227 2110 1465 2210 ὑγρῶν
1500 2108 1979 2211 ἀναμεμίχθαι
2031 2107 2265 2210 φασὶν
2301 2105 2663 2205 ἀλλήλοις
2710 2104 2939 2207 σάρκα
2977 2137 3040 2182 τε

674 2234 790 2311 καὶ
847 2229 1114 2335 Λόγον,
1168 2238 1322 2315 πῶς
1376 2229 1749 2333 ἠγνόησαν
1809 2228 1918 2310 ὅτι
1981 2228 2073 2310 τὰ
2135 2227 2495 2328 ἀλλήλοις
2552 2226 3040 2332 ἀνακιρνάμενα
3063 2252 3111 2310 15

672 2361 820 2433 τῶν
881 2357 1140 2458 ὑγρῶν,
1205 2351 1390 2439 οἶνος
1453 2354 1628 2461 φέρε
1688 2358 1907 2433 εἶπεῖν
1964 2356 2079 2432 καὶ
2133 2350 2324 2452 μέλι,
2383 2351 2423 2432 ὃ
2486 2351 2623 2452 μὲν
2680 2352 2870 2455 ἦσαν
2926 2354 3041 2430 εἶσὶ

673 2483 1003 2579 καθαρῶς
1075 2476 1322 2574 οὐκέτι,
1417 2475 1852 2582 προσλήψει
1927 2474 2004 2555 δὲ
2087 2483 2378 2573 μᾶλλον
2451 2480 2580 2575 τῆς
2658 2478 3041 2578 ἐτεροειδοῦς

671 2599 1048 2702 ποιότητος
1085 2609 1181 2686 εὶς
1218 2601 1457 2704 ἕτερόν
1495 2635 1564 2680 τι
1615 2601 2069 2699 μεθίσταται.
2142 2602 2398 2681 οὐκοῦν
2434 2606 2493 2680 εἰ
2529 2598 3040 2703 συγκεκράσθαι

674 2727 865 2830 φασὶ
919 2728 1022 2832 τῷ
1055 2724 1281 2833 Λόγῳ
1334 2724 1467 2825 τὴν
1515 2722 1756 2827 σάρκα
1809 2721 2019 2804 πᾶσά
2072 2759 2226 2808 πως
2282 2723 2559 2827 ἀνάγκη
2619 2725 2853 2827 λέγειν
2896 2718 3035 2801 ἑκά-

672 2882 879 2951 τερον
932 2855 1076 2930 τῶν
1132 2847 1665 2948 ὠνομασμένων
1720 2841 2127 2947 ἀποστῆναι
2179 2846 2314 2946 μὲν
2368 2856 2495 2929 τοῦ
2551 2845 2734 2928 εἶναι
2778 2845 2948 2947 δῆν,
2980 2844 3040 2924 ἓν
3058 2867 3112 2908 ²0

673 2971 760 3051 δέ
787 3007 855 3052 τι
893 2968 977 3052 τὸ
1014 2973 1103 3079 ἐξ
1134 2975 1406 3077 ἀμφοῖν
1442 2973 1879 3053 ἀποτελέσαι
1927 2973 2158 3071 μέσον
2192 2973 2566 3079 ἑτεροφυές
2610 3007 2757 3053 που
2790 2971 3040 3052 πάντως

670 3093 717 3195 ἢ
758 3096 934 3200 ὅπερ
973 3093 1061 3195 ἦν
1097 3096 1427 3198 ἑκάτερον
1463 3094 1600 3175 ἀνὰ
1649 3096 1863 3198 μερος
1914 3098 2031 3175 καὶ
2083 3094 2487 3197 ἀσυμμιγὲς
2521 3091 2607 3175 ὂν
2647 3096 2750 3176 ἔτι
2801 3091 3041 3197 θατέρῳ

672 3220 988 3322 θάτερον·
1067 3215 1214 3298 εἶτα
1261 3226 1469 3299 ποῖον
1506 3216 1596 3297 ἂν
1634 3219 1786 3324 ἔχοι
1836 3217 1920 3299 τὸ
1970 3224 2215 3325 χρῆμα
2264 3216 2537 3322 λόγον;
2596 3219 2947 3317 πυθοίμην
2981 3214 3036 3292 δ’

672 3342 761 3422 ἂν
819 3346 1079 3443 ἥδιστα
1133 3349 1278 3422 τῶν
1325 3344 1409 3422 δι’
1452 3345 1772 3426 ἐναντίας
1817 3343 2154 3423 ὁποιποτέ
2208 3342 2350 3445 ἄρα
2396 3349 2781 3445 προελθεῖν
2833 3332 3039 3434 ἐπειδή

672 3473 863 3573 φασι
920 3466 1054 3567 τὴν
1106 3475 1232 3546 τοῦ
1286 3472 1478 3547 Θεοῦ
1534 3467 1766 3573 φύσιν
1824 3468 1921 3551 ὡς
1976 3464 2120 3547 ἀπό
2171 3500 2255 3569 γε
2311 3475 2439 3546 τοῦ
2492 3474 2622 3546 νῦν
2678 3464 3040 3569 κεκράσθαι
3060 3481 3116 3541 ²5

670 3592 913 3693 σαρκί·
991 3594 1067 3670 ἐν
1119 3585 1496 3691 ταυτότητι
1542 3589 1687 3693 γὰρ
1734 3592 1816 3670 οὐ
1863 3592 2268 3689 μεμένηκεν,
2325 3588 2518 3693 εἴπερ
2559 3591 2765 3670 ἐστὶν
2808 3583 3041 3686 ἀληθὲς

668 3711 918 3817 ὥσπερ
984 3715 1251 3817 εἴρηται
1313 3722 1527 3794 τοῦτο
1592 3716 1829 3794 αὐτῶν
1892 3716 1938 3815 ἡ
1997 3713 2213 3819 μίξις·
2308 3712 2354 3812 ἢ
2428 3715 2670 3794 τοίνυν
2732 3712 2908 3817 πρὸς
2963 3707 3041 3788 τὰ

668 3837 934 3933 βελτίω
988 3837 1120 3938 τὴν
1156 3839 1477 3919 ἐπίδοσιν
1515 3839 1701 3945 ἔχειν
1736 3825 2023 3942 ἐροῦσιν
2073 3835 2312 3935 αὐτὸν,
2363 3837 2588 3941 ἤγουν
2637 3835 2771 3937 τὴν
2825 3842 2917 3920 εἶς
2962 3830 3040 3912 τὰ

670 3963 931 4067 αἰσχίω
969 3959 1266 4043 κάθεσιν
1304 3962 1485 4042 κατά
1533 3996 1618 4064 γε
1662 3962 1789 4043 τὸν
1823 3961 2103 4042 ἐοικότα
2140 3969 2288 4046 τοῖς
2322 3958 2711 4064 πράγμασι
2749 3968 2928 4041 νοῦν.
2989 3960 3039 4033 εἶ

740 4216 790 4255 2.
827 4202 1107 4269 μεταβάλει
1132 4220 1178 4256 c.
1620 4217 1704 4255 10.
1741 4202 1801 4255 τὸ
1824 4199 2117 4255 emendavi.
2143 4201 2292 4273 rq3(?)
2321 4200 2424 4254 b.c.
2531 4196 2759 4270 προσὸν]
2785 4198 2911 4266 πρὸς
2931 4192 2980 4246 2¹¹
2998 4208 3038 4272 ᾗ·

673 4288 861 4342 13—22.
897 4271 944 4325 εἶ
985 4272 1042 4326 δὲ
1061 4271 1299 4340 -μέρος
1345 4271 1470 4325 citat
1517 4271 1552 4326 J
1559 4272 1858 4326 ustinianus
1898 4271 1982 4326 lm
2050 4279 2195 4325 rator
2231 4280 2418 4326 contra
2453 4269 2860 4341 Monophysitas
2894 4263 3036 4346 (Mau

668 4341 862 4412 Script.
888 4342 1009 4396 Vet.
1048 4341 1137 4396 vii.
1178 4340 1325 4412 295).
1593 4358 1674 4408 14.
1710 4347 1814 4396 τῶν
1838 4359 1944 4396 om.
2012 4351 2117 4396 ust.
2384 4354 2466 4411 15.
2505 4339 2834 4410 ἄνακιρνάμεν
2855 4335 2968 4405 (mc)
2989 4330 3037 4384 b·

670 4411 753 4467 16.
789 4411 818 4465 ὃ
841 4413 935 4482 μὲν
958 4411 1094 4479 ἦσαν
1117 4411 1221 4467 εἶσὶ
1244 4412 1279 4467 J
1286 4421 1391 4466 ust.
1412 4415 1442 4466 ό
1465 4412 1558 4479 μὲν
1581 4408 1655 4467 εἷς
1677 4412 1844 4467 ἄνεισι
1869 4412 1974 4466 b.c.
2152 4428 2235 4483 19.
2270 4414 2448 4467 πᾶσαν
2475 4411 2598 4481 (sic)
2622 4428 2670 4464 e.
2847 4422 2927 4460 20·
2956 4422 3038 4470 μῦ

664 4499 772 4536 om.
802 4501 847 4536 c.
1136 4498 1223 4537 21.
1259 4505 1361 4539 που
1384 4485 1585 4538 πάντως
1609 4482 1756 4538 Just.
1781 4487 1874 4536 τοῦ
1897 4485 2088 4539 παντὸς
2111 4483 2213 4539 b.c.
2499 4498 2586 4536 22.
2621 4478 2708 4551 ἦν]
2735 4477 2824 4533 οὖν
2846 4472 2983 4595 (εἱῦζ
2994 4488 3033 4525 C·

667 4568 752 4621 23.
786 4553 1055 4622 πιθοίμην
1078 4569 1127 4607 c.
1342 4567 1427 4623 ²7·
1463 4553 1619 4608 αὐτὸν
1643 4553 1696 4608 b.
1793 4553 1822 4621 ἦ
1850 4553 1902 4608 b.
1925 4553 1970 4607 εἷ
1988 4571 2036 4608 c.
2252 4570 2338 4624 29.
2375 4555 2672 4623 πράγμασιν
2694 4548 2784 4606 οὖν
2809 4544 2927 4617 (sne)
2987 4580 2999 4593 -
