3269 5166
221 341 281 407 ii.
306 364 363 428 9.
686 343 795 408 IN
845 341 1367 409 EPISTOLAM
1418 342 1546 406 AD
1601 343 2106 410 HEBRAEOS.
2465 346 2590 410 391

222 510 399 586 Θεοῦ
450 506 664 613 φύντι
720 506 965 615 Λόγῳ,
1016 505 1341 609 καθάπερ
1399 507 1606 588 αὐτοί
1662 516 1916 615 φασιν,
1975 511 2016 589 ὁ
2074 511 2154 590 ἐκ
2208 513 2336 609 τῆς
2393 510 2601 612 ἁγίας
2628 445 2652 511 [
2678 459 2773 510 ιη
2790 445 2920 510 Μ’]

220 631 557 732 παρθένου
613 631 1143 734 γεγεννημένος.
1223 638 1377 714 πῶς
1440 632 1566 711 οὖν
1621 630 1809 716 Θεὸς
1869 635 1909 712 ὃ
1963 630 2308 736 Χριστὸς,
2365 637 2425 712 εἰ
2483 635 2602 713 καὶ

222 752 416 837 αὐτὸς
486 756 648 852 μεθ’
719 755 924 854 ἡμῶν
991 755 1290 861 ἠξίωται
1378 753 1664 854 μνήμης
1745 759 1874 855 τῆς
1946 755 2146 858 παρὰ
2221 761 2412 836 Θεοῦ
2486 759 2603 836 καὶ

221 877 495 979 γέγονεν
551 877 650 963 εἷς
698 884 845 958 τῶν
883 877 1528 985 εὐεργετουμένωνς
1590 877 1819 958 καίτοι
1877 877 2238 982 πρόσιμεν
2286 882 2383 964 ὡς
2440 886 2606 988 Θεῷ

170 1021 201 1080 5
222 1000 767 1107 προσευχόμενοι
851 1005 970 1082 καὶ
1050 1008 1197 1082 τῶν
1269 1001 1543 1082 ἄνωθεν
1615 1004 1910 1105 ἀγαθῶν
1990 1002 2390 1103 αἰτούμενοι
2471 1002 2604 1103 τὴν

220 1127 569 1228 χορηγίαν,
610 1128 707 1210 ὡς
757 1123 897 1233 ὅλῃ
946 1130 1036 1232 τῇ
1079 1125 1310 1206 κτίσει
1362 1126 1782 1224 διανέμοντα
1817 1131 2229 1228 θεοπρεπῶς
2264 1126 2357 1206 τὰ
2393 1127 2599 1227 αἰτή-

222 1283 421 1345 ματα.

284 1428 335 1477 4„
365 1412 624 1480 πρόσιμεν
646 1408 945 1465 emendavi.
991 1411 1278 1480 πρόσειμεν
1302 1408 1440 1464 cod.
1753 1421 1802 1479 7.
1841 1407 1997 1468 Quae
2020 1419 2320 1481 sequuntur
2341 1409 2396 1463 in
2423 1408 2604 1465 codice

224 1478 324 1533 tou.
351 1494 467 1551 254,
495 1495 561 1551 25
600 1520 618 1548 ,
655 1498 824 1553 quum
859 1479 917 1535 S.
944 1479 1205 1550 Cyl-illum
1237 1489 1510 1535 auctorem
1539 1479 1735 1549 partim
1769 1479 1965 1534 habere
2000 1497 2111 1534 non
2146 1479 2443 1544 videantur,
2482 1499 2603 1552 par-

227 1549 313 1604 tim
343 1551 474 1606 forte
505 1496 756 1613 haffleant,
783 1551 869 1606 hic
905 1551 1178 1622 subjungo
1209 1551 1456 1622 Τεχνίτης
1490 1550 1664 1605 τοίνυν
1694 1550 1941 1621 ὑπάρχων
1963 1553 1992 1604 6
2027 1553 2240 1608 Παῦλος
2274 1554 2365 1620 τῆς
2399 1573 2603 1621 μυστα-

224 1622 399 1693 mins·
420 1622 488 1678 ὧς
521 1623 648 1691 ἔφη,
676 1621 882 1692 δέχεται
916 1622 1012 1691 μὲν
1045 1620 1167 1677 ἔσθ’
1193 1621 1280 1676 ὅτε
1316 1621 1391 1679 εἷς
1424 1619 1642 1691 θεωρίαν
1674 1621 2014 1691 πνευματικὴν
2047 1621 2114 1677 τὰ
2147 1621 2203 1675 ἐκ
2236 1623 2326 1691 τῆς
2363 1621 2603 1676 θεοπνεύ-

224 1712 343 1745 στου
383 1695 610 1779 γραφής·
661 1690 908 1762 χωρήσας
955 1692 1014 1745 δὲ
1063 1691 1190 1745 κατὰ
1235 1693 1406 1760 μόνων
1452 1697 1554 1746 τῶν
1600 1690 1682 1745 ὅτι
1726 1693 1960 1759 μάλιστα
2004 1694 2078 1764 τῷ
2120 1694 2225 1763 λόγ
2312 1693 2604 1779 χρησίμων,

224 1764 379 1832 σιωπᾷ
424 1763 491 1817 τὰ
536 1784 707 1833 ετερα,
754 1761 970 1831 πρέπειν
1016 1763 1144 1816 αὐτὰ
1189 1765 1396 1831 μᾶλλον
1442 1760 1652 1818 ἐκείνοις
1692 1762 1840 1818 εἰδὼς
1886 1763 2007 1832 περὶ
2053 1763 2124 1817 ὧν
2170 1713 2266 1816 xa?
2298 1784 2603 1834 γεγραπται,

222 1828 322 1887 οἷον
352 1833 481 1903 φέρε
517 1833 682 1888 εἰπεῖν
722 1833 826 1903 ἔφη
867 1855 969 1888 που
1006 1833 1127 1904 περὶ
1166 1836 1258 1902 τῆς
1298 1836 1436 1889 Εὔας
1475 1833 1559 1887 καὶ
1599 1835 1694 1887 τοῦ
1714 1830 1881 1902 Ἀδὰμ
1922 1834 1983 1886 τὸ
2013 1833 2133 1901 περὶ
2174 1832 2341 1887 αὐτῶν
2375 1855 2605 1904 γεγραμ-

224 1901 367 1968 μένον
388 1908 425 1933 “
443 1904 541 1957 Διὰ
563 1907 722 1958 τοῦτο
744 1903 1053 1974 καταλείψει
1075 1902 1344 1973 ἅνθρωπος
1365 1905 1457 1958 τὸν
1478 1903 1676 1971 πατέρα
1698 1903 1855 1957 αὐτοῦ
1886 1903 1970 1957 καὶ
1991 1904 2085 1972 τὴν
2105 1902 2300 1992 μητέρα
2322 1904 2498 1967 αὐτοῦ,
2524 1901 2608 1958 καὶ

222 1973 732 2043 προσ-κολληθήσεται
753 1976 816 2042 τῇ
841 1974 1039 2045 γυναικὶ
1061 1974 1238 2036 αὐτοῦ,
1256 1975 1340 2028 καὶ
1363 1974 1573 2029 ἔσονται
1597 1974 1648 2026 01
1672 1972 1765 2027 δύο
1790 1973 1862 2030 είς
1886 1975 2055 2044 σάρκα
2076 1972 2230 2041 μίαν·’
2282 1976 2607 2046 προσεπάγει

222 2041 407 2100 τούτοις
425 2045 578 2101 αὐτός
604 2048 643 2074 “
659 2045 731 2097 Τὸ
768 2042 1054 2112 μυστήριον
1075 2047 1229 2098 τοῦτο
1265 2043 1400 2115 μέγα
1439 2044 1604 2099 ἐστίν·
1643 2043 1745 2115 ἐγὼ
1783 2044 1841 2097 δὲ
1878 2044 2019 2116 λέγω
2050 2044 2123 2100 εἷς
2147 2046 2379 2114 Χριστὸν
2413 2045 2497 2098 καὶ
2534 2045 2608 2100 εἷς

223 2112 307 2181 τὴν
328 2114 619 2205 ἐκκλησίαν,
642 2114 781 2183 πλὴν
803 2115 886 2168 καὶ
909 2115 1052 2181 ὑμεῖς
1085 2115 1134 2167 οἱ
1165 2113 1350 2169 καθένα
1372 2115 1465 2170 τὰς
1486 2115 1680 2168 ἑαυτῶν
1701 2116 1941 2185 γυναῖκας
1963 2113 2212 2185 ἀγαπᾶτε,
2238 2115 2306 2171 ὧς
2328 2115 2393 2169 τὰ
2416 2117 2609 2170 ἑαυτῶν

225 2186 439 2251 πόματα.
516 2186 587 2239 ὅθ
625 2207 669 2238 ει
701 2185 765 2253 δὴ
799 2185 882 2238 καὶ
914 2185 971 2239 ἐν
993 2182 1208 2253 τούτοις,
1233 2185 1303 2241 ὥς
1325 2185 1420 2239 οῦκ
1451 2183 1701 2239 ἀπίθανον
1720 2185 1815 2253 μὲν
1837 2187 1926 2254 τῆς
1948 2185 2142 2241 εἰκόνος
2163 2186 2224 2238 τὸ
2250 2186 2446 2255 σχῆμα,
2469 2185 2608 2255 πλὴν

223 2252 417 2309 ἀνόσιον
454 2277 515 2309 κο
608 2257 641 2325 ἧ
681 2257 774 2323 τῆς
811 2254 980 2324 Ἀδὰμ,
1019 2257 1353 2327 παρατροπῆς
1390 2255 1456 2309 τὰ
1499 2253 1796 2325 ἐγκλήματα
1833 2256 2114 2325 περιθεῖναι
2154 2260 2385 2329 Χριστῷ,
2429 2256 2523 2309 κᾶν
2562 2255 2611 2310 εἰ

222 2323 417 2413 γέγονεν
438 2326 632 2382 ἐκεῖνος
652 2324 1083 2394 προανατύπωσις
1105 2327 1285 2415 ὥσπερ
1309 2347 1362 2380 τι
1394 2326 1478 2379 καὶ
1506 2324 1663 2394 μέρος
1694 2326 1785 2395 τῆς
1808 2324 1885 2381 ἐπ’
1911 2326 2048 2399 αὐτῷ
2073 2325 2304 2396 θεωρίας·
2342 2324 2462 2380 ἀλλ’
2487 2325 2607 2380 οὐδὲ

224 2398 370 2449 εκεῖνο
408 2393 547 2466 οἶμαι
588 2397 770 2467 σοφὸν
804 2393 837 2464 ἢ
878 2396 961 2449 καὶ
996 2395 1187 2464 ἀληθὲς
1221 2399 1399 2459 ειπεῖν,
1423 2396 1493 2452 ὣς
1528 2392 1741 2465 ἠξίωται
1778 2395 1905 2450 κατὰ
1940 2398 2242 2487 πρόγνωσιν
2274 2395 2368 2465 τὴν
2403 2396 2458 2451 έν
2494 2399 2611 2468 θεῷ

226 2467 480 2535 νοουμένην
503 2468 794 2535 ἐπισκοπῆς
815 2488 873 2521 τε
901 2465 982 2538 [τε
1006 2483 1115 2520 om.
1145 2464 1264 2537 Cn]
1293 2468 1377 2521 καὶ
1399 2464 1613 2560 μνήμης,
1639 2468 1668 2519 6
1694 2466 1750 2520 ἐκ
1784 2469 1875 2535 τῆς
1897 2464 2047 2538 ἆγιας
2078 2466 2336 2539 παρθένου
2368 2488 2610 2539 γεγεννη-

224 2534 361 2604 μένος
380 2537 653 2607 ἅνθρωπος
674 2537 861 2601 ίδικῶς,
887 2537 1015 2592 κατά
1036 2559 1098 2609 γε
1123 2538 1182 2591 τὸ
1212 2537 1421 2594 ἐκείνοις
1442 2559 1499 2591 ευ
1523 2537 1664 2608 ἔχειν
1686 2536 2077 2608 ὑπειλημμένον.

280 2605 392 2662 Ὀτι
411 2609 504 2678 μὲν
525 2610 634 2680 γὰρ
656 2607 993 2696 προέγνωπο
1016 2611 1088 2679 τῷ
1116 2612 1232 2681 θεῷ
1267 2609 1350 2662 καὶ
1373 2609 1544 2676 Πατρὶ
1574 2609 1659 2661 καὶ
1691 2608 1793 2677 μὴν
1825 2609 1909 2662 καὶ
1939 2609 2076 2681 αὐτῷ
2108 2611 2183 2681 τῷ
2212 2610 2319 2681 Υἷῷ
2347 2611 2437 2677 τῆς
2470 2607 2613 2663 ἐναν-

228 2675 524 2747 θρωπήσεως
545 2681 610 2733 τὸ
631 2700 936 2749 μυστηριον,
962 2678 1275 2734 ἐνδοιάσειεν
1298 2678 1362 2733 ἂν
1384 2679 1569 2742 οὐδεὶς,
1594 2679 1678 2732 καὶ
1711 2678 1772 2746 ἐξ
1807 2679 1964 2733 αὐτοῦ
1988 2682 2083 2734 τοῦ
2105 2679 2301 2735 εἰκότος
2323 2679 2406 2733 καὶ
2432 2682 2524 2733 τοῦ
2547 2682 2610 2748 τῆ

227 2747 413 2818 θεότητι
433 2750 726 2819 πρέποντος
746 2749 1200 2818 ἀναπεπεισμένος.
1253 2748 1307 2802 τί
1333 2751 1436 2821 γὰρ
1464 2748 1698 2804 ἄποπτον
1719 2749 1846 2817 αὐτῇ
1866 2770 1883 2813 ;
1921 2749 1976 2803 τί
1997 2750 2082 2804 δαὶ
2113 2755 2216 2805 τῶν
2238 2750 2499 2817 ἐσομένων
2521 2750 2615 2803 οὐκ

229 2814 330 2884 ᾔδει
360 2821 441 2874 καὶ
471 2821 597 2888 πρὶν
620 2820 696 2876 εἷς
725 2819 886 2890 πέρας
913 2818 1166 2891 [ἑσπέρας
1191 2817 1310 2889 Cn]
1339 2819 1541 2883 ε’λθεῖν;
1576 2820 1934 2889 προσεμπεδοῖ
1954 2820 2012 2873 δέ
2037 2818 2166 2888 ἡμᾶς
2190 2822 2273 2874 καὶ
2305 2823 2334 2874 6
2364 2821 2613 2889 μακάριος

227 2892 421 2946 Παῦλος
452 2892 580 2944 αὐτὸ
615 2893 772 2944 τοῦτο
807 2891 1027 2981 γράφων
1058 2891 1113 2944 ἐν
1143 2893 1206 2959 τῇ
1238 2891 1369 2961 πρὸς
1388 2889 1675 2961 Ἐφεσίους
1695 2887 2007 2959 Ἐπιστολῇ,
2033 2890 2125 2945 κάν
2145 2894 2208 2960 τῇ
2246 2890 2394 2945 δευτέ
2481 2892 2616 2978 πρὸς

224 2960 454 3026 Τιμόθεον
489 2960 702 3030 ὁμοίως,
736 2961 1105 3032 προωρισμεθα
1128 2961 1240 3048 γὰρ
1281 2960 1424 3028 ἡμεῖς
1466 2960 1531 3014 δι’
1568 2961 1728 3014 αὐτοῦ
1766 2963 1861 3016 τοῦ
1896 2964 2128 3030 Χριστοῦ
2159 2961 2291 3032 πρὸς
2330 2911 2611 3014 ulfiam·

225 3031 300 3083 ml
332 3031 540 3102 γέγονεν
581 3030 707 3101 ἡμῖν
744 3033 1090 3100 πρωτότοκος,
1129 3029 1191 3085 ιν’
1228 3030 1349 3099 ἡμῖν
1388 3031 1717 3101 ἀνθρωπίνως
1765 3031 2126 3097 συντάττηται,
2165 3030 2330 3084 καίτοι
2376 3031 2506 3084 θεὸς
2543 3030 2617 3084 ὣν

224 3098 374 3168 φύσει
415 3103 498 3156 καὶ
533 3104 657 3159 Υἱὸς
698 3100 921 3169 ἀληθῶς.
969 3102 1067 3172 οὐχ
1106 3099 1393 3171 εὑρήσομεν
1427 3102 1486 3155 δέ
1521 3102 1651 3155 κατὰ
1684 3123 1726 3155 π
1853 3122 1983 3154 ωσιν
2015 3100 2285 3170 ἄνθρωπον
2307 3099 2462 3153 αὐτὸν
2485 3099 2612 3153 ὦνο-

223 3171 473 3239 μασμένον
505 3172 708 3236 ἁπλῶς,
744 3173 939 3242 γυμνὸν
978 3171 1042 3240 δὴ
1083 3172 1225 3262 λέγω
1263 3172 1347 3226 καὶ
1383 3172 1506 3242 δίχα
1545 3174 1640 3226 τοῦ
1681 3173 1708 3225 ἐ
1812 3170 1953 3226 έντος
1992 3170 2131 3244 αὐτῷ
2168 3168 2284 3225 καθ’
2321 3170 2617 3226 ὑπόστασιν

226 3243 399 3312 Λόγου,
423 3244 506 3297 καὶ
543 3244 607 3296 οὔ
648 3239 847 3311 μνήμης
883 3243 1038 3297 αὐτὸν
1070 3241 1101 3311 ἢ
1141 3244 1429 3312 επισκοπῆς
1463 3243 1533 3297 ὣς
1567 3240 1657 3296 ἕνα
1690 3246 1793 3298 τῶν
1823 3240 1940 3296 καθ’
1966 3239 2097 3309 ἡμᾶς
2130 3238 2387 3310 ἢξιῶσθαί
2420 3243 2612 3312 φαμεν·

222 3308 371 3366 έκεῖνο
405 3313 461 3367 δέ
496 3315 709 3383 μᾶλλον
734 3311 1122 3383 περινοήσωμεν
1143 3312 1390 3376 εὐσεβῶς·
1430 3311 1685 3381 ἐθελήσας
1714 3313 1815 3382 γὰρ
1840 3315 1870 3366 6
1899 3312 1954 3366 ἐκ
1981 3316 2116 3367 Θεοῦ
2140 3314 2308 3383 Λόγος
2332 3311 2386 3366 ἐν
2409 3311 2614 3382 εὐδοκία

224 3385 417 3451 Πατρὸς
448 3383 724 3452 ἅνθρωπος
757 3382 1002 3454 γενέσθαι
1037 3381 1154 3437 καθ’
1184 3383 1332 3452 ἡμᾶς,
1357 3389 1396 3414 “
1415 3381 1556 3439 ὅπως
1584 3384 1657 3452 χά
1692 3405 1760 3438 ιτι
1798 3385 1934 3436 Θεοῦ
1969 3382 2098 3451 ὑπὲρ
2137 3383 2329 3438 παντὸς
2361 3380 2614 3454 γεύσηται

222 3451 475 3521 θανάτου,”
498 3453 635 3508 ἴδιον
660 3452 945 3521 ἐποιήσατο
976 3459 1126 3522 σῶμα
1157 3455 1218 3508 τὸ
1253 3456 1361 3510 τοῖς
1395 3453 1616 3508 θανάτου
1711 3456 1865 3522 σμοῖς
1898 3454 2243 3522 ὑποκείμενον,
2266 3452 2347 3507 ἵνα
2374 3454 2458 3506 καὶ
2480 3451 2614 3523 ὑπὲρ

221 3521 412 3577 mim-ov
434 3524 508 3581 εἷς
529 3524 706 3593 ὀσμὴν
728 3524 942 3580 εὐωδίας
964 3524 1143 3578 ἑαυτὸν
1166 3524 1385 3587 ἀναθεὶς,
1410 3524 1494 3578 διὰ
1517 3526 1609 3593 τῆς
1633 3524 1763 3580 lata:
1789 3526 1983 3594 σαρκὸς
2004 3523 2302 3595 καταργήσῃ
2328 3523 2563 3577 θάνατον.

282 3594 415 3648 Φασὶ
444 3595 501 3648 δὲ
534 3595 622 3648 καὶ
655 3596 810 3649 τοῦτο
843 3595 927 3648 καὶ
959 3594 1301 3649 διατείνεσθαι
1330 3592 1723 3665 τεθαρρήκασιν,
1750 3593 1831 3647 ὅτι
1856 3595 1918 3663 δὴ
1942 3596 2103 3649 πάλιν
2125 3596 2155 3648 6
2180 3595 2237 3648 ἐκ
2262 3597 2400 3648 θεοῦ
2423 3595 2612 3664 Λόγος,

221 3658 282 3713 δι’
306 3662 363 3717 ὃν
383 3664 446 3718 τὰ
467 3665 639 3719 πάντα
664 3665 749 3718 καὶ
772 3663 836 3718 δι’
861 3663 922 3718 οὗ
946 3665 1009 3718 τὰ
1030 3665 1214 3731 πάντα,
1236 3666 1328 3719 τὸν
1349 3664 1406 3718 ἐκ
1427 3667 1520 3732 τῆς
1550 3664 1701 3735 ἁγίας
1732 3664 1992 3734 παρθένου
2021 3687 2059 3737 γ
2121 3663 2391 3733 εννημένον
2412 3663 2614 3731 ἅνθρω-

220 3750 314 3786 ror
347 3737 644 3789 τετελείωκε
686 3735 772 3789 διὰ
812 3735 1139 3803 παθημάτων,
1178 3736 1249 3791 ὣς
1290 3737 1381 3804 τῆς
1422 3736 1680 3803 σωτηρίας
1717 3734 1860 3804 ἡμῶν
1900 3687 2149 3808 ἀρχηγόν·
2251 3735 2468 3803 ευδοεπῆ
2509 3756 2615 3788 που

221 3803 410 3861 πάντως
448 3805 834 3876 ἀποφαίνοντες
870 3807 961 3858 τὸν
1000 3803 1277 3875 προφήτην
1317 3803 1541 3875 λε’-γοντα
1589 3809 1627 3834 “
1648 3805 1724 3859 Οὐ
1768 3804 2024 3877 πρέσβυς,
2061 3807 2154 3860 οὔκ
2329 3807 2441 3868 λος,
2490 3802 2614 3858 ἀλλ’

220 3872 364 3930 αὐτὸς
383 3877 413 3928 6
438 3874 631 3946 Κύριος
653 3876 858 3930 ἔσωσεν
879 3873 1114 3931 abrahe?
1159 3878 1262 3930 ποῦ
1294 3875 1396 3947 γὰρ
1431 3876 1508 3929 ἔτι
1543 3874 1779 3930 σέσωκεν
1812 3875 1944 3944 ἡμᾶς
1976 3875 2128 3932 αὐτὸς
2162 3878 2193 3930 ὁ
2225 3874 2431 3947 Κύριος,
2465 3874 2511 3929 εί
2546 3874 2612 3929 δι’

220 3943 325 4000 ἐνὸς
357 3951 457 4000 τῶν
486 3945 611 4000 καθ’
640 3945 787 4014 ἡμᾶς,
813 3946 896 3999 καὶ
932 3945 988 4000 ἐν
1022 3944 1294 4016 ὁμοδούλῳ
1329 3946 1680 4010 σεσώσμεθας
1718 3946 1902 4001 ένώσει
1944 3946 2039 4014 μέν
2075 3947 2180 4017 γὰρ
2215 3948 2278 4015 τῇ
2325 3944 2444 4000 καθ’
2485 3945 2613 3999 ὑπό-

222 4034 404 4069 στασιν
439 4016 495 4070 ἐν
526 4019 745 4087 Χριστῷ
786 4017 849 4069 τὸ
889 4016 1205 4104 ἀνθρώπινον
1241 4019 1302 4083 τῇ
1348 4017 1441 4084 τῆς
1479 4015 1706 4083 ἀληθοῦς
1748 4018 2042 4087 κυριότητος
2083 4017 2431 4087 στεφανοῦται
2472 4018 2614 4084 τιμῇ.

221 4084 456 4154 καθήκετο
480 4089 585 4157 γάρ
613 4086 669 4140 ἐν
691 4088 754 4155 τῇ
777 4090 872 4140 τοῦ
905 4087 1099 4141 δουλου
1132 4088 1334 4156 μορφῇ,
1359 4086 1523 4139 καίτοι
1559 4086 1687 4139 κατὰ
1721 4084 1890 4157 φύσιν
1925 4086 2198 4156 ἐλεύθερος
2229 4087 2300 4140 ὣν
2333 4089 2362 4140 6
2395 4086 2452 4140 ἐκ
2477 4088 2615 4139 θεοῦ

222 4157 397 4225 Λόγος,
432 4155 516 4210 ἵνα
557 4156 761 4226 δοξάσῃ
804 4159 864 4210 τὸ
906 4157 1111 4223 δοῦλον,
1149 4156 1233 4209 καὶ
1272 4158 1363 4225 τῆς
1404 4153 1620 4225 ἐνούσης
1661 4157 1916 4229 εὐγενείας
1955 4157 2092 4228 αὐτῷ
2143 4157 2234 4226 τὴν
2274 4158 2614 4227 λαμπρότητα

218 4225 504 4295 προξενήσῃ
527 4230 592 4296 τῇ
618 4224 804 4295 φύσει.
853 4227 900 4280 εί
931 4227 988 4280 δέ
1022 4225 1085 4295 δή
1115 4248 1194 4281 τις
1221 4224 1514 4294 ἀποστήσει
1546 4227 1604 4280 ἐκ
1623 4229 1715 4295 τῆς
1737 4228 1870 4296 πρὸς
1894 4228 2026 4280 θεὸν
2051 4228 2284 4282 ένῶσεως
2307 4227 2532 4296 ἀληθοῦς
2553 4227 2616 4280 τὸ

219 4293 546 4364 ἀνθρώπινον,
567 4297 759 4366 ἕψεται
778 4297 841 4367 δὴ
859 4298 1061 4353 πάντως
1077 4296 1169 4349 οῦκ
1188 4295 1243 4350 ἐν
1263 4300 1537 4386 κυριότητι·
1563 4298 1756 4362 πόθεν;
1779 4296 1900 4351 ἀλλ’
1928 4297 1983 4351 ἐν
1998 4300 2108 4354 τοῖς
2125 4300 2214 4366 τῆς
2231 4298 2465 4353 δουλείας
2488 4297 2617 4351 αὐτὸ

219 4367 552 4436 καταθήσεται
588 4367 816 4436 μέτροις.
865 4368 952 4420 ὅτε
987 4367 1158 4421 τοίνυν
1181 4369 1416 4423 σέσωκεν
1437 4370 1569 4436 ημᾶς
1602 4368 1756 4425 αὐτὸς
1780 4371 1810 4422 ὁ
1835 4367 2023 4459 Κύριος
2045 4369 2173 4422 κατὰ
2195 4368 2288 4424 τὰς
2308 4367 2536 4439 γραφὰς,
2563 4366 2619 4420 τί

218 4441 573 4506 παραιτοῦνται
606 4438 698 4490 τὸν
731 4438 1004 4493 σεσωκότα
1034 4439 1126 4506 τῆς
1156 4435 1239 4491 ὅτι
1272 4439 1503 4508 μάλιστα
1536 4437 1840 4507 πρεπούσης
1873 4439 2106 4495 ευκλείας
2135 4438 2304 4511 αὐτοῖς
2339 4436 2614 4493 παύσασθε

219 4504 517 4576 διορίζοντες
539 4511 637 4562 τοῦ
663 4509 835 4578 Λόγου
858 4508 917 4560 τὸ
941 4506 1279 4578 ἀνθρώπινον,
1302 4505 1384 4562 ’ίνα
1414 4508 1486 4578 μὴ
1510 4509 1680 4563 κοινὸν
1699 4508 1971 4578 ἄνθρωπον
1994 4510 2203 4579 σωτῆρα
2235 4509 2317 4564 καὶ
2348 4507 2618 4577 λυτρωτὴν

220 4577 288 4649 τᾷ
310 4578 410 4650 βίω
436 4576 568 4649 [rau
589 4577 726 4644 βίων
749 4574 870 4647 Cla]
896 4575 1190 4649 κηρύττητε.
