3269 5166
229 368 677 453 xviii.17.1N
735 371 806 441 s,
852 366 1372 439 JOANNEM.
1461 369 1825 436 L113.x1.
1913 369 2123 436 CAP.
2167 369 2331 437 x11.
2503 368 2589 434 ει

230 534 451 618 παιδὸς
505 537 549 637 ἡ
610 535 915 639 τήρησις
971 538 1104 617 οὐκ
1162 538 1536 617 ἀκίνδυνον
1590 537 1800 616 ἐτίθει
1874 543 2023 620 τοῖς
2093 536 2179 617 οὐ
2241 532 2593 641 πρότερον

229 658 670 759 ἐγνωσμένοις
723 660 856 763 τὴν
914 667 1010 747 εἷς
1074 659 1159 742 τὸ
1217 661 1392 740 εἴσω
1454 659 1947 765 παραδρομήν.
2018 662 2134 739 καὶ
2192 663 2591 760 βιασθῆναι

228 781 343 883 μὲν
391 783 469 865 τὸ
531 785 828 887 γύναιον
876 786 991 866 ὑπ’
1030 783 1288 888 ἀνδρος
1339 782 1431 884 ἦν
1476 782 1709 885 δήπου
1761 782 2051 869 πάντως
2106 785 2191 864 οὐ
2245 782 2616 893 χαλεπὸν,

227 914 353 987 τῶν
384 909 601 1012 γεμὴν
636 909 1039 990 τελούντων
1075 915 1170 995 εἰς
1197 908 1500 1016 ἀταξίαν
1534 907 2008 1013 ἐγκλημάτων
2042 910 2171 988 οὐκ
2192 907 2589 1013 ἐλεύθερον.
2616 906 2654 988 ό

174 1059 205 1119 5
224 1032 505 1184 εἴργεται
554 1036 810 1132 τοίνυν,
848 1035 944 1117 ὡς
993 1034 1169 1140 ἐξ’
1127 1032 1464 1136 ανάγκης,
1500 1035 1730 1115 καίτοι
1778 1035 1947 1115 λίαν
1990 1032 2236 1115 ἀλύων
2272 1035 2314 1113 5
2349 1039 2587 1131 μαθη·

224 1154 355 1255 τὴς,
387 1155 627 1309 μέχρις
664 1155 757 1238 ἂν
794 1159 879 1239 οὐ
913 1158 1215 1261 μετρίως
1249 1162 1712 1258 λελιηιῆσθαι
1747 1156 1867 1239 δια
1909 1156 2177 1257 ταύτην
2212 1155 2431 1238 αὐτὸν
2463 1155 2600 1256 τὴν

220 1282 433 1361 αἰτίαν
484 1282 832 1383 ε’ννοησας
887 1284 928 1363 5
989 1282 1246 1391 ἕτερος,
1308 1281 1931 1380 συνεισκεκόμικεν
1991 1283 2240 1389 ἑαυτῷ,
2295 1288 2388 1387 τῇ
2450 1285 2600 1369 τοῖς

221 1412 496 1489 πυλῶσι
565 1405 1157 1513 προσεδρευούσῃ
1220 1406 1584 1508 λαλήσας,
1651 1410 1768 1488 καὶ
1827 1402 2039 1513 χάριν
2100 1403 2408 1507 αἰτήσας
2475 1411 2602 1485 τοῦ

225 1529 688 1632 συζηλοῦντος
736 1531 928 1639 αὐτῷ
975 1532 1108 1632 τὴν
1149 1529 1673 1631 συνεισβολήν.

2628 1712 2667 1753 a
2689 1694 2943 1753 10233.

141 1826 386 1897 ι(ΦΛὲι-ει
435 1823 549 1895 οὖν
586 1830 686 1913 τῷ
726 1830 961 1919 Πέτρῳ
1010 1830 1049 1894 ἡ
1105 1828 1414 1895 παιδίσκη
1470 1829 1507 1895 ἡ
1566 1831 1868 1920 θυρωρός
1900 1829 2014 1895 Μὴ
2073 1829 2178 1894 καὶ
2225 1828 2301 1896 σὺ
2352 1828 2426 1893 ὲκ
2472 1825 2606 1893 τῶν
2638 1850 2708 1914 17

305 1972 609 2048 μαθητῶν
649 1965 712 2037 εἶ
756 1978 870 2038 τοῦ
920 1970 1276 2061 ἀνθρώπου
1323 1974 1596 2057 τούτους
1661 1973 1834 2051 λὲΓει
1884 1968 2135 2039 ἐκεῖνος
2171 1970 2309 2037 Οὐκ
2357 1967 2508 2047 εἶμί.

328 2165 931 2270 Προηγγελκότος
985 2164 1121 2266 ἤδη
1176 2171 1280 2273 τῷ
1335 2165 1591 2275 Πέτρῳ
1645 2164 1780 2265 τὴν
1826 2172 1924 2251 εἷς
1979 2168 2221 2265 τρίτον
2264 2163 2614 2264 ἐσομένην

227 2287 599 2395 ἐξοίρνησιν
635 2297 766 2371 τοῦ
818 2295 1153 2395 Σωτῆρος
1202 2291 1405 2391 ἡμῶν
1439 2295 1794 2393 Χριστοῦ,
1829 2295 1946 2371 καὶ
1997 2289 2108 2370 ὅτι
2155 2292 2327 2392 πρὶν
2359 2287 2615 2391 ὄρνιθα

230 2419 550 2515 φωνῆσαι
596 2414 733 2497 τὸν
767 2413 952 2523 ᾠδὸν
986 2413 1324 2516 ἀτονήσει
1372 2449 1528 2500 πως
1574 2419 1738 2519 περὶ
1786 2414 1921 2515 τὴν
1952 2415 2224 2513 πίστιν,
2260 2412 2617 2520 ἐξηγεῖται

148 2556 209 2615 ¹5
232 2539 472 2621 λοιπὸν
525 2538 671 2621 ἀνὰ
723 2540 935 2642 μέρος
989 2540 1031 2619 5
1085 2538 1471 2625 θεσπέσιος
1521 2538 2098 2644 Εὖαγγελιστὴς,
2148 2537 2313 2620 ὅποι
2368 2571 2447 2617 τε
2501 2540 2617 2617 καὶ

234 2662 411 2748 ὅπως
462 2662 548 2746 τὸ
603 2670 912 2768 πρᾶγμα
963 2662 1407 2745 τετέλεσται.
1487 2665 2032 2746 διαπυνθάνεται
2086 2664 2322 2746 τοίνυν
2371 2662 2418 2762 ἡ
2472 2666 2619 2747 τοῖς
2643 2685 2689 2751 b

228 2795 551 2871 πυλῶσιν
593 2792 1086 2892 ἐνιδρυνθεῖσα
1141 2786 1345 2891 γυνὴ,
1380 2786 1482 2889 μὴ
1531 2788 1674 2893 ἄρα
1722 2825 1830 2876 τις
1878 2789 1983 2890 εἴη
2031 2796 2177 2869 τῶν
2218 2786 2621 2869 τελούντων

235 2914 302 2991 ἐν
331 2919 685 3014 μαθηταῖς
733 2921 861 2993 τοῦ
905 2912 1040 3013 τὴν
1074 2913 1319 2994 ἄδικον
1353 2915 1827 3013 ὑπομένοντος
1862 2915 2128 3017 κρίσιν.
2206 2910 2625 3016 ἀποφάσκει

238 3036 305 3116 δὲ
344 3040 384 3116 5
422 3040 729 3140 Πέτρος,
765 3041 883 3117 καὶ
934 3036 1184 3141 ὥσπερ
1232 3073 1303 3119 τι
1350 3044 1496 3118 τῶν
1529 3037 2005 3141 ἐγκλημάτων
2038 3033 2622 3137 ἀποσκευάζεται,

153 3186 219 3229 ²0
240 3161 458 3264 λέγων
493 3169 659 3244 Οὐκ
702 3169 862 3267 εἰμὶ,
895 3164 1014 3242 καὶ
1064 3163 1221 3268 οὐχὶ
1270 3160 1357 3262 δὴ
1403 3162 1693 3246 πάντως
1740 3162 2172 3245 καταδείσας
2219 3158 2304 3239 τὸ
2350 3159 2628 3238 ἁλῶναι

240 3284 465 3390 τυχὸν,
528 3285 698 3367 οὐδὲ
772 3285 904 3387 τὴν
966 3289 1094 3385 τῆς
1165 3288 1505 3386 ἀληθείας
1578 3285 1977 3390 ἀνάῤῥησιν
2038 3282 2624 3387 παραιτούμενος,

243 3410 426 3494 ἀλλὰ
461 3412 545 3494 τὸ
581 3417 736 3496 πᾶν
775 3413 1015 3494 ὁτιοῦν
1052 3412 1421 3511 ὑπομεῖναι
1457 3413 1576 3491 καὶ
1608 3418 1756 3491 τῶν
1792 3409 2245 3512 ἀβουλήτων,
2287 3414 2348 3489 εἷ
2387 3407 2624 3514 τύχοι,

245 3536 552 3641 δεύτερον
596 3536 857 3640 ὥσπερ
909 3570 980 3617 τι
1034 3540 1152 3617 καὶ
1206 3538 1447 3618 ὀπίσω
1496 3539 1710 3620 τιθεὶς
1755 3546 1886 3618 τοῦ
1932 3542 2251 3617 συνεῖναι
2293 3536 2624 3642 Χριστῷ.
2654 3578 2691 3624 0

246 3659 325 3764 ἐξ
372 3661 659 3763 ἀγάπης
729 3660 854 3740 οὖν
907 3660 1050 3762 ἄρα
1111 3657 1196 3740 τὸ
1257 3666 1613 3758 πταῖσμα,
1674 3663 1790 3743 καὶ
1841 3659 2042 3764 ῥίζαν
2094 3693 2249 3743 πως
2302 3658 2447 3763 ἕχει
2500 3657 2634 3757 τὴν

164 3803 227 3862 ²5
250 3787 613 3885 φιλοθεΐαν
650 3784 699 3886 ἡ
737 3783 1061 3887 ἄρνησις,
1099 3787 1226 3864 οὐκ
1263 3783 1353 3893 ἐξ
1381 3788 1721 3886 ἀκριβοῦς
1756 3780 1889 3883 μὲν
1921 3786 2088 3864 λίαν
2123 3784 2637 3883 συμβαίνουσα

252 3916 623 4010 λογισμοῦ,
682 3907 1016 4009 μνωμένη
1072 3909 1142 3990 δ’
1202 3910 1328 3988 οὖν
1384 3906 1577 4004 ὅμως
1630 3911 1735 4014 τῷ
1787 3915 2104 3988 συνεῖναι
2155 3911 2496 3988 ποθοῦντι
2552 3901 2637 3984 τὸ

253 4033 842 4137 σπουδαζόμενον.

979 4234 1065 4292 25.
1098 4219 1193 4292 μὴ
1216 4228 1556 4291 assumptum
1579 4236 1646 4274 ex
1671 4217 1737 4275 E.
1764 4216 1907 4275 Catt.
