3269 5166
332 400 591 465 [mu]

303 3035 457 3113 Κεφ.
490 3027 569 3104 ς’.

486 3137 608 3194 324

643 290 770 353 188
950 288 1031 353 Β.
1077 285 1459 352 CYRILLI
1510 284 2046 350 ALEXANDR.
2101 284 2668 350 FRAGMENTA
2764 286 2850 348 vi.
2875 303 3004 370 3‚4

640 455 758 532 καὶ
814 451 904 557 ἒξ
944 450 1281 556 ἐμφύτων
1325 450 1729 550 κινημάτων
1772 451 2332 552 ἐπαιδαγωγεῖτο
2380 448 2578 553 παρὰ
2613 455 2804 531 Θεοῦ
2849 446 3011 550 πρὸς

639 575 914 675 εἴδησιν
977 581 1123 654 τῶν
1188 577 1481 675 ἀγαθῶν
1544 574 1589 672 ἡ
1649 572 2034 677 ἀνθρώπου
2100 573 2350 679 φύσις·
2430 573 2882 678 πεπραχότας
2935 569 3011 669 δὴ

640 700 766 780 οὖν
801 696 1069 781 ἀθλίως
1105 694 1273 782 τοὺς
1309 698 1422 777 ἐπὶ
1460 700 1594 799 γῆς
1631 696 1957 796 κατηλέει
1996 695 2205 795 Θεὸς,
2235 700 2352 778 καὶ
2389 701 2517 795 τῆς
2553 694 3014 799 τυραννούσης

640 818 897 904 αὐτοὺς
932 821 1280 924 ἁμαρτίας
1318 819 1809 900 ἀπαλλάττειν
1844 823 1921 900 ἐν
1956 826 2268 929 Χριστῷ
2304 821 2736 927 φιλαγάθως
2771 818 3008 899 ἐσκέπ-

639 973 819 1025 τετο·
897 941 1101 1024 ἀλλὰ
1164 948 1310 1024 δεῖν
1371 942 1570 1051 ᾠήθη
1638 947 1756 1024 καὶ
1818 945 2023 1040 μα’λα
2088 948 2322 1048 ὀρθῶς
2393 941 2591 1026 πολὺ
2651 950 3014 1024 νοσοῦντας
3037 967 3067 1028 5

638 1066 1312 1172 προαναφαίνεσθαι
1364 1066 1532 1151 τοὺς
1587 1069 1707 1148 ἐπὶ
1766 1071 1892 1168 τῆς
1953 1072 2110 1170 γῆς,
2165 1068 2284 1149 ἵνα
2338 1066 2903 1174 χρειωδεστάτην
2946 1063 3013 1143 ἐ’-

637 1225 881 1296 χουσα
914 1189 1047 1290 τὴν
1092 1197 1190 1276 εἷς
1235 1188 1364 1271 τὸν
1409 1188 1690 1291 κόσμον
1727 1190 2100 1292 εἰσβολὴν,
2140 1193 2182 1291 ἦ
2221 1196 2298 1273 ἐν
2333 1195 2644 1300 Χριστῷ
2679 1191 3020 1272 δικαίωσις

640 1317 872 1418 ὁρῷτο
927 1315 1211 1397 λοιπόν·
1295 1320 1743 1395 δικαιοῦσθαι
1797 1314 1940 1417 γάρ
1985 1323 2225 1420 φαμεν
2260 1317 2346 1396 οὐ
2392 1313 2522 1396 τὸν
2568 1316 2708 1417 ἤδη
2756 1316 3019 1412 δίκαιον,

639 1440 807 1519 ἀλλ’
847 1440 914 1519 εἴ
944 1473 1049 1523 τις
1087 1443 1287 1520 ἐστὶν
1322 1439 1697 1540 ἁμαρτίαις
1734 1438 1999 1544 ἔνοχος·
2052 1445 2209 1524 πῶς
2245 1439 2373 1519 οὖν
2407 1438 2546 1518 ἔδει
2578 1437 3021 1542 προαναδείκ-

639 1568 903 1643 νυσθαι
957 1561 1120 1647 τοὺς
1155 1566 1270 1643 ε’πὶ
1327 1566 1455 1660 τῆς
1511 1566 1645 1664 γῆς
1703 1565 1830 1660 τῆς
1884 1565 1962 1641 ἐν
2000 1569 2308 1670 Χριστῷ
2362 1562 2653 1668 χάριτος
2712 1560 3012 1659 δεδεημέ-
3045 1596 3100 1636 ιο

639 1719 803 1769 νους
839 1719 861 1782 ;
925 1685 1329 1793 παρεισῆλθε
1387 1692 1581 1791 νόμος
1633 1685 1750 1765 ἰ’να.
1804 1685 2147 1803 πλεονάσῃ
2195 1689 2268 1767 τὶ
2319 1684 2809 1794 παράπτωμα·
2870 1718 3011 1764 του-

638 1810 912 1907 τέστιν,
954 1811 1071 1890 ἵνα
1105 1813 1183 1889 ἐν
1218 1818 1365 1893 τοῖς
1404 1806 1542 1890 ὑπὸ
1582 1809 1802 1907 νόμον
1837 1809 2031 1890 πολὺ
2067 1809 2397 1916 φαίνοιτο
2433 1806 2519 1890 τὸ
2554 1809 3016 1913 παράπτωμα,

637 1932 937 2032 μηδενὸς
983 1932 1318 2035 δηλονότι
1369 1936 1819 2013 δικαιοῦσθαι
1865 1929 2261 2030 δυναμένου
2305 1932 2423 2013 διὰ
2457 1932 2542 2014 τὸ
2585 1939 2719 2035 τῆς
2760 1937 3021 2044 φύσεως

635 2057 963 2156 ἀσθενὲς,
1018 2056 1567 2140 ὑποπιπτόντων
1626 2057 1703 2137 δὲ
1758 2057 2011 2159 ὥσπερ
2064 2057 2404 2137 ἁπάντων
2459 2066 2613 2142 ταῖς
2674 2060 2755 2140 ἐκ
2806 2092 3017 2162 παρα-

632 2180 923 2273 βάσεως
958 2181 1234 2266 αἰτίαις.
1308 2181 1610 2261 τέθειται
1663 2183 1900 2261 τοίνυν
1939 2184 1979 2262 5
2019 2180 2234 2278 νόμος
2283 2178 2587 2286 ’ἐλεγχος
2622 2181 2746 2263 οἷοί
2779 2217 2882 2267 τις
2913 2184 3022 2280 τῆς
3047 2205 3102 2264 15

634 2304 973 2386 ἁπάντων
1029 2306 1423 2402 ἀσθενείας,
1477 2306 1594 2385 ἵνα
1651 2306 1979 2410 φαίνοιτο
2034 2304 2127 2384 τὰ
2181 2304 2595 2408 ἀνθρώπινα
2650 2306 2871 2407 μόνης
2914 2308 3022 2404 τῆς

636 2426 753 2508 διὰ
806 2435 1140 2534 Χριστοῦ
1195 2429 1566 2533 θεραπείας
1625 2431 2031 2531 δεδεημένα·
2111 2427 2457 2536 ταύτῃτοί
2507 2437 2745 2538 φησιν
2800 2429 2903 2512 Οὔ
2962 2422 3024 2509 δὲ

637 2552 1035 2636 ἐπλεὸναισεν
1102 2558 1136 2649 ἦ
1209 2556 1522 2661 ἁμαρτίαι
1593 2557 2210 2660 ὑπερεπερίσσευσεν
2274 2558 2308 2649 ἦ
2368 2553 2601 2662 χάρις·
2700 2555 2835 2637 ἔδει
2901 2552 3025 2656 γὰρ

634 2673 813 2756 εἶναι
885 2679 1252 2779 τοσαύτην
1327 2682 1423 2762 ὡς
1497 2681 1762 2778 ἀμείνω
1840 2680 2231 2786 φαίνεσθαι
2295 2688 2424 2760 τοῦ
2497 2683 3025 2784 κατακρίνοντος

639 2799 885 2900 νόμον.
3048 2832 3108 2875 20

760 3032 846 3096 Ἢ
903 3027 1197 3108 ἀτνοεῖτε
1250 3036 1349 3099 ὄτι
1403 3035 1546 3098 ὅσοι
1600 3031 2079 3111 ἐβαπτίσθημεν
2138 3029 2231 3097 εἰς
2285 3031 2560 3121 Χριστὸν
2606 3034 2904 3114 ἸΗσοῡν;

749 3204 1320 3302 Βεβαπτίσμεθα
1406 3202 1535 3304 μὲν
1609 3204 2202 3306 ὁμολογουμένως
2274 3210 2373 3289 εἰς
2459 3202 2545 3284 τὸ
2619 3204 2848 3303 ὄνομα
2916 3208 3025 3282 τοῦ

637 3326 931 3430 Πατρὸς
987 3330 1105 3406 καὶ
1160 3335 1289 3407 τοῦ
1324 3332 1506 3407 Υὶοῦ
1557 3332 1676 3408 καὶ
1726 3336 1854 3407 τοῦ
1891 3326 2148 3431 Ἀγίου
2197 3328 2643 3427 Πνεύματος·
2714 3336 2772 3409 εἰ
2829 3327 2901 3408 δὲ
2950 3324 3026 3422 δὴ

634 3449 838 3551 λέγοι
876 3453 973 3534 ὡς
1009 3460 1097 3537 εἷς
1137 3456 1409 3560 Χριστὶν
1444 3453 1688 3546 Ἰησοῦν
1726 3453 2305 3550 βεβαπτίσμεθα,
2345 3452 2473 3532 οὐκ
2511 3451 2652 3560 ἔξω
2689 3461 2819 3533 τοῦ
2857 3447 3024 3531 εἰκό-

633 3607 756 3657 τος
791 3576 955 3676 ἐρεῖ·
1026 3575 1358 3675 μάλιστα
1406 3577 1535 3674 μὲν
1569 3573 1715 3676 γὰρ
1756 3574 2071 3676 ὀνόμασί
2116 3609 2194 3655 τε
2241 3579 2360 3655 καὶ
2417 3576 2875 3657 ὑποστάσεσι
2924 3574 3027 3653 καὶ
3049 3597 3111 3660 ²5

633 3698 1053 3801 προσόντων
1119 3704 1493 3805 διαφοραῖς
1562 3705 1660 3783 εἱς
1736 3698 1963 3798 ἶδικὴν
2027 3696 2402 3802 ἑτερότητα
2471 3700 2827 3808 διεστήξει
2888 3730 3026 3779 πως

637 3821 896 3924 Πατὴρ
949 3821 1133 3924 πρὸς
1168 3820 1350 3903 Υἶὸν
1387 3825 1500 3903 καὶ
1554 3819 1740 3926 πρὸς
1795 3823 2021 3930 ἄμφω
2079 3822 2163 3903 τὸ
2205 3829 2523 3922 Πνεῦμα·
2605 3822 2864 3926 Πατὴρ
2897 3819 3025 3920 γάρ

633 3947 835 4025 ἐστιν
872 3946 912 4025 5
955 3942 1213 4046 Πατὴρ
1264 3949 1381 4026 καὶ
1435 3948 1570 4051 οὐχ
1603 3945 1801 4031 Υἱός·
1859 3947 2036 4031 ’Υἱὸς
2082 3948 2141 4027 δ’
2183 3947 2275 4027 αὖ
2322 3946 2549 4028 πάλιν
2587 3948 2773 4028 κατὰ
2817 3944 3027 4053 φύσιν

637 4069 679 4147 5
715 4068 804 4175 ἐξ
842 4068 1063 4148 αὐτοῦ
1100 4072 1216 4148 καὶ
1263 4071 1346 4149 οὐ
1386 4068 1666 4172 Πατὴρ,
1707 4076 2006 4170 Πνεῦμα
2062 4070 2137 4151 δὲ
2191 4076 2425 4155 ἶδικῶς
2483 4072 2567 4151 τὸ
2609 4078 2902 4171 Πνεῦμα
2949 4063 3025 4146 τὸ

419 4211 489 4265 11
516 4207 613 4266 Π.
622 4190 907 4294 ”Αγιον·
960 4190 1196 4293 ἐπειδὴ
1227 4192 1360 4274 δὲ’
1323 4228 1398 4273 εν
1423 4196 1661 4297 Πατρὶ
1695 4193 1825 4293 μέν
1848 4197 2049 4276 ε’στιν
2077 4196 2118 4273 5
2147 4194 2410 4293 Υἱὸς,’
2373 4229 2451 4275 εν
2479 4201 2636 4304 ’Υἱῷ
2661 4195 2736 4276 δὲ
2763 4192 3021 4293 Πατὴρ,
3043 4218 3113 4278 30

637 4313 842 4403 ὄντος
893 4320 969 4397 ἐν
1024 4319 1296 4423 ἀμφοῖν
1341 4325 1471 4398 τοῦ
1517 4319 1777 4420 Ἀγίου
1817 4318 2240 4419 Πνεύματος
2299 4317 2416 4399 διὰ
2471 4318 2557 4400 τὸ
2613 4325 2738 4421 τῆς
2795 4317 3025 4400 οὐσίας

1064 4531 1116 4585 5.
1155 4518 1234 4571 δεῖ
1262 4515 1326 4571 Β.
1876 4535 1962 4588 24.
2000 4520 2069 4576 ὣς
2094 4528 2435 4592 assumptum
2461 4538 2526 4575 ex
2556 4521 2620 4576 B.
