<?xml version="1.0" encoding="UTF-8"?>
<!DOCTYPE html PUBLIC "-//W3C//DTD XHTML 1.0 Transitional//EN"
    "http://www.w3.org/TR/xhtml1/DTD/xhtml1-transitional.dtd">
<html xmlns="http://www.w3.org/1999/xhtml" xml:lang="en" lang="en">
 <head>
  <title>
</title>
<meta http-equiv="Content-Type" content="text/html;charset=utf-8" />
  <meta name='ocr-system' content='tesseract 3.04.00' />
  <meta name='ocr-capabilities' content='ocr_page ocr_carea ocr_par ocr_line ocrx_word'/>
</head>
<body>
  <div class='ocr_page' id='page_1' title='image "./indjoannisevang00pusegoog_0498.png"; bbox 0 0 3269 5166; ppageno 0'>
   <div class='ocr_carea' id='block_1_1' title="bbox 706 342 2638 408">
    <p class='ocr_par' dir='ltr' id='par_1_1' title="bbox 706 342 2638 408">
     <span class='ocr_line' id='line_1_1' title="bbox 706 342 2638 408; baseline 0.001 -3"><span class='ocrx_word' id='word_1_1' title='bbox 706 344 836 406; x_wconf 81' lang='lat'>482</span> <span class='ocrx_word' id='word_1_2' title='bbox 1172 343 1250 408; x_wconf 89' lang='lat' dir='ltr'>B.</span> <span class='ocrx_word' id='word_1_3' title='bbox 1298 342 1673 408; x_wconf 87' lang='lat' dir='ltr'>CYRILLI</span> <span class='ocrx_word' id='word_1_4' title='bbox 1735 342 2258 408; x_wconf 84' lang='lat' dir='ltr'><strong>ALEXANDR.</strong></span> <span class='ocrx_word' id='word_1_5' title='bbox 2309 342 2638 407; x_wconf 81' lang='lat' dir='ltr'>FRAGM.</span> 
     </span>
    </p>
   </div>
   <div class='ocr_carea' id='block_1_2' title="bbox 704 504 3038 958">
    <p class='ocr_par' dir='ltr' id='par_1_2' title="bbox 704 504 3038 958">
     <span class='ocr_line' id='line_1_2' title="bbox 707 504 3025 611; baseline 0 -27"><span class='ocrx_word' id='word_1_6' title='bbox 707 504 937 611; x_wconf 83' lang='grc' dir='ltr'>φύσιν</span> <span class='ocrx_word' id='word_1_7' title='bbox 973 506 1156 585; x_wconf 89' lang='grc' dir='ltr'>ἰδίαν</span> <span class='ocrx_word' id='word_1_8' title='bbox 1192 507 1711 607; x_wconf 80' lang='grc' dir='ltr'>ἐπιπηδήσασα</span> <span class='ocrx_word' id='word_1_9' title='bbox 1759 508 1983 610; x_wconf 81' lang='grc' dir='ltr'>ἤγουν</span> <span class='ocrx_word' id='word_1_10' title='bbox 2019 511 2580 608; x_wconf 86' lang='grc' dir='ltr'>ἀνακομισθεῖσα</span> <span class='ocrx_word' id='word_1_11' title='bbox 2628 513 2712 611; x_wconf 83' lang='grc' dir='ltr'>τῇ</span> <span class='ocrx_word' id='word_1_12' title='bbox 2757 513 2869 585; x_wconf 84' lang='grc' dir='ltr'>τοῦ</span> <span class='ocrx_word' id='word_1_13' title='bbox 2902 505 3025 584; x_wconf 89' lang='grc' dir='ltr'>Λό-</span> 
     </span>
     <span class='ocr_line' id='line_1_3' title="bbox 705 627 3033 732; baseline -0.001 -24"><span class='ocrx_word' id='word_1_14' title='bbox 705 662 842 731; x_wconf 88' lang='grc' dir='ltr'>γου</span> <span class='ocrx_word' id='word_1_15' title='bbox 879 627 1194 730; x_wconf 85' lang='grc' dir='ltr'>θελήσει,</span> <span class='ocrx_word' id='word_1_16' title='bbox 1233 630 1471 732; x_wconf 85' lang='grc' dir='ltr'>καιρὸς</span> <span class='ocrx_word' id='word_1_17' title='bbox 1507 633 1604 715; x_wconf 84' lang='grc' dir='ltr'>ὡς</span> <span class='ocrx_word' id='word_1_18' title='bbox 1641 631 1818 710; x_wconf 81' lang='grc' dir='ltr'>ἔοικε</span> <span class='ocrx_word' id='word_1_19' title='bbox 1868 632 1986 711; x_wconf 84' lang='grc' dir='ltr'>καὶ</span> <span class='ocrx_word' id='word_1_20' title='bbox 2034 631 2219 729; x_wconf 80' lang='grc' dir='ltr'>ἡμᾶς</span> <span class='ocrx_word' id='word_1_21' title='bbox 2269 628 2521 714; x_wconf 77' lang='grc' dir='ltr'>αὐτοὺς</span> <span class='ocrx_word' id='word_1_22' title='bbox 2554 630 2776 732; x_wconf 81' lang='grc' dir='ltr'>ἕτερον</span> <span class='ocrx_word' id='word_1_23' title='bbox 2808 628 3033 729; x_wconf 84' lang='grc' dir='ltr'>τρόπον</span> 
     </span>
     <span class='ocr_line' id='line_1_4' title="bbox 704 753 3038 857; baseline -0 -26"><span class='ocrx_word' id='word_1_24' title='bbox 704 758 1063 832; x_wconf 87' lang='grc' dir='ltr'>ποιεῖσθαι</span> <span class='ocrx_word' id='word_1_25' title='bbox 1112 762 1241 833; x_wconf 87' lang='grc' dir='ltr'>τοῦ</span> <span class='ocrx_word' id='word_1_26' title='bbox 1290 753 1691 857; x_wconf 78' lang='grc' dir='ltr'>μυστηρίου</span> <span class='ocrx_word' id='word_1_27' title='bbox 1725 753 1857 854; x_wconf 77' lang='grc' dir='ltr'>τὴν</span> <span class='ocrx_word' id='word_1_28' title='bbox 1894 753 2211 853; x_wconf 81' lang='grc' dir='ltr'>δύναμιν,</span> <span class='ocrx_word' id='word_1_29' title='bbox 2249 757 2366 834; x_wconf 84' lang='grc' dir='ltr'>καὶ</span> <span class='ocrx_word' id='word_1_30' title='bbox 2415 761 2558 837; x_wconf 90' lang='grc' dir='ltr'>τοῖς</span> <span class='ocrx_word' id='word_1_31' title='bbox 2593 756 2795 833; x_wconf 83' lang='grc' dir='ltr'>αὐτοῦ</span> <span class='ocrx_word' id='word_1_32' title='bbox 2829 757 3038 832; x_wconf 84' lang='grc' dir='ltr'>δοκοῦ-</span> 
     </span>
     <span class='ocr_line' id='line_1_5' title="bbox 706 877 1300 958; baseline 0.008 -5"><span class='ocrx_word' id='word_1_33' title='bbox 706 908 830 954; x_wconf 87' lang='grc' dir='ltr'>σιν</span> <span class='ocrx_word' id='word_1_34' title='bbox 866 877 1300 958; x_wconf 81' lang='grc' dir='ltr'>ἀκολουθεῖν.</span> 
     </span>
    </p>
   </div>
   <div class='ocr_carea' id='block_1_3' title="bbox 1856 1060 3085 1141">
    <p class='ocr_par' dir='ltr' id='par_1_3' title="bbox 1856 1060 3085 1141">
     <span class='ocr_line' id='line_1_6' title="bbox 1856 1060 3085 1141; baseline 0 -1"><span class='ocrx_word' id='word_1_35' title='bbox 1856 1060 1939 1141; x_wconf 87' lang='grc' dir='ltr'>δ’.</span> <span class='ocrx_word' id='word_1_36' title='bbox 3061 1080 3085 1140; x_wconf 85' lang='lat'>5</span> 
     </span>
    </p>
   </div>
   <div class='ocr_carea' id='block_1_4' title="bbox 700 1213 3111 1947">
    <p class='ocr_par' dir='ltr' id='par_1_4' title="bbox 700 1213 3111 1947">
     <span class='ocr_line' id='line_1_7' title="bbox 818 1213 3043 1324; baseline -0.004 -23"><span class='ocrx_word' id='word_1_37' title='bbox 818 1221 1108 1301; x_wconf 85' lang='grc' dir='ltr'>Οὐκοῦν</span> <span class='ocrx_word' id='word_1_38' title='bbox 1161 1225 1288 1321; x_wconf 88' lang='grc' dir='ltr'>τῆς</span> <span class='ocrx_word' id='word_1_39' title='bbox 1342 1220 1947 1324; x_wconf 86' lang='grc' dir='ltr'>ἐνανθρωπήσεως</span> <span class='ocrx_word' id='word_1_40' title='bbox 2000 1228 2129 1299; x_wconf 85' lang='grc' dir='ltr'>τοῦ</span> <span class='ocrx_word' id='word_1_41' title='bbox 2190 1225 2648 1321; x_wconf 83' lang='grc' dir='ltr'>Μονογενοῦς</span> <span class='ocrx_word' id='word_1_42' title='bbox 2704 1213 3043 1316; x_wconf 80' lang='grc' dir='ltr'>ὁμολογίαν</span> 
     </span>
     <span class='ocr_line' id='line_1_8' title="bbox 705 1339 3041 1451; baseline -0.004 -28"><span class='ocrx_word' id='word_1_43' title='bbox 705 1341 906 1449; x_wconf 86' lang='grc' dir='ltr'>ἔχεις,</span> <span class='ocrx_word' id='word_1_44' title='bbox 942 1344 1068 1451; x_wconf 82' lang='grc' dir='ltr'>ἀφ’</span> <span class='ocrx_word' id='word_1_45' title='bbox 1108 1344 1193 1446; x_wconf 84' lang='grc' dir='ltr'>ἧς</span> <span class='ocrx_word' id='word_1_46' title='bbox 1241 1348 1355 1425; x_wconf 74' lang='grc' dir='ltr'>καὶ</span> <span class='ocrx_word' id='word_1_47' title='bbox 1411 1343 1717 1446; x_wconf 85' lang='grc' dir='ltr'>ἀληθινὴ</span> <span class='ocrx_word' id='word_1_48' title='bbox 1765 1345 1810 1442; x_wconf 87' lang='grc' dir='ltr'><em>ἡ</em></span> <span class='ocrx_word' id='word_1_49' title='bbox 1861 1345 2127 1427; x_wconf 78' lang='grc' dir='ltr'>πίστις.</span> <span class='ocrx_word' id='word_1_50' title='bbox 2206 1350 2264 1422; x_wconf 88' lang='grc' dir='ltr'>εἰ</span> <span class='ocrx_word' id='word_1_51' title='bbox 2302 1342 2378 1423; x_wconf 82' lang='grc' dir='ltr'>δὲ</span> <span class='ocrx_word' id='word_1_52' title='bbox 2414 1342 2607 1422; x_wconf 80' lang='grc' dir='ltr'>καθά</span> <span class='ocrx_word' id='word_1_53' title='bbox 2637 1348 2856 1446; x_wconf 89' lang='grc' dir='ltr'>φησιν</span> <span class='ocrx_word' id='word_1_54' title='bbox 2888 1342 2945 1417; x_wconf 78' lang='grc' dir='ltr'>οἱ</span> <span class='ocrx_word' id='word_1_55' title='bbox 2975 1339 3041 1414; x_wconf 81' lang='grc' dir='ltr'>δι’</span> 
     </span>
     <span class='ocr_line' id='line_1_9' title="bbox 704 1462 3044 1571; baseline -0.003 -25"><span class='ocrx_word' id='word_1_56' title='bbox 704 1468 1046 1566; x_wconf 79' lang='grc' dir='ltr'>ἐναντίας,</span> <span class='ocrx_word' id='word_1_57' title='bbox 1084 1469 1495 1550; x_wconf 81' lang='grc' dir='ltr'>ἀπεδύσατο</span> <span class='ocrx_word' id='word_1_58' title='bbox 1541 1469 1674 1569; x_wconf 87' lang='grc' dir='ltr'>τὴν</span> <span class='ocrx_word' id='word_1_59' title='bbox 1710 1467 1974 1571; x_wconf 84' lang='grc' dir='ltr'>σάρκα,</span> <span class='ocrx_word' id='word_1_60' title='bbox 2009 1466 2447 1567; x_wconf 80' lang='grc' dir='ltr'>μεταβαλὼν</span> <span class='ocrx_word' id='word_1_61' title='bbox 2495 1465 2715 1567; x_wconf 79' lang='grc' dir='ltr'>αὐτὴν</span> <span class='ocrx_word' id='word_1_62' title='bbox 2761 1470 2852 1547; x_wconf 88' lang='grc' dir='ltr'>εἰς</span> <span class='ocrx_word' id='word_1_63' title='bbox 2899 1462 3044 1541; x_wconf 81' lang='grc' dir='ltr'>ἰδίαν</span> 
     </span>
     <span class='ocr_line' id='line_1_10' title="bbox 703 1584 3045 1699; baseline -0.001 -28"><span class='ocrx_word' id='word_1_64' title='bbox 703 1591 952 1695; x_wconf 79' lang='grc' dir='ltr'>φύσιν,</span> <span class='ocrx_word' id='word_1_65' title='bbox 988 1595 1029 1673; x_wconf 83' lang='grc' dir='ltr'><strong>ὁ</strong></span> <span class='ocrx_word' id='word_1_66' title='bbox 1065 1595 1346 1677; x_wconf 83' lang='grc' dir='ltr'>ἑνωθείς</span> <span class='ocrx_word' id='word_1_67' title='bbox 1391 1595 1571 1699; x_wconf 77' lang='grc' dir='ltr'>αὐτῇ</span> <span class='ocrx_word' id='word_1_68' title='bbox 1610 1592 1873 1693; x_wconf 85' lang='grc' dir='ltr'>Λόγος,</span> <span class='ocrx_word' id='word_1_69' title='bbox 1907 1592 2504 1692; x_wconf 85' lang='grc' dir='ltr'>συμπεπαύσεται</span> <span class='ocrx_word' id='word_1_70' title='bbox 2553 1589 2732 1671; x_wconf 80' lang='grc' dir='ltr'>κατὰ</span> <span class='ocrx_word' id='word_1_71' title='bbox 2780 1587 2859 1670; x_wconf 81' lang='grc' dir='ltr'>τὸ</span> <span class='ocrx_word' id='word_1_72' title='bbox 2903 1584 3045 1668; x_wconf 75' lang='grc' dir='ltr'>εἰκὸς</span> 
     </span>
     <span class='ocr_line' id='line_1_11' title="bbox 700 1713 3111 1820; baseline -0.004 -23"><span class='ocrx_word' id='word_1_73' title='bbox 700 1715 747 1815; x_wconf 85' lang='grc' dir='ltr'><em>ἦ</em></span> <span class='ocrx_word' id='word_1_74' title='bbox 781 1719 1155 1816; x_wconf 85' lang='grc' dir='ltr'>μεταβολὴ</span> <span class='ocrx_word' id='word_1_75' title='bbox 1192 1721 1320 1816; x_wconf 87' lang='grc' dir='ltr'>τῆς</span> <span class='ocrx_word' id='word_1_76' title='bbox 1356 1714 1628 1820; x_wconf 76' lang='grc' dir='ltr'>σαρκὸς</span> <span class='ocrx_word' id='word_1_77' title='bbox 1676 1719 1795 1796; x_wconf 83' lang='grc' dir='ltr'>καὶ</span> <span class='ocrx_word' id='word_1_78' title='bbox 1843 1719 1971 1815; x_wconf 86' lang='grc' dir='ltr'>τῆς</span> <span class='ocrx_word' id='word_1_79' title='bbox 2019 1715 2518 1818; x_wconf 80' lang='grc' dir='ltr'>σωτηριῶδους</span> <span class='ocrx_word' id='word_1_80' title='bbox 2552 1716 2856 1798; x_wconf 87' lang='grc' dir='ltr'>πίστεως</span> <span class='ocrx_word' id='word_1_81' title='bbox 2886 1713 3045 1811; x_wconf 79' lang='grc' dir='ltr'>ἡμῶν</span> <span class='ocrx_word' id='word_1_82' title='bbox 3065 1741 3111 1782; x_wconf 86' lang='lat'>10</span> 
     </span>
     <span class='ocr_line' id='line_1_12' title="bbox 700 1836 3046 1947; baseline -0.002 -30"><span class='ocrx_word' id='word_1_83' title='bbox 700 1839 747 1937; x_wconf 86' lang='grc' dir='ltr'><strong><em>ἡ</em></strong></span> <span class='ocrx_word' id='word_1_84' title='bbox 804 1840 1180 1942; x_wconf 83' lang='grc' dir='ltr'>ὁμολογία,</span> <span class='ocrx_word' id='word_1_85' title='bbox 1215 1837 1717 1947; x_wconf 75' lang='grc' dir='ltr'>συγκατὲληξε</span> <span class='ocrx_word' id='word_1_86' title='bbox 1773 1839 1850 1920; x_wconf 78' lang='grc' dir='ltr'>δὲ</span> <span class='ocrx_word' id='word_1_87' title='bbox 1901 1839 2189 1924; x_wconf 82' lang='grc' dir='ltr'>πάντως</span> <span class='ocrx_word' id='word_1_88' title='bbox 2245 1840 2423 1945; x_wconf 78' lang='grc' dir='ltr'>αὐτῇ</span> <span class='ocrx_word' id='word_1_89' title='bbox 2479 1842 2601 1919; x_wconf 82' lang='grc' dir='ltr'>καὶ</span> <span class='ocrx_word' id='word_1_90' title='bbox 2654 1839 2697 1938; x_wconf 84' lang='grc' dir='ltr'><strong><em>ἡ</em></strong></span> <span class='ocrx_word' id='word_1_91' title='bbox 2746 1838 2826 1916; x_wconf 87' lang='grc' dir='ltr'>δι’</span> <span class='ocrx_word' id='word_1_92' title='bbox 2873 1836 3046 1931; x_wconf 80' lang='grc' dir='ltr'>αὐτῆς</span> 
     </span>
    </p>
   </div>
   <div class='ocr_carea' id='block_1_5' title="bbox 1430 1960 1451 1992">
    <p class='ocr_par' dir='ltr' id='par_1_5' title="bbox 1430 1960 1451 1992">
     <span class='ocr_line' id='line_1_13' title="bbox 1430 1960 1451 1992; baseline 0 0"><span class='ocrx_word' id='word_1_93' title='bbox 1430 1960 1451 1992; x_wconf 57' lang='grc' dir='ltr'>ἱ</span> 
     </span>
    </p>
   </div>
   <div class='ocr_carea' id='block_1_6' title="bbox 366 1954 3046 2065">
    <p class='ocr_par' dir='ltr' id='par_1_6' title="bbox 366 1954 3046 2065">
     <span class='ocr_line' id='line_1_14' title="bbox 366 1954 3046 2065; baseline -0.001 -26"><span class='ocrx_word' id='word_1_94' title='bbox 366 1978 444 2029; x_wconf 83' lang='lat' dir='ltr'>Cf·</span> <span class='ocrx_word' id='word_1_95' title='bbox 472 1993 494 2027; x_wconf 84' lang='lat'>1</span> <span class='ocrx_word' id='word_1_96' title='bbox 523 1979 639 2030; x_wconf 83' lang='lat' dir='ltr'><strong>Gor·</strong></span> <span class='ocrx_word' id='word_1_97' title='bbox 701 1963 1086 2062; x_wconf 81' lang='grc' dir='ltr'>δικαίωσις,</span> <span class='ocrx_word' id='word_1_98' title='bbox 1123 1962 1223 2043; x_wconf 78' lang='grc' dir='ltr'>ἔτι</span> <span class='ocrx_word' id='word_1_99' title='bbox 1274 1967 1494 2063; x_wconf 83' lang='grc' dir='ltr'>ἐσμεν</span> <span class='ocrx_word' id='word_1_100' title='bbox 1539 1976 1583 2012; x_wconf 87' lang='grc'><strong>“</strong></span> <span class='ocrx_word' id='word_1_101' title='bbox 1613 1966 1689 2043; x_wconf 81' lang='grc' dir='ltr'>ἐν</span> <span class='ocrx_word' id='word_1_102' title='bbox 1738 1970 1893 2048; x_wconf 91' lang='grc' dir='ltr'>ταῖς</span> <span class='ocrx_word' id='word_1_103' title='bbox 1948 1963 2370 2065; x_wconf 82' lang='grc' dir='ltr'>ἀμαρτίαις”</span> <span class='ocrx_word' id='word_1_104' title='bbox 2411 1963 2617 2061; x_wconf 81' lang='grc' dir='ltr'>ἡμῶν</span> <span class='ocrx_word' id='word_1_105' title='bbox 2665 1963 2777 2041; x_wconf 80' lang='grc' dir='ltr'>καὶ</span> <span class='ocrx_word' id='word_1_106' title='bbox 2826 1954 3046 2038; x_wconf 85' lang='grc' dir='ltr'>ἀναπό·</span> 
     </span>
    </p>
   </div>
   <div class='ocr_carea' id='block_1_7' title="bbox 366 2057 551 2108">
    <p class='ocr_par' dir='ltr' id='par_1_7' title="bbox 366 2057 551 2108">
     <span class='ocr_line' id='line_1_15' title="bbox 366 2057 551 2108; baseline 0.011 -14"><span class='ocrx_word' id='word_1_107' title='bbox 366 2061 450 2094; x_wconf 82' lang='lat' dir='ltr'>xv.</span> <span class='ocrx_word' id='word_1_108' title='bbox 474 2057 551 2108; x_wconf 87' lang='lat'>17.</span> 
     </span>
    </p>
   </div>
   <div class='ocr_carea' id='block_1_8' title="bbox 700 2085 2772 2193">
    <p class='ocr_par' dir='ltr' id='par_1_8' title="bbox 700 2085 2772 2193">
     <span class='ocr_line' id='line_1_16' title="bbox 700 2085 2772 2193; baseline -0 -27"><span class='ocrx_word' id='word_1_109' title='bbox 700 2091 976 2188; x_wconf 86' lang='grc' dir='ltr'>βλητος</span> <span class='ocrx_word' id='word_1_110' title='bbox 1011 2087 1179 2186; x_wconf 84' lang='grc' dir='ltr'>ἡμῖν</span> <span class='ocrx_word' id='word_1_111' title='bbox 1212 2089 1414 2167; x_wconf 84' lang='grc' dir='ltr'>ἐστιν</span> <span class='ocrx_word' id='word_1_112' title='bbox 1445 2094 1591 2167; x_wconf 79' lang='grc' dir='ltr'>τῶν</span> <span class='ocrx_word' id='word_1_113' title='bbox 1627 2089 1944 2193; x_wconf 86' lang='grc' dir='ltr'>ἀρχαίων</span> <span class='ocrx_word' id='word_1_114' title='bbox 1978 2085 2414 2186; x_wconf 82' lang='grc' dir='ltr'>αἰτιαμάτων</span> <span class='ocrx_word' id='word_1_115' title='bbox 2451 2088 2491 2165; x_wconf 85' lang='grc' dir='ltr'><strong>ὁ</strong></span> <span class='ocrx_word' id='word_1_116' title='bbox 2526 2087 2772 2188; x_wconf 81' lang='grc' dir='ltr'>ῥύπος.</span> 
     </span>
    </p>
   </div>
   <div class='ocr_carea' id='block_1_9' title="bbox 1853 2323 1932 2405">
    <p class='ocr_par' dir='ltr' id='par_1_9' title="bbox 1853 2323 1932 2405">
     <span class='ocr_line' id='line_1_17' title="bbox 1889 2323 1908 2353; baseline 0 0"><span class='ocrx_word' id='word_1_117' title='bbox 1889 2323 1908 2353; x_wconf 79' lang='lat' dir='ltr'><em>e</em></span> 
     </span>
     <span class='ocr_line' id='line_1_18' title="bbox 1853 2362 1932 2405; baseline 0 0"><span class='ocrx_word' id='word_1_118' title='bbox 1853 2362 1932 2405; x_wconf 77' lang='grc' dir='ltr'>Ε.</span> 
     </span>
    </p>
   </div>
   <div class='ocr_carea' id='block_1_10' title="bbox 695 2482 3120 3960">
    <p class='ocr_par' dir='ltr' id='par_1_10' title="bbox 695 2482 3120 3960">
     <span class='ocr_line' id='line_1_19' title="bbox 812 2482 3114 2590; baseline -0.001 -23"><span class='ocrx_word' id='word_1_119' title='bbox 812 2493 902 2567; x_wconf 85' lang='grc' dir='ltr'>Εἰ</span> <span class='ocrx_word' id='word_1_120' title='bbox 961 2488 1317 2568; x_wconf 76' lang='grc' dir='ltr'>πέπαυται</span> <span class='ocrx_word' id='word_1_121' title='bbox 1378 2495 1506 2568; x_wconf 85' lang='grc' dir='ltr'>τοῦ</span> <span class='ocrx_word' id='word_1_122' title='bbox 1569 2489 1734 2568; x_wconf 87' lang='grc' dir='ltr'>καθ’</span> <span class='ocrx_word' id='word_1_123' title='bbox 1795 2487 1980 2588; x_wconf 77' lang='grc' dir='ltr'>ἡμᾶς</span> <span class='ocrx_word' id='word_1_124' title='bbox 2038 2482 2214 2567; x_wconf 80' lang='grc' dir='ltr'>εἶναι</span> <span class='ocrx_word' id='word_1_125' title='bbox 2271 2487 2649 2568; x_wconf 77' lang='grc' dir='ltr'>τουτέστιν</span> <span class='ocrx_word' id='word_1_126' title='bbox 2704 2486 3048 2590; x_wconf 78' lang='grc' dir='ltr'>ἅνθρωπος,</span> <span class='ocrx_word' id='word_1_127' title='bbox 3071 2500 3114 2559; x_wconf 84' lang='lat'>¹5</span> 
     </span>
     <span class='ocr_line' id='line_1_20' title="bbox 696 2606 3051 2717; baseline 0 -26"><span class='ocrx_word' id='word_1_128' title='bbox 696 2610 880 2713; x_wconf 78' lang='grc' dir='ltr'>μετὰ</span> <span class='ocrx_word' id='word_1_129' title='bbox 934 2620 1059 2692; x_wconf 84' lang='grc' dir='ltr'>τοῦ</span> <span class='ocrx_word' id='word_1_130' title='bbox 1115 2616 1232 2692; x_wconf 82' lang='grc' dir='ltr'>καὶ</span> <span class='ocrx_word' id='word_1_131' title='bbox 1288 2613 1464 2717; x_wconf 73' lang='grc' dir='ltr'>ὑπὲρ</span> <span class='ocrx_word' id='word_1_132' title='bbox 1513 2611 1699 2712; x_wconf 80' lang='grc' dir='ltr'>ἡμᾶς</span> <span class='ocrx_word' id='word_1_133' title='bbox 1756 2617 2026 2710; x_wconf 84' lang='grc' dir='ltr'>θεῖκῶς,</span> <span class='ocrx_word' id='word_1_134' title='bbox 2067 2610 2509 2693; x_wconf 81' lang='grc' dir='ltr'>σεσάλευται</span> <span class='ocrx_word' id='word_1_135' title='bbox 2567 2618 2696 2713; x_wconf 86' lang='grc' dir='ltr'>τῆς</span> <span class='ocrx_word' id='word_1_136' title='bbox 2741 2606 3051 2711; x_wconf 72' lang='grc' dir='ltr'>σωτηρίας</span> 
     </span>
     <span class='ocr_line' id='line_1_21' title="bbox 698 2725 3050 2836; baseline 0.002 -22"><span class='ocrx_word' id='word_1_137' title='bbox 698 2738 901 2835; x_wconf 79' lang='grc' dir='ltr'>ἡμῶν</span> <span class='ocrx_word' id='word_1_138' title='bbox 947 2737 988 2814; x_wconf 82' lang='grc' dir='ltr'><strong>ὁ</strong></span> <span class='ocrx_word' id='word_1_139' title='bbox 1034 2735 1383 2835; x_wconf 84' lang='grc' dir='ltr'>θεμέλιος,</span> <span class='ocrx_word' id='word_1_140' title='bbox 1442 2734 2044 2835; x_wconf 79' lang='grc' dir='ltr'>ὑπενοστήσαμεν</span> <span class='ocrx_word' id='word_1_141' title='bbox 2099 2736 2282 2817; x_wconf 82' lang='grc' dir='ltr'>κατὰ</span> <span class='ocrx_word' id='word_1_142' title='bbox 2338 2734 2423 2817; x_wconf 83' lang='grc' dir='ltr'>τὸ</span> <span class='ocrx_word' id='word_1_143' title='bbox 2478 2736 2666 2822; x_wconf 80' lang='grc' dir='ltr'>εἰκὸς</span> <span class='ocrx_word' id='word_1_144' title='bbox 2719 2736 2813 2820; x_wconf 78' lang='grc' dir='ltr'>εἷς</span> <span class='ocrx_word' id='word_1_145' title='bbox 2863 2766 2940 2836; x_wconf 77' lang='grc' dir='ltr'>γε</span> <span class='ocrx_word' id='word_1_146' title='bbox 2986 2725 3050 2808; x_wconf 67' lang='grc' dir='ltr'>Τὸ</span> 
     </span>
     <span class='ocr_line' id='line_1_22' title="bbox 699 2852 3051 2968; baseline -0.001 -27"><span class='ocrx_word' id='word_1_147' title='bbox 699 2865 842 2941; x_wconf 84' lang='grc' dir='ltr'>δεῖν</span> <span class='ocrx_word' id='word_1_148' title='bbox 874 2865 1376 2964; x_wconf 81' lang='grc' dir='ltr'>τυραννεῖσθαι</span> <span class='ocrx_word' id='word_1_149' title='bbox 1412 2857 1640 2939; x_wconf 80' lang='grc' dir='ltr'>πάλιν</span> <span class='ocrx_word' id='word_1_150' title='bbox 1675 2857 1962 2968; x_wconf 77' lang='grc' dir='ltr'>θανάτῳ</span> <span class='ocrx_word' id='word_1_151' title='bbox 1998 2865 2118 2939; x_wconf 82' lang='grc' dir='ltr'>καὶ</span> <span class='ocrx_word' id='word_1_152' title='bbox 2170 2861 2564 2964; x_wconf 83' lang='grc' dir='ltr'>ἁμαρτίαις.</span> <span class='ocrx_word' id='word_1_153' title='bbox 2653 2858 2893 2962; x_wconf 80' lang='grc' dir='ltr'>ὥσπερ</span> <span class='ocrx_word' id='word_1_154' title='bbox 2938 2852 3051 2958; x_wconf 74' lang='grc' dir='ltr'>γὰρ</span> 
     </span>
     <span class='ocr_line' id='line_1_23' title="bbox 698 2981 3045 3088; baseline -0.003 -24"><span class='ocrx_word' id='word_1_155' title='bbox 698 2984 920 3067; x_wconf 84' lang='grc' dir='ltr'>οἰκίας</span> <span class='ocrx_word' id='word_1_156' title='bbox 976 2981 1195 3088; x_wconf 80' lang='grc' dir='ltr'>τυχὸν</span> <span class='ocrx_word' id='word_1_157' title='bbox 1249 2981 1295 3083; x_wconf 82' lang='grc' dir='ltr'>ἢ</span> <span class='ocrx_word' id='word_1_158' title='bbox 1352 2984 1626 3088; x_wconf 86' lang='grc' dir='ltr'>τείχους</span> <span class='ocrx_word' id='word_1_159' title='bbox 1687 2988 1833 3063; x_wconf 83' lang='grc' dir='ltr'>τῶν</span> <span class='ocrx_word' id='word_1_160' title='bbox 1888 2983 2319 3064; x_wconf 86' lang='grc' dir='ltr'>κατωτάτων</span> <span class='ocrx_word' id='word_1_161' title='bbox 2373 2983 2676 3086; x_wconf 82' lang='grc' dir='ltr'>βάθρων</span> <span class='ocrx_word' id='word_1_162' title='bbox 2727 2988 3045 3062; x_wconf 88' lang='grc' dir='ltr'>σεσαλευ-</span> 
     </span>
     <span class='ocr_line' id='line_1_24' title="bbox 695 3102 3120 3212; baseline -0.003 -26"><span class='ocrx_word' id='word_1_163' title='bbox 695 3107 947 3206; x_wconf 78' lang='grc' dir='ltr'>μένῳν,</span> <span class='ocrx_word' id='word_1_164' title='bbox 985 3104 1352 3208; x_wconf 83' lang='grc' dir='ltr'>συνιζήσει</span> <span class='ocrx_word' id='word_1_165' title='bbox 1384 3105 1673 3191; x_wconf 79' lang='grc' dir='ltr'>πάντως</span> <span class='ocrx_word' id='word_1_166' title='bbox 1713 3108 1950 3189; x_wconf 81' lang='grc' dir='ltr'>αὐτοῖς</span> <span class='ocrx_word' id='word_1_167' title='bbox 1987 3109 2105 3186; x_wconf 78' lang='grc' dir='ltr'>καὶ</span> <span class='ocrx_word' id='word_1_168' title='bbox 2141 3105 2235 3187; x_wconf 79' lang='grc' dir='ltr'>τὰ</span> <span class='ocrx_word' id='word_1_169' title='bbox 2269 3107 2849 3212; x_wconf 82' lang='grc' dir='ltr'>ἐπερηρεισμένα·</span> <span class='ocrx_word' id='word_1_170' title='bbox 2903 3102 3051 3182; x_wconf 79' lang='grc' dir='ltr'>οὕτω</span> <span class='ocrx_word' id='word_1_171' title='bbox 3072 3131 3120 3173; x_wconf 80' lang='lat'>20</span> 
     </span>
     <span class='ocr_line' id='line_1_25' title="bbox 697 3226 3051 3334; baseline -0.005 -17"><span class='ocrx_word' id='word_1_172' title='bbox 697 3236 824 3331; x_wconf 84' lang='grc' dir='ltr'>τῆς</span> <span class='ocrx_word' id='word_1_173' title='bbox 877 3229 1059 3331; x_wconf 80' lang='grc' dir='ltr'>μετὰ</span> <span class='ocrx_word' id='word_1_174' title='bbox 1112 3227 1384 3333; x_wconf 82' lang='grc' dir='ltr'>σαρκὸς</span> <span class='ocrx_word' id='word_1_175' title='bbox 1439 3231 1839 3325; x_wconf 73' lang='grc' dir='ltr'>οἰκονομίας</span> <span class='ocrx_word' id='word_1_176' title='bbox 1884 3240 2013 3311; x_wconf 86' lang='grc' dir='ltr'>τοῦ</span> <span class='ocrx_word' id='word_1_177' title='bbox 2056 3236 2514 3333; x_wconf 82' lang='grc' dir='ltr'>Μονογενοῦς</span> <span class='ocrx_word' id='word_1_178' title='bbox 2559 3233 2693 3312; x_wconf 83' lang='grc' dir='ltr'>οὐκ</span> <span class='ocrx_word' id='word_1_179' title='bbox 2736 3226 3051 3334; x_wconf 76' lang='grc' dir='ltr'>ἀραρότως</span> 
     </span>
     <span class='ocr_line' id='line_1_26' title="bbox 696 3351 3045 3460; baseline -0 -25"><span class='ocrx_word' id='word_1_180' title='bbox 696 3354 1025 3460; x_wconf 84' lang='grc' dir='ltr'>ἐχούσης,</span> <span class='ocrx_word' id='word_1_181' title='bbox 1081 3352 1665 3457; x_wconf 84' lang='grc' dir='ltr'>συγκατεδονῆθη</span> <span class='ocrx_word' id='word_1_182' title='bbox 1718 3352 2008 3439; x_wconf 79' lang='grc' dir='ltr'>πάντως</span> <span class='ocrx_word' id='word_1_183' title='bbox 2061 3354 2153 3434; x_wconf 80' lang='grc' dir='ltr'>τὰ</span> <span class='ocrx_word' id='word_1_184' title='bbox 2209 3358 2373 3436; x_wconf 89' lang='grc' dir='ltr'>καθ’</span> <span class='ocrx_word' id='word_1_185' title='bbox 2424 3357 2612 3455; x_wconf 80' lang='grc' dir='ltr'>ἡμᾶς</span> <span class='ocrx_word' id='word_1_186' title='bbox 2660 3360 2778 3437; x_wconf 82' lang='grc' dir='ltr'>καὶ</span> <span class='ocrx_word' id='word_1_187' title='bbox 2819 3351 3045 3452; x_wconf 82' lang='grc' dir='ltr'>κατηρ·</span> 
     </span>
     <span class='ocr_line' id='line_1_27' title="bbox 695 3474 3053 3581; baseline -0.001 -25"><span class='ocrx_word' id='word_1_188' title='bbox 695 3477 1038 3579; x_wconf 83' lang='grc' dir='ltr'>ῥῶστησε</span> <span class='ocrx_word' id='word_1_189' title='bbox 1090 3476 1177 3557; x_wconf 81' lang='grc' dir='ltr'>τὸ</span> <span class='ocrx_word' id='word_1_190' title='bbox 1231 3476 1509 3558; x_wconf 86' lang='grc' dir='ltr'>λοιπόν·</span> <span class='ocrx_word' id='word_1_191' title='bbox 1589 3479 1707 3558; x_wconf 78' lang='grc' dir='ltr'>καὶ</span> <span class='ocrx_word' id='word_1_192' title='bbox 1764 3478 1925 3557; x_wconf 89' lang='grc' dir='ltr'>τίνα</span> <span class='ocrx_word' id='word_1_193' title='bbox 1978 3476 2249 3581; x_wconf 82' lang='grc' dir='ltr'>τρόπον</span> <span class='ocrx_word' id='word_1_194' title='bbox 2297 3481 2617 3581; x_wconf 83' lang='grc' dir='ltr'>ἐροῦμεν·</span> <span class='ocrx_word' id='word_1_195' title='bbox 2700 3486 2760 3560; x_wconf 88' lang='grc' dir='ltr'>εἰ</span> <span class='ocrx_word' id='word_1_196' title='bbox 2811 3474 2940 3580; x_wconf 80' lang='grc' dir='ltr'>γὰρ</span> <span class='ocrx_word' id='word_1_197' title='bbox 2976 3477 3053 3554; x_wconf 84' lang='grc' dir='ltr'>εἰς</span> 
     </span>
     <span class='ocr_line' id='line_1_28' title="bbox 700 3597 3051 3708; baseline 0 -29"><span class='ocrx_word' id='word_1_198' title='bbox 700 3598 930 3705; x_wconf 84' lang='grc' dir='ltr'>φύσιν</span> <span class='ocrx_word' id='word_1_199' title='bbox 965 3597 1295 3702; x_wconf 84' lang='grc' dir='ltr'>θεότητος</span> <span class='ocrx_word' id='word_1_200' title='bbox 1335 3601 1908 3707; x_wconf 85' lang='grc' dir='ltr'>μετατετριίφθαι</span> <span class='ocrx_word' id='word_1_201' title='bbox 1947 3605 2181 3708; x_wconf 81' lang='grc' dir='ltr'>φασὶν</span> <span class='ocrx_word' id='word_1_202' title='bbox 2213 3600 2346 3702; x_wconf 84' lang='grc' dir='ltr'>τὴν</span> <span class='ocrx_word' id='word_1_203' title='bbox 2381 3612 2509 3684; x_wconf 86' lang='grc' dir='ltr'>τοῦ</span> <span class='ocrx_word' id='word_1_204' title='bbox 2548 3601 2797 3707; x_wconf 88' lang='grc' dir='ltr'>Λόγου</span> <span class='ocrx_word' id='word_1_205' title='bbox 2830 3599 3051 3702; x_wconf 73' lang='grc' dir='ltr'>σάρκα,</span> 
     </span>
     <span class='ocr_line' id='line_1_29' title="bbox 697 3713 3120 3834; baseline -0 -31"><span class='ocrx_word' id='word_1_206' title='bbox 697 3722 908 3803; x_wconf 82' lang='grc' dir='ltr'>πᾶσά</span> <span class='ocrx_word' id='word_1_207' title='bbox 954 3759 1109 3810; x_wconf 89' lang='grc' dir='ltr'>πως</span> <span class='ocrx_word' id='word_1_208' title='bbox 1157 3713 1432 3827; x_wconf 80' lang='grc' dir='ltr'>ἀνάγκη</span> <span class='ocrx_word' id='word_1_209' title='bbox 1483 3731 1664 3805; x_wconf 88' lang='grc' dir='ltr'>νοεῖν</span> <span class='ocrx_word' id='word_1_210' title='bbox 1702 3728 1797 3809; x_wconf 85' lang='grc' dir='ltr'>ὡς</span> <span class='ocrx_word' id='word_1_211' title='bbox 1842 3726 2417 3834; x_wconf 86' lang='grc' dir='ltr'>ἀποπεφοίτηκεν</span> <span class='ocrx_word' id='word_1_212' title='bbox 2450 3726 2920 3833; x_wconf 84' lang='grc' dir='ltr'>ἀλλοτρόπως</span> <span class='ocrx_word' id='word_1_213' title='bbox 2948 3727 3051 3802; x_wconf 82' lang='grc' dir='ltr'>τοῦ</span> <span class='ocrx_word' id='word_1_214' title='bbox 3071 3739 3120 3798; x_wconf 85' lang='lat'>²5</span> 
     </span>
     <span class='ocr_line' id='line_1_30' title="bbox 699 3843 3053 3960; baseline -0 -34"><span class='ocrx_word' id='word_1_215' title='bbox 699 3843 873 3927; x_wconf 81' lang='grc' dir='ltr'>εἶναι</span> <span class='ocrx_word' id='word_1_216' title='bbox 911 3845 1147 3928; x_wconf 77' lang='grc' dir='ltr'>θέλειν</span> <span class='ocrx_word' id='word_1_217' title='bbox 1200 3846 1344 3933; x_wconf 77' lang='grc' dir='ltr'>υἱὸς</span> <span class='ocrx_word' id='word_1_218' title='bbox 1390 3847 1798 3951; x_wconf 77' lang='grc' dir='ltr'>ἀνθρώπου·</span> <span class='ocrx_word' id='word_1_219' title='bbox 1876 3846 2030 3930; x_wconf 82' lang='grc' dir='ltr'>εἶτα</span> <span class='ocrx_word' id='word_1_220' title='bbox 2079 3856 2236 3935; x_wconf 79' lang='grc' dir='ltr'>πῶς</span> <span class='ocrx_word' id='word_1_221' title='bbox 2282 3851 2323 3930; x_wconf 81' lang='grc' dir='ltr'><em>ὃ</em></span> <span class='ocrx_word' id='word_1_222' title='bbox 2370 3849 2758 3960; x_wconf 84' lang='grc' dir='ltr'>πάνσοφος</span> <span class='ocrx_word' id='word_1_223' title='bbox 2797 3856 3053 3933; x_wconf 87' lang='grc' dir='ltr'>Παῦλος</span> 
     </span>
    </p>
   </div>
   <div class='ocr_carea' id='block_1_11' title="bbox 697 4082 3055 4638">
    <p class='ocr_par' dir='ltr' id='par_1_11' title="bbox 697 4082 3055 4638">
     <span class='ocr_line' id='line_1_31' title="bbox 714 4082 3053 4178; baseline 0 -42"><span class='ocrx_word' id='word_1_224' title='bbox 714 4151 730 4172; x_wconf 50' lang='lat'>,</span> <span class='ocrx_word' id='word_1_225' title='bbox 777 4098 825 4136; x_wconf 86' lang='lat'>1.</span> <span class='ocrx_word' id='word_1_226' title='bbox 843 4082 1229 4174; x_wconf 49' lang='lat' dir='ltr'>&#39;c’mBr’mv&#39;ycqca</span> <span class='ocrx_word' id='word_1_227' title='bbox 1252 4102 1299 4139; x_wconf 87' lang='lat' dir='ltr'>c.</span> <span class='ocrx_word' id='word_1_228' title='bbox 1584 4083 1637 4138; x_wconf 88' lang='lat'>6.</span> <span class='ocrx_word' id='word_1_229' title='bbox 1675 4085 1731 4175; x_wconf 64' lang='grc' dir='ltr'>ἐκ</span> <span class='ocrx_word' id='word_1_230' title='bbox 1753 4085 2084 4176; x_wconf 29' lang='grc' dir='ltr'>τοῦααῦτοῦαλ</span> <span class='ocrx_word' id='word_1_231' title='bbox 2234 4087 2354 4142; x_wconf 85' lang='lat' dir='ltr'><strong>b.c.-</strong></span> <span class='ocrx_word' id='word_1_232' title='bbox 2627 4104 2712 4159; x_wconf 84' lang='lat'>13.</span> <span class='ocrx_word' id='word_1_233' title='bbox 2750 4087 2780 4156; x_wconf 82' lang='grc' dir='ltr'><strong><em>ἦ</em></strong></span> <span class='ocrx_word' id='word_1_234' title='bbox 2803 4085 2953 4178; x_wconf 65' lang='grc' dir='ltr'>ῥύπος</span> <span class='ocrx_word' id='word_1_235' title='bbox 2971 4086 3053 4136; x_wconf 60' lang='lat' dir='ltr'>r&amp;</span> 
     </span>
     <span class='ocr_line' id='line_1_32' title="bbox 697 4151 3053 4300; baseline -0.001 -24"><span class='ocrx_word' id='word_1_236' title='bbox 697 4171 1447 4296; x_wconf 48' lang='lat' dir='ltr'>xssfffssfsswwff]</span> <span class='ocrx_word' id='word_1_237' title='bbox 1474 4168 2055 4297; x_wconf 53' lang='grc' dir='ltr'>...ἑζᾶἱῷξῖὥίἒῖζ</span> <span class='ocrx_word' id='word_1_238' title='bbox 2069 4159 2125 4282; x_wconf 62' lang='grc' dir='ltr'>ἶ.</span> <span class='ocrx_word' id='word_1_239' title='bbox 2258 4158 2363 4213; x_wconf 56' lang='lat'>&#39;²³’</span> <span class='ocrx_word' id='word_1_240' title='bbox 2464 4245 2550 4300; x_wconf 75' lang='lat'>23.</span> <span class='ocrx_word' id='word_1_241' title='bbox 2586 4151 3053 4283; x_wconf 51' lang='lat' dir='ltr'>{ffzffffi‘z‘zzeffiassz</span> 
     </span>
     <span class='ocr_line' id='line_1_33' title="bbox 698 4290 3055 4369; baseline -0.001 -22"><span class='ocrx_word' id='word_1_242' title='bbox 698 4295 898 4348; x_wconf 85' lang='grc' dir='ltr'>λυποῦν</span> <span class='ocrx_word' id='word_1_243' title='bbox 919 4295 1023 4350; x_wconf 86' lang='lat' dir='ltr'><strong>b.c.</strong></span> <span class='ocrx_word' id='word_1_244' title='bbox 1330 4312 1487 4366; x_wconf 80' lang='lat' dir='ltr'><strong>23-p.</strong></span> <span class='ocrx_word' id='word_1_245' title='bbox 1515 4296 1639 4367; x_wconf 81' lang='lat'><strong>483,</strong></span> <span class='ocrx_word' id='word_1_246' title='bbox 1666 4310 1718 4366; x_wconf 86' lang='lat'>5.</span> <span class='ocrx_word' id='word_1_247' title='bbox 1755 4297 1801 4350; x_wconf 73' lang='grc' dir='ltr'>εἰ</span> <span class='ocrx_word' id='word_1_248' title='bbox 1823 4298 2055 4368; x_wconf 79' lang='grc' dir='ltr'>γὰρ-ἐν</span> <span class='ocrx_word' id='word_1_249' title='bbox 2076 4299 2213 4369; x_wconf 72' lang='grc' dir='ltr'>αὐτῷ</span> <span class='ocrx_word' id='word_1_250' title='bbox 2239 4298 2368 4354; x_wconf 74' lang='lat' dir='ltr'><strong>citat</strong></span> <span class='ocrx_word' id='word_1_251' title='bbox 2393 4298 2621 4354; x_wconf 77' lang='lat' dir='ltr'>Severus</span> <span class='ocrx_word' id='word_1_252' title='bbox 2644 4300 2702 4353; x_wconf 85' lang='lat' dir='ltr'>in</span> <span class='ocrx_word' id='word_1_253' title='bbox 2729 4299 2827 4369; x_wconf 85' lang='lat' dir='ltr'>Ep.</span> <span class='ocrx_word' id='word_1_254' title='bbox 2851 4290 3055 4351; x_wconf 72' lang='lat' dir='ltr'><strong>secunda</strong></span> 
     </span>
     <span class='ocr_line' id='line_1_34' title="bbox 697 4357 3051 4457; baseline 0.001 -21"><span class='ocrx_word' id='word_1_255' title='bbox 697 4379 766 4436; x_wconf 73' lang='lat' dir='ltr'>ad</span> <span class='ocrx_word' id='word_1_256' title='bbox 811 4379 1059 4454; x_wconf 78' lang='lat' dir='ltr'>Sergium</span> <span class='ocrx_word' id='word_1_257' title='bbox 1101 4381 1220 4437; x_wconf 89' lang='lat' dir='ltr'><strong>cod.</strong></span> <span class='ocrx_word' id='word_1_258' title='bbox 1267 4381 1416 4437; x_wconf 74' lang='lat' dir='ltr'><strong>Mus.</strong></span> <span class='ocrx_word' id='word_1_259' title='bbox 1462 4381 1596 4438; x_wconf 82' lang='lat' dir='ltr'><strong>Brit.</strong></span> <span class='ocrx_word' id='word_1_260' title='bbox 1643 4381 1768 4439; x_wconf 80' lang='lat' dir='ltr'><strong>add.</strong></span> <span class='ocrx_word' id='word_1_261' title='bbox 1809 4398 1998 4456; x_wconf 84' lang='lat'><strong>17154,</strong></span> <span class='ocrx_word' id='word_1_262' title='bbox 2040 4384 2133 4439; x_wconf 81' lang='lat' dir='ltr'><strong>fol.</strong></span> <span class='ocrx_word' id='word_1_263' title='bbox 2173 4402 2240 4457; x_wconf 85' lang='lat'>²3</span> <span class='ocrx_word' id='word_1_264' title='bbox 2272 4403 2309 4440; x_wconf 87' lang='lat' dir='ltr'>v</span> <span class='ocrx_word' id='word_1_265' title='bbox 2349 4386 2454 4442; x_wconf 75' lang='lat' dir='ltr'>sub</span> <span class='ocrx_word' id='word_1_266' title='bbox 2497 4387 2651 4442; x_wconf 84' lang='lat' dir='ltr'><strong>titulo</strong></span> <span class='ocrx_word' id='word_1_267' title='bbox 2695 4357 3051 4444; x_wconf 51' lang='lat' dir='ltr'>&amp;aL-{M</span> 
     </span>
     <span class='ocr_line' id='line_1_35' title="bbox 699 4453 3054 4618; baseline -0 -79"><span class='ocrx_word' id='word_1_268' title='bbox 699 4455 1205 4618; x_wconf 43' lang='grc' dir='ltr'>ΨΜ</span> <span class='ocrx_word' id='word_1_269' title='bbox 1234 4453 1562 4544; x_wconf 56' lang='grc' dir='ltr'><strong>Ᾱ-ἓῠῶπ</strong></span> <span class='ocrx_word' id='word_1_270' title='bbox 1591 4470 2034 4547; x_wconf 41' lang='lat' dir='ltr'>&amp;zadun</span> <span class='ocrx_word' id='word_1_271' title='bbox 2066 4485 2683 4557; x_wconf 71' lang='lat' dir='ltr'>Cyriunselibrocontra</span> <span class='ocrx_word' id='word_1_272' title='bbox 2700 4484 3054 4556; x_wconf 63' lang='lat' dir='ltr'>Syram-&#39;wm-</span> 
     </span>
     <span class='ocr_line' id='line_1_36' title="bbox 700 4563 1898 4638; baseline 0.007 -22"><span class='ocrx_word' id='word_1_273' title='bbox 700 4563 787 4617; x_wconf 78' lang='lat'>26.</span> <span class='ocrx_word' id='word_1_274' title='bbox 879 4563 1180 4637; x_wconf 79' lang='grc' dir='ltr'>πάνσοφος]</span> <span class='ocrx_word' id='word_1_275' title='bbox 1207 4563 1503 4622; x_wconf 77' lang='grc' dir='ltr'>ἀπόστολος</span> <span class='ocrx_word' id='word_1_276' title='bbox 1527 4569 1611 4634; x_wconf 83' lang='lat' dir='ltr'>(ut</span> <span class='ocrx_word' id='word_1_277' title='bbox 1639 4567 1823 4638; x_wconf 78' lang='lat' dir='ltr'>supra)</span> <span class='ocrx_word' id='word_1_278' title='bbox 1848 4585 1898 4624; x_wconf 86' lang='lat' dir='ltr'>c.</span> 
     </span>
    </p>
   </div>
  </div>
 </body>
</html>
