3269 5166
601 357 720 413 630
1422 355 1753 415 INDEX

600 534 781 594 Filius
809 536 1084 612 templum
1111 536 1303 594 tfiduo
1337 536 1500 596 facile
1533 538 1751 595 reaedi-

679 636 850 692 ficare
884 644 1091 710 potest.
1122 634 1216 711 qui
1252 635 1525 694 mundum
1554 635 1753 693 diebus

678 751 779 790 sex
828 732 1094 791 instruxit
1128 735 1242 793 142
1272 734 1312 791 b
1338 752 1372 791 c
1454 733 1755 808 respicitur

678 841 776 887 aut
812 850 914 906 per
940 830 1110 889 fidem
1147 841 1248 891 aut
1287 850 1389 909 per
1417 831 1753 906 dogmatum

677 928 1012 986 Divinorum
1042 929 1478 1006 exquisitionem
1508 933 1620 989 152
1651 949 1701 988 a.

595 1026 772 1084 Filius
793 1027 966 1084 verba
993 1026 1176 1085 Patris
1205 1027 1324 1087 Sua
1351 1029 1608 1085 nominat
1628 1031 1748 1087 964

675 1125 713 1182 b
786 1143 887 1182 cur
932 1125 1127 1183 Homo
1160 1130 1316 1187 1007
1356 1145 1391 1184 a
1460 1125 1748 1201 quomodo

675 1232 880 1281 unctus
906 1232 967 1282 et
992 1225 1219 1299 quando
1247 1226 1323 1283 iii.
1355 1228 1492 1284 462.

595 1320 770 1379 Filius
814 1322 891 1381 Se
946 1341 1114 1398 saepe
1167 1323 1512 1395 humiliatur,
1560 1324 1745 1383 homi-

673 1439 810 1478 num
855 1438 1017 1478 more
1059 1420 1298 1497 loquens
1340 1425 1460 1481 526
1484 1441 1535 1495 a,
1566 1426 1685 1483 529
1707 1425 1745 1482 b

673 1538 842 1596 saepe
884 1519 1064 1577 mixta
1103 1519 1369 1595 loquitur,
1401 1522 1605 1596 partim
1642 1522 1743 1579 Di-

672 1618 801 1675 vine
828 1618 1033 1691 partim
1062 1617 1305 1675 humane
1332 1621 1448 1677 808
1469 1638 1519 1686 e,
1553 1624 1672 1679 809
1690 1641 1743 1688 a,

671 1718 790 1773 954
814 1713 851 1771 d
869 1734 918 1785 e,
952 1718 1069 1773 960
1090 1715 1144 1782 b,
1177 1719 1294 1773 965
1315 1736 1361 1785 e,
1395 1719 1513 1776 969
1536 1719 1591 1790 d,
1622 1723 1742 1780 970

670 1831 706 1869 ιι
724 1832 772 1882 c,
804 1816 921 1871 974
942 1832 992 1878 e,
1024 1816 1141 1871 977
1162 1813 1198 1870 b
1217 1832 1267 1879 c.
1298 1817 1415 1872 978
1437 1816 1489 1886 d,
1520 1815 1595 1875 iii.
1621 1820 1740 1876 586

669 1909 902 1985 agitque
939 1909 1013 1967 iii.
1052 1912 1169 1969 586
1248 1911 1430 1968 Patris
1457 1912 1743 1974 Voluntas

668 2010 785 2066 527
805 2009 842 2064 b
864 2027 896 2064 c
962 2007 1172 2066 Secum
1200 2009 1425 2067 Patrem
1454 2010 1646 2080 habet,
1677 2027 1741 2073 ut

662 2105 724 2162 in
765 2105 991 2164 Natura
1037 2107 1235 2165 eadem
1281 2112 1450 2168 527e
1514 2120 1572 2168 et
1612 2120 1738 2169 tan-

664 2223 831 2279 quam
869 2206 1024 2264 Deus
1058 2214 1118 2264 et
1153 2216 1424 2283 tanquam
1468 2208 1663 2266 Homo
1703 2228 1738 2267 a

665 2303 833 2361 Patre
860 2312 1081 2362 amatus
1112 2305 1231 2363 883
1252 2324 1302 2361 a.

582 2400 757 2457 Filius
788 2402 954 2459 Patre
982 2402 1480 2460 consubstantialis
1512 2402 1736 2462 etiamsi

660 2517 765 2573 pro
821 2499 986 2556 nobis
1039 2508 1248 2556 unctus
1295 2503 1408 2559 117
1484 2519 1519 2558 a
1562 2503 1732 2559 Patre

659 2596 918 2655 Perfecto
945 2598 1237 2656 Perfectus
1266 2600 1582 2675 Plenusque
1615 2603 1727 2660 118

658 2695 887 2753 Natura
907 2695 1174 2763 Sanctae,
1193 2697 1414 2755 etiamsi
1437 2697 1730 2756 descendit

656 2793 716 2850 in
767 2794 963 2869 Ipsum
1010 2793 1255 2870 Spiritus
1306 2794 1550 2854 Sanctus
1591 2799 1726 2867 119,

664 2895 779 2951 120
857 2893 1068 2951 nullius
1122 2912 1338 2969 egenus
1386 2912 1500 2970 qua
1546 2894 1725 2961 Deus,

655 2992 832 3049 homo
858 2992 1114 3049 omnium
1149 3010 1365 3067 egenus
1391 2992 1577 3049 factus
1610 2995 1725 3052 123

655 3108 689 3147 e
742 3099 801 3148 et
829 3090 1179 3160 Incarnatus,
1203 3089 1584 3165 Omnipotens
1606 3094 1724 3150 493

653 3207 688 3245 a
741 3188 898 3246 Deus
918 3207 1059 3258 esse,
1080 3187 1306 3262 quando
1329 3188 1521 3246 Homo
1541 3187 1727 3247 factus

652 3305 768 3344 non
797 3286 1005 3343 desinit
1034 3289 1153 3344 939
1180 3305 1213 3343 e
1272 3286 1379 3343 nisi
1409 3286 1570 3343 Deus
1596 3286 1721 3344 Na-

649 3394 799 3450 tura,
842 3403 945 3460 per
969 3384 1428 3442 incarnationem
1471 3384 1723 3460 seipsum

652 3502 767 3541 non
834 3483 1186 3540 humiliasset
1254 3483 1356 3540 sed
1415 3484 1723 3542 exaltasset

654 3585 788 3646 121.
824 3585 937 3642 172
962 3601 1013 3647 a,
1051 3583 1169 3640 529
1192 3600 1241 3653 e,
1269 3582 1346 3640 iii.
1378 3586 1496 3641 390
1525 3581 1722 3640 existit

646 3681 705 3737 in
750 3679 934 3751 Patre,
971 3688 1240 3755 tanquam
1284 3680 1437 3738 calor
1475 3681 1537 3738 in
1582 3680 1721 3756 igne

652 3779 788 3842 128,
831 3776 904 3835 cf.
939 3779 1060 3836 689
1076 3778 1140 3851 f.

564 3876 739 3934 Filius
767 3875 1105 3934 Incamatus
1143 3876 1419 3933 miracula
1452 3885 1720 3951 operatur

643 3994 762 4032 non
791 3974 912 4032 sine
941 3994 1110 4033 carne
1138 3994 1240 4032 sua
1267 3974 1342 4032 iii.
1373 3977 1510 4045 591,
1540 3978 1679 4034 592.

562 4083 601 4107 “
633 4073 808 4131 Filius
875 4074 1124 4132 hominis
1143 4073 1178 4096 '’
1251 4073 1520 4129 Divinum
1584 4091 1716 4130 cum

641 4171 892 4229 humano
933 4171 1233 4248 conjungit
1276 4173 1394 4229 299
1423 4189 1455 4228 e
1514 4189 1715 4245 passus

639 4279 730 4329 est
768 4270 900 4345 quia
938 4270 1119 4327 voluit
1153 4271 1270 4328 496
1313 4288 1361 4335 e,
1409 4272 1548 4333 497,
1593 4272 1712 4328 668

637 4370 678 4426 b
746 4377 805 4426 et
847 4387 1019 4443 quum
1061 4367 1240 4424 voluit
1267 4370 1385 4425 497
1407 4385 1439 4424 c
1467 4366 1524 4434 d,
1571 4371 1711 4434 498,

637 4475 696 4523 et
742 4464 873 4539 quia
914 4465 1093 4522 voluit
1135 4466 1288 4522 Deus
1316 4463 1485 4521 Pater
1514 4466 1632 4523 853
1657 4484 1708 4532 e,

637 4565 775 4626 854,
795 4562 930 4630 882,
953 4566 1071 4620 885
1092 4581 1124 4618 c
1182 4561 1512 4619 Passionem
1541 4580 1705 4636 prae-

1836 356 2206 416 RERUM.

2824 377 3024 417 rums

1938 539 2102 597 scivit
2122 541 2239 598 719
2260 556 2307 611 e,
2333 540 2451 596 720
2469 558 2504 595 a
2546 539 2836 613 passibilis
2853 539 3021 597 simul

1937 646 1998 695 et
2025 636 2382 713 impassibilis
2410 636 2488 694 iii.
2521 639 2662 701 460,
2694 639 2812 695 461
2890 656 3020 713 pas-

1936 753 2037 792 sus
2093 736 2263 792 simul
2315 744 2375 792 et
2431 743 2700 809 operatus
2755 735 2839 793 iii.
2896 741 3014 795 474

1934 851 2135 908 passus
2175 832 2234 889 in
2276 851 2445 890 carne
2475 832 2707 889 Deitate
2750 834 3016 909 impassi-

1933 930 2063 987 bilis
2088 930 2164 987 iii.
2186 932 2325 997 510,
2348 934 2469 989 513
2527 949 2629 987 cur
2653 948 2765 1005 pro
2791 930 3017 989 Lazaro

1934 1036 2197 1103 precatus
2252 1028 2582 1104 gratiasque
2632 1029 2761 1104 egit
2816 1032 2939 1088 689
2976 1049 3018 1105 q

1932 1127 2205 1197 νομοθέτης
2230 1127 2512 1183 seeundus
2541 1127 2616 1185 iii.
2646 1131 2785 1186 442.

1850 1222 1976 1280 Filii
2004 1242 2144 1299 erga
2172 1242 2276 1281 nos
2298 1242 2461 1281 amor
2474 1222 2791 1290 Perfectus,
2812 1226 3014 1283 Passio

1934 1324 2049 1379 719
2106 1321 2298 1378 omnia
2324 1341 2358 1379 a
2387 1322 2555 1380 Patre
2582 1323 2657 1379 ad
2684 1332 3013 1381 creaturam

1929 1438 2031 1495 per
2079 1419 2282 1477 Filium
2327 1423 2447 1478 824
2477 1438 2528 1492 c,
2572 1423 2692 1479 947
2730 1440 2784 1485 e,
2832 1420 2901 1478 M
2933 1426 3010 1481 49

1928 1512 2011 1597 [ρ.
2037 1521 2156 1577 250
2186 1514 2315 1598 fin.]
2341 1537 2470 1575 cum
2499 1516 2670 1577 Patre
2700 1519 2855 1576 Unio
2884 1539 3010 1577 arc-

1926 1615 2148 1673 tissima
2173 1616 2512 1674 concordiae
2537 1617 2691 1675 inter
2732 1637 2844 1675 nos
2873 1638 3010 1677 nos-

1926 1723 2049 1771 trae
2102 1722 2272 1791 typus
2329 1718 2448 1773 997
2492 1714 2530 1771 b
2551 1734 2583 1772 c
2605 1715 2643 1771 d
2718 1716 3007 1774 bonorum

1925 1813 2179 1870 omnium
2224 1812 2390 1870 nobis
2430 1813 2561 1870 fons
2603 1812 3008 1890 primitiaeque

1924 1911 2000 1969 iii.
2033 1913 2171 1970 592.

1842 2007 2017 2066 Filius
2071 2018 2133 2066 ut
2184 2009 2378 2067 Homo
2423 2009 2573 2067 diem
2628 2012 3004 2069 novissimam

1920 2106 2103 2165 nescit
2123 2107 2200 2164 iii.
2222 2110 2341 2165 469
2360 2126 2492 2183 syr„
2511 2111 2648 2179 584,
2670 2111 2791 2167 585
2833 2121 2893 2167 et
2912 2109 3009 2168 Si·—

1919 2203 1975 2261 bi
2014 2213 2074 2262 et
2100 2204 2256 2262 Patri
2293 2205 2708 2263 confessionem
2737 2217 2998 2265 nostram

1918 2303 2085 2360 offert
2103 2303 2185 2360 iii.
2206 2305 2323 2361 468
2384 2302 2551 2360 nobis
2573 2303 2759 2362 Patris
2784 2307 3001 2363 amoris

1914 2401 2136 2460 initium
2173 2404 2329 2461 1002
2352 2421 2405 2471 e,
2442 2405 2598 2460 1003
2628 2420 2663 2459 a
2690 2402 2731 2458 b
2766 2403 2869 2476 [cf.
2897 2422 2997 2461 su-

1914 2519 2017 2576 pra
2038 2520 2092 2576 p.
2109 2503 2230 2559 628
2248 2499 2398 2573 init.]
2447 2498 2613 2556 nobis
2634 2518 2704 2556 ea
2727 2519 2875 2575 quae
2900 2501 2999 2576 Ip-

1913 2600 2030 2657 sius
2058 2599 2158 2657 dat
2191 2601 2349 2657 1010
2377 2618 2427 2663 c,
2466 2601 2620 2656 1088
2651 2617 2703 2670 c,
2739 2598 2818 2656 iii.
2852 2603 2996 2666 384,

1915 2701 2032 2756 393
2060 2706 2257 2755 nostra
2283 2715 2390 2754 sua
2416 2697 2629 2754 faciens
2658 2700 2816 2756 1088
2836 2716 2887 2764 c,
2916 2697 2998 2755 iii.

1913 2800 2052 2861 379,
2085 2799 2223 2862 382,
2254 2798 2375 2855 393
2439 2796 2522 2853 ita
2546 2795 2779 2853 Patrem
2809 2794 2995 2854 Suum

1910 2904 2189 2960 nostrum,
2247 2894 2433 2951 Deum
2492 2901 2755 2951 nostrum
2808 2892 2997 2951 Suum

1910 2993 2082 3050 efficit
2129 2994 2283 3051 1088
2328 3011 2361 3049 c
2392 2991 2448 3058 d,
2497 2994 2656 3050 1089
2768 2992 2996 3050 animas

1908 3098 2133 3148 nostras
2173 3090 2379 3148 liberat
2403 3089 2479 3148 iii.
2509 3093 2650 3147 475.

1826 3188 2003 3246 Filius
2054 3197 2112 3246 et
2160 3187 2382 3264 gratiae
2436 3187 2702 3263 cupidine
2750 3195 2814 3244 et
2856 3205 2992 3263 snp-

1906 3287 2054 3363 plicii
2095 3296 2253 3345 metu
2290 3285 2362 3343 ad
2393 3286 2561 3343 fidem
2600 3285 2838 3344 deducit
2870 3289 2987 3345 154

1906 3385 1944 3442 d
2011 3386 2082 3443 ad
2111 3385 2491 3442 obedientiam
2522 3387 2643 3444 233
2671 3403 2728 3449 c,
2776 3387 2900 3442 236
2931 3403 2983 3450 e,

1904 3483 1975 3541 cf.
1998 3486 2116 3542 234
2147 3483 2254 3555 be,
2285 3486 2406 3541 836
2437 3502 2491 3540 c.

1821 3581 2000 3639 Filius
2027 3581 2220 3638 omnia
2246 3580 2464 3656 implet,
2493 3578 2702 3637 coelum
2740 3588 2983 3639 terram-

1902 3699 2032 3755 que,
2061 3697 2245 3754 neque
2287 3678 2573 3736 infernum
2602 3677 2836 3736 Deitate
2866 3678 2985 3736 Sua

1900 3796 2142 3835 vacuum
2187 3776 2459 3852 relinquit
2502 3777 2581 3834 76
2608 3795 2659 3847 c,
2702 3776 2783 3833 iii.
2818 3781 2982 3835 577-

1907 3879 2026 3935 583
2117 3875 2399 3934 exiuaniri
2446 3894 2564 3931 non
2620 3874 2813 3950 potuit
2872 3874 2980 3932 nisi

1899 3982 2032 4032 ante
2060 3974 2268 4031 Plenus
2300 3976 2460 4033 1089
2491 3974 2529 4031 b
2546 3992 2598 4030 c.

1817 4072 1965 4130 Filio
2005 4090 2123 4129 non
2163 4072 2394 4148 propria
2435 4080 2633 4147 utpote
2667 4071 2829 4130 Deus
2866 4072 2978 4130 hu·

1898 4189 2085 4236 mana,
2101 4169 2329 4246 quando
2340 4169 2536 4227 Homo
2554 4170 2978 4247 factuspropria

1898 4273 2014 4329 971
2048 4269 2087 4326 b
2151 4268 2442 4344 quomodo
2468 4267 2526 4324 in
2555 4275 2768 4324 terram
2796 4267 2976 4332 venit,

1897 4367 1994 4443 qui
2031 4366 2242 4443 ubique
2284 4375 2373 4424 est
2405 4370 2501 4437 77,
2544 4365 2614 4424 cf.
2646 4368 2761 4423 941
2798 4366 2854 4436 d,
2898 4366 2971 4423 iii.

1900 4469 2013 4524 401
2090 4466 2284 4522 omnia
2323 4465 2430 4522 scit
2470 4473 2539 4521 ut
2574 4464 2737 4521 Deus
2770 4466 2887 4523 175
2915 4483 2968 4530 c,

1896 4564 1970 4622 cf.
2000 4566 2114 4621 179
2145 4583 2194 4630 c,
2227 4566 2343 4621 462
2372 4562 2478 4620 cd.
