3269 5166
615 348 741 417 122
1218 355 1300 422 B.
1347 353 1769 421 CYRILLI
1828 353 2412 420 ALEXANDR.
2773 369 2887 412 Π·
2920 361 3029 427 17.

613 514 820 615 στὸν,
885 520 1003 599 καὶ
1073 519 1566 622 προπηδῶσης
1637 525 1786 599 τῶν
1860 518 2137 618 ἄλλων,
2202 518 2300 604 εἷς
2369 552 2455 621 γε
2526 512 2611 595 τὸ
2687 515 2862 592 ἰδεῖν
2937 507 3030 590 τὸ

274 656 593 715 1088A.a
615 647 958 741 μνημεῖον
1018 645 1137 724 καὶ
1193 642 1277 724 τὸ
1334 646 1412 724 ἐν
1469 649 1574 751 τῷ
1642 642 1847 751 κήπῳ
1902 642 2263 745 γενέσθαι,
2321 646 2438 723 καὶ
2494 637 2733 721 πάντα
2791 631 3032 715 τόπον

614 773 1061 869 περινοστεῖν
1119 773 1223 875 τῷ
1295 766 1613 877 μνημείῳ
1689 768 1977 870 γείτονα
2039 801 2223 871 προς
2288 762 2421 866 τὴν
2481 770 2611 845 τοῦ
2674 758 3032 859 σώματος

613 885 930 990 ζήτησίν·
1023 890 1201 999 ᾤετο
1281 890 1428 996 γὰρ
1508 894 1806 992 ἀληθῶς
1886 895 2428 991 μετατεθεῖσθαι
2511 921 2641 967 τον
2715 882 3021 985 Κύριον.

611 1012 1081 1123 ἐπιγράφεται
1132 1016 1219 1098 δέ
1249 1051 1405 1102 πως
1459 1018 1569 1097 ἀεὶ
1617 1022 1770 1101 τοῖς
1816 1015 2232 1118 ἡγουμένοις
2281 1013 2612 1116 μάλιστα
2668 1012 2786 1092 καὶ
2835 1014 3024 1104 βου·
3055 1036 3101 1097 5

614 1140 751 1238 λῆς
794 1142 912 1220 καὶ
958 1139 1384 1245 πράγματος
1430 1138 1524 1223 τὰ
1572 1147 1722 1221 τῶν
1757 1137 2131 1237 ἐκβάσεων
2164 1135 2367 1241 τέλη,
2402 1134 2538 1219 κᾶν
2572 1133 2804 1239 ἕτεροί
2833 1163 3030 1214 τινες

612 1258 751 1345 εἷεν
787 1268 852 1346 οἱ
889 1264 1467 1367 συσκεπτόμενοι
1501 1268 1619 1346 καὶ
1656 1263 2273 1369 συμπράττοντες.

725 1390 1018 1473 Οὐκοῦν
1078 1396 1175 1478 εἱς
1236 1389 1452 1492 τιμὴν
1515 1392 1632 1472 καὶ
1698 1389 1923 1498 δόξαν
1981 1394 2099 1471 καὶ
2158 1395 2257 1476 εὶς
2314 1386 2650 1493 καύχημα
2707 1379 3029 1481 διηνεκὲς

611 1515 969 1621 ἐχαρίζετο
1042 1519 1134 1623 τῇ
1198 1514 1510 1621 Μαριὰμ
1575 1515 1617 1595 ὃ
1692 1511 1950 1619 Σωτὴρ
2013 1512 2099 1596 τὸ
2173 1512 2793 1617 εὐαγγελίσασθαι
2869 1512 3029 1591 τοῖς

612 1640 955 1748 ἀδελφοῖς
1020 1640 1131 1722 ὅτι
1200 1641 1555 1736 ἀναβαίνω
1620 1639 1784 1750 πρὶς
1847 1637 1953 1722 τὶν
2013 1637 2290 1749 Πατέρα
2350 1675 2484 1745 μου
2551 1641 2671 1717 καὶ
2736 1631 3028 1740 Πατέρα
3057 1663 3144 1710 10·

542 1765 587 1833 b
615 1762 795 1869 ὑμῶν
853 1770 973 1847 καὶ
1034 1764 1198 1846 &dv
1250 1800 1382 1873 μου
1448 1771 1569 1847 καὶ
1629 1763 1792 1845 &abr
1846 1760 2050 1870 ὑμὶἷν·
2136 1762 2238 1844 σὺ
2305 1762 2389 1843 δέ
2446 1794 2572 1859 μοι
2642 1756 2871 1840 πάλιν
2932 1752 3025 1835 τὸ

612 1886 807 1983 βαθὺ
860 1886 950 1990 δὴ
1004 1896 1217 1971 τοῦτο
1273 1893 1391 1970 καὶ
1445 1887 1636 1992 με’γα
1693 1886 1903 1994 δέχου
1958 1885 2376 1992 μυστήριον,
2433 1888 2563 1986 τῆς
2614 1888 2761 1963 τῶν
2809 1880 3028 1960 θείων

615 2011 998 2115 δογμάτων
1033 2012 1421 2116 ὀρθότητος
1468 2012 1599 2096 τὸν
1645 2012 1910 2094 κανόνα
1960 2016 2314 2114 διαπηδᾶν
2355 2008 2490 2112 τὴν
2529 2011 2781 2089 ἑαυτοῦ
2831 2039 3021 2109 καρ-

616 2136 776 2221 δίαν
832 2138 959 2218 οὐκ
1012 2138 1250 2245 ε’φιείς.
1344 2138 1619 2225 ἀκούεις
1675 2136 1868 2222 ὅπως
1921 2136 2170 2241 γε’γονε
2225 2137 2388 2219 καθ’
2426 2134 2615 2236 ἡμᾶς
2669 2134 2711 2211 ὃ
2768 2134 3027 2211 Μονο-

613 2260 824 2365 γενὴς
858 2269 988 2344 τοῦ
1025 2267 1218 2344 Θεοῦ
1256 2260 1521 2365 Λόγος,
1557 2261 1675 2343 ἵνα
1712 2265 1828 2343 καὶ
1869 2262 2069 2363 ἡμεῖς
2104 2263 2256 2344 κατ’
2296 2258 2537 2357 αὐτὸν,
2574 2254 2757 2340 κατά
2797 2289 2883 2358 γε
2931 2252 3024 2335 τὸ
3054 2292 3136 2353 15

614 2384 908 2493 ἐφικτὸν
964 2392 1056 2491 τῇ
1121 2386 1343 2493 φύσει
1419 2390 1535 2469 καὶ
1602 2386 1785 2468 ὅσον
1848 2385 2014 2488 ἧκεν
2072 2391 2290 2468 εἰπεῖν
2350 2391 2447 2471 εἷς
2513 2382 2640 2465 τὸν
2703 2379 2820 2462 διὰ
2889 2383 3024 2479 τῆς

558 2534 573 2600 ,·
613 2509 906 2618 χάριτος
962 2509 1525 2613 ἁνακαινισμόνς
1601 2511 2068 2594 τεταπείνωκε
2127 2510 2273 2617 γὰρ
2330 2508 2603 2609 ἑαυτὸν,
2657 2505 2776 2587 ἵνα
2834 2501 3024 2610 πρὸς

614 2633 700 2715 τὸ
757 2634 934 2717 ἴδιον
990 2637 1180 2744 ὕψος
1238 2634 1574 2743 ἀναγάγῃ
1630 2636 1717 2718 τὸ
1775 2635 2114 2718 ταπεινὸν
2167 2634 2352 2718 κατὰ
2405 2634 2656 2741 φύσιν,
2711 2635 2830 2712 καὶ
2883 2629 3025 2731 τὴν

557 2783 593 2828 0
617 2767 744 2841 τοῦ
781 2761 1046 2841 δούλου
1092 2760 1383 2870 μορφὴν
1425 2761 1801 2868 πεφόρεκε,
1840 2763 2068 2842 καίτοι
2119 2759 2304 2842 κατὰ
2354 2760 2583 2868 φύσιν
2623 2754 2890 2862 Κύριός
2939 2791 3024 2837 τε

616 2881 958 2991 ὑπάρχων
1013 2888 1130 2967 καὶ
1188 2883 1386 2984 Υἱὸς,
1445 2885 1563 2966 ἵνα
1625 2884 1713 2966 τὸ
1777 2890 1868 2991 τῇ
1935 2884 2157 2992 φύσει
2220 2891 2485 2967 δοῦλον
2542 2889 2639 2969 είς
2697 2879 2830 2983 τὴν
2889 2884 3022 2982 τῆς
3052 2925 3136 2969 20

615 3011 973 3096 υἱοθεσίας
1046 3011 1497 3118 μετακομίσῃ
1573 3007 1820 3118 δόξαν,
1886 3011 2050 3091 καθ’
2113 3007 2496 3111 ὁμοιότητα
2565 3007 2699 3109 τὴν
2762 3008 3021 3087 ἑαυτοῦ

614 3139 733 3215 καὶ
789 3137 887 3220 ὦς
939 3132 1123 3240 πρὸς
1177 3133 1416 3216 αὐτόν.
1496 3137 1593 3219 ὡς
1649 3135 1774 3215 οὖν
1819 3136 1982 3215 καθ’
2032 3134 2218 3235 ἡμᾶς
2272 3131 2608 3239 γεγονὼς,
2646 3132 3025 3214 τουτέστιν

617 3259 1016 3362 ἅνθρωπος,
1052 3259 1170 3339 ἵνα
1213 3262 1331 3338 καὶ
1374 3259 1571 3358 ἡμεῖς
1617 3259 1772 3339 κατ’
1813 3255 2051 3358 αὐτὸν,
2092 3261 2279 3366 φημὶ
2334 3257 2424 3360 δὴ
2479 3261 2627 3340 θεοὶ
2681 3261 2800 3338 καὶ
2849 3261 3017 3355 υἱοὶ,

618 3381 895 3488 δέχεται
946 3379 1079 3480 μὲν
1122 3386 1220 3466 εἷς
1270 3377 1522 3462 ἑαυτὸν
1563 3380 1656 3463 τὰ
1709 3384 1916 3484 ἡμῶν
1962 3387 2215 3483 ἱδικῶς,
2253 3384 2665 3466 ἀντιδίδωσι
2719 3381 2799 3464 δὲ
2849 3382 3024 3483 ἡμῖν

582 3503 711 3586 ιτοὶ
745 3505 1021 3604 ἑαυτοῦ,
1060 3509 1214 3590 πῶς
1250 3501 1296 3607 ἢ
1335 3506 1492 3587 τίνα
1535 3506 1830 3612 τρόπον,
1869 3507 2160 3613 ἐρέσθαι
2211 3506 2299 3610 δὴ
2349 3507 2636 3594 πάντως
2688 3505 3024 3609 θελήσεις
3054 3544 3132 3606 ²5

617 3627 959 3732 εὐλόγως.
1056 3629 1311 3712 οὐκοῦν
1367 3631 1503 3735 ἐρῶ
1563 3629 1748 3712 κατὰ
1803 3630 2124 3735 δύναμιν.
2209 3640 2501 3738 πρῶτον
2553 3630 2682 3734 μὲν
2735 3631 2881 3736 γὰρ
2944 3635 3025 3714 ἐν

617 3760 908 3837 οἰκετῶν
953 3752 1164 3841 ὄντας
1211 3754 1411 3863 τάξει
1453 3790 1533 3836 τε
1591 3759 1708 3837 καὶ
1766 3754 2011 3864 φύσει·
2072 3761 2301 3839 δοῦλα
2356 3755 2499 3862 γὰρ
2548 3764 2674 3838 τοῦ
2723 3765 3024 3856 ποιητοῦ

551 3883 596 3949 d
620 3879 713 3960 τὰ
754 3877 1142 3980 ποιήματα·
1201 3886 1413 3961 καλεῖ
1448 3877 1582 3979 μὲν
1619 3881 1833 3966 ἰδίους
1881 3880 2263 3991 ἀδελφοὺς,
2305 3880 2599 4036 Πατέρα
2652 3880 2727 3962 δὲ
2783 3881 3026 3962 κοινὸν

619 4005 872 4085 εαυτοῦ
928 4038 1005 4085 τε
1060 4006 1177 4084 καὶ
1231 4004 1433 4104 ἡμῶν
1473 4002 1797 4109 ὀνομάζει
1845 4004 1974 4087 τὸν
2011 4004 2224 4107 Θεον,
2263 4005 2727 4105 οἰκειούμενος
2777 4004 2854 4087 δὲ
2906 4002 3024 4087 διὰ

619 4126 754 4228 τὴν
806 4126 989 4232 πρὸς
1043 4128 1227 4228 ἡμᾶς
1281 4125 1629 4226 ὁμοίωσιν
1686 4127 1778 4209 τὰ
1842 4131 2274 4234 ἀνθρώπινα,
2334 4129 2526 4211 Θεον
2579 4132 2832 4212 ἑαυτοῦ
2895 4164 3023 4210 τον
3052 4169 3135 4227 3ο

621 4253 825 4353 ἡμῶν
860 4250 1159 4333 ἐκάλεσε
1208 4250 1419 4351 Θεὸν,
1458 4251 1713 4357 καίπερ
1767 4251 1866 4334 ὢν
1901 4254 2078 4341 Υἱὸς
2127 4253 2311 4337 κατὰ
2361 4254 2613 4364 φύσιν,
2646 4254 2730 4334 ἵν’
2772 4252 3026 4359 ὥσπερ

692 4480 745 4535 3.
780 4461 904 4546 τὴν]
931 4469 990 4528 -Ι-
1018 4464 1513 4538 ἄλλον-γενέσθαι
1538 4466 1592 4536 (e
1627 4466 1832 4559 supra),
1856 4471 1951 4523 τοῦ
1987 4469 2227 4538 σώματος
2262 4463 2554 4595 ζὴτησινέὅ
2554 4467 2833 4593 “offe
2817 4466 3027 4609 ἀληθῶς

617 4556 774 4605 μετα-
798 4542 1051 4591 omltteua
1079 4535 1173 4591 Ε.
1490 4553 1579 4608 23.
1615 4536 1796 4610 αὐτὸν]
1822 4539 2086 4610 γενώμεθα
2112 4541 2249 4595 inter
2274 4557 2442 4596 uncos
2467 4557 2499 4595 a
2501 4491 2618 4595 ἔᾶίῐ
2709 4555 2851 4610 1gne.

620 4604 822 4664 om-E·
