3269 5166
249 270 338 338 iii.
361 275 514 357 5-8.
758 275 867 340 IN
917 276 1441 342 EPISTOLAM
1489 278 1620 343 AD
1674 277 2143 343 ROMANOS.
2527 273 2652 338 177

244 431 588 538 ψεύστης·
659 446 1010 521 καταθλεΐ
1048 441 1191 545 γὰρ
1228 442 1391 524 ἔσθ’
1430 443 1549 524 ὅτε
1584 448 1714 543 τῆς
1759 442 2142 546 ἀνθρώπου
2193 442 2501 524 διανοίας
2552 443 2650 524 ὡς
2718 380 2944 448 [au]

243 561 563 664 ἁμαρτία
597 562 681 643 τὸ
719 570 1006 671 ψεῦδος,
1044 570 1161 647 καὶ
1206 567 1488 671 δέχεταί
1526 602 1682 652 πως
1718 568 1762 667 ἦ
1800 568 2023 674 φύσις
2060 570 2177 648 καὶ
2212 575 2342 648 τοῦ
2377 571 2650 647 τοιοῦδε

242 682 380 784 τὴν
412 685 661 766 νόσον·
730 691 844 770 ἐπὶ
884 690 972 768 δέ
999 724 1084 792 γε
1122 698 1250 771 τοῦ
1286 687 1578 772 πάντων
1612 700 2043 795 κρατοῦντος
2079 698 2293 791 Θεοῦ,
2329 688 2651 771 τοιοῦτόν

243 842 315 887 τι
372 817 557 890 νοεῖν
600 809 648 914 ἢ
698 811 933 914 λέγειν
967 814 1054 894 οὐ
1103 814 1320 915 θέμις.
1396 814 1655 895 οὐκοῦν
1709 816 1795 896 τό
1850 850 1939 919 γε
1993 816 2343 896 δύνασθαι
2398 820 2652 896 παθεῖν

174 963 213 1024 5
242 931 328 1013 τὸ
368 937 641 1040 ψεῦδος
688 934 823 1034 τὴν
865 938 1247 1042 ἀνθρώπου
1297 939 1549 1043 φύσιν,
1585 937 1811 1041 ἤγουν
1846 939 1978 1041 τὴν
2014 938 2350 1038 διάνοιαν,
2385 937 2650 1039 ἀληθὲς

238 1057 455 1137 ἔσται
489 1057 575 1138 τὸ
610 1059 1102 1164 κατηγόρημα·
1157 1064 1344 1143 οὕτω
1376 1096 1521 1143 που
1558 1065 1749 1171 φησὶ
1786 1066 1903 1144 καὶ
1934 1066 1975 1143 5
2011 1062 2355 1167 μακάριος
2383 1061 2652 1143 Δαυείδ

238 1190 287 1228 “
323 1180 531 1283 Ἐγὼ
577 1179 742 1264 εἶπα
783 1187 860 1265 ἐν
894 1191 987 1291 τῇ
1033 1184 1377 1266 ἐκστάσει
1428 1221 1568 1284 μου
1607 1192 1769 1272 Πᾶς
1819 1187 2198 1290 ἅνθρωπος
2248 1184 2647 1293 ψεύστης·”
2670 1202 2758 1254 1²⁸·
2774 1218 2887 1256 m.
2911 1216 2959 1256 ²·

238 1304 287 1384 5
321 1304 540 1391 αὐτὸς
583 1308 643 1386 δ’
686 1309 775 1388 ἂν
807 1309 1088 1413 γένοιτο
1136 1306 1356 1412 λόγος
1410 1311 1581 1412 περί
1623 1345 1699 1390 τε
1742 1317 1936 1391 Θεοῦ
1984 1314 2099 1392 καὶ
2137 1312 2340 1411 ἡμῶν
2376 1313 2492 1391 καὶ
2533 1311 2649 1390 ἐπὶ

237 1434 393 1508 τῶν
447 1429 704 1512 ἄλλων
755 1432 1117 1514 ἁπάντων·
1197 1431 1347 1514 οἷον
1401 1436 1517 1514 ἐπὶ
1574 1438 1702 1536 τῆς
1747 1434 2222 1536 δικαιοσύνης,
2267 1435 2449 1542 φαίη
2504 1430 2649 1536 γὰρ

134 1589 210 1630 10
235 1553 335 1632 ἅν
391 1588 501 1639 τις
554 1558 671 1636 καὶ
726 1558 855 1639 οὐκ
908 1557 1051 1665 ἔξω
1107 1557 1335 1660 λόγου
1392 1555 1670 1641 revictos»
1726 1558 1990 1644 δίκαιος
2037 1568 2068 1640 ὁ
2118 1561 2310 1657 Θεὶς,
2366 1560 2518 1644 v&
2575 1552 2649 1638 δὲ

232 1674 576 1786 ἄνθρωπος
618 1680 876 1766 ἄδικος.

496 1920 570 1988 Εἰ
623 1924 697 1989 δὲ
752 1925 790 1990 ἡ
846 1925 1064 1993 ἀδικία
1119 1928 1307 2004 ἡμῶν
1362 1929 1532 1994 Θεοῦ
1586 1929 2001 1995 δικαιοσύνην
2056 1925 2403 1995 συνίστησι.
2671 1926 2834 2000 5-8

351 2096 457 2175 Ἡ
496 2100 625 2197 τῆς
675 2100 1003 2200 τοιαύτης
1059 2105 1407 2201 διαβολῆς
1460 2099 1836 2208 πρόφασις
1890 2102 2209 2180 ἐντεῦθεν
2243 2125 2642 2203 γεγενηται·

229 2218 426 2318 μετὰ
475 2219 609 2320 τὴν
651 2220 797 2302 ἀπὸ
842 2228 1284 2319 Βαβυλῶνος
1337 2224 1687 2305 ἐπάνοδον
1744 2230 1813 2304 οἱ
1870 2226 2002 2304 υἱοὶ
2036 2221 2348 2327 Ἰσραὴλ
2404 2232 2648 2301 κελευ-

130 2368 203 2429 ¹5
231 2341 538 2428 σθέντες
598 2345 737 2427 ὑπὸ
804 2347 1049 2452 Κύρου
1112 2350 1633 2448 ἀναδείμασθαι
1698 2347 1825 2428 τὸν
1892 2345 2069 2429 νεὼν
2136 2348 2255 2427 καὶ
2318 2353 2649 2449 πληροῦν

229 2465 455 2573 εὐχὰς
504 2471 623 2549 καὶ
669 2470 1070 2573 προσάγειν
1107 2472 1386 2570 θυσιάς,
1428 2471 1778 2574 γεγόνασι
1825 2469 2150 2579 ῥᾴθυμοι,
2188 2469 2639 2579 προφασιζό-

228 2626 440 2691 μενοι
499 2595 858 2700 πτωχείαν
919 2600 1035 2677 καὶ
1103 2596 1236 2697 τὴν
1296 2597 1441 2677 ἀπὸ
1495 2599 1623 2696 τῆς
1693 2595 2196 2701 αἰχμαλωσίας
2266 2605 2640 2675 ταλαιπω·

227 2715 426 2819 ρίαν·
507 2717 733 2824 ταύτῃ
787 2721 1223 2824 συμμέτροις
1277 2719 1844 2827 ἐσωφρονίζοντο
1894 2719 2260 2816 παιδείαις,
2317 2721 2647 2825 ἀφορίαις

230 2847 539 2943 καρπῶν
575 2843 693 2922 καὶ
731 2845 950 2924 ὑετῶν
985 2846 1297 2929 ἐνδείαις·
1377 2840 1881 2948 ἀσχάλλοντες
1917 2843 1992 2923 δὲ
2028 2840 2210 2946 πρὸς
2245 2840 2374 2927 τὰς
2409 2843 2648 2923 τοιαύ-
2723 2919 2728 2925 .

128 3003 205 3044 20
230 2998 367 3048 τας
424 2964 749 3068 πληγὰς,
803 2966 1223 3072 ἐμακάριζον
1276 2965 1409 3066 μὲν
1462 2966 1628 3051 τοὺς
1684 2969 2100 3069 άλλογενεῖς
2154 2968 2273 3046 καὶ
2326 2966 2490 3051 τοὺς
2544 2962 2646 3066 μὴ

230 3088 715 3175 δουλεύοντας
757 3096 860 3200 τῷ
897 3097 1065 3199 Θεῷ
1120 3095 1218 3175 ὡς
1267 3094 1342 3172 ἐν
1378 3092 1677 3199 εὐθυμία
1727 3090 2121 3195 διάγοντας,
2160 3093 2277 3171 καὶ
2319 3090 2650 3197 ἔφασκον

230 3213 568 3311 ἀμείνους
622 3215 889 3296 ἑαυτῶν
935 3215 1279 3322 ὑπάρχειν
1323 3216 1647 3299 ἐκείνους·
1728 3219 1845 3297 καὶ
1899 3223 2079 3319 γοῦν
2134 3215 2410 3322 ἔφασκε
2466 3214 2648 3320 πρὸς

232 3335 499 3421 αὐτοὺς
558 3342 957 3446 Μαλαχίας
1012 3342 1052 3420 5
1106 3338 1488 3445 προφήτης
1550 3351 1592 3387 “
1627 3338 2072 3441 Ἐβαρύνατε
2138 3342 2244 3420 ἐπ’
2304 3337 2426 3440 ἐμὲ
2479 3336 2646 3427 τοῦς
2667 3369 2794 3422 Mal.
2802 3368 2983 3442 ffi.:13-
3037 3404 3041 3409 ⁴

235 3471 285 3508 “
315 3459 586 3564 λόγους
636 3466 853 3563 ὑμῶν,
905 3465 1099 3566 λέγει
1158 3464 1444 3569 Κύριος,
1497 3467 1614 3544 καὶ
1670 3461 1911 3544 εἴπατε
1961 3464 2095 3543 Ἐν
2140 3463 2278 3544 τίνι
2328 3474 2638 3543 κατελα-
2674 3435 2750 3488 ¹⁶⁰

133 3614 207 3675 25
234 3595 282 3632 “
322 3584 662 3687 λήσαμεν
716 3586 898 3668 κατὰ
953 3595 1143 3685 σοῦ;
1229 3587 1492 3685 εἴπατε,
1550 3587 1748 3692 φησί
1799 3585 2130 3672 Μάταιος
2188 3588 2228 3666 5
2285 3586 2646 3668 δουλεύων

238 3720 285 3756 “
328 3715 521 3818 Θεῷ,
565 3715 682 3791 καὶ
725 3711 802 3792 τί
851 3712 1079 3792 πλέον
1127 3710 1237 3792 ὅτι
1283 3709 1748 3818 ἐφυλάξαμεν
1793 3709 1884 3790 τὰ
1921 3709 2370 3819 φυλάγματα
2407 3713 2645 3809 αὐτοῦ,

236 3843 283 3881 “
322 3837 443 3914 καὶ
487 3832 665 3914 διότι
715 3833 1196 3940 ἐπορεύθημεν
1247 3836 1465 3917 ἱκέται
1513 3835 1658 3938 πρὸ
1707 3834 2110 3937 προσώπου
2152 3836 2419 3937 Κυρίου
2460 3869 2646 3915 παν-

240 3967 285 4005 “
320 3955 799 4062 τοκράτορος;
882 3962 997 4039 καὶ
1055 3968 1181 4040 νῦν
1238 3959 1432 4059 ἡμεῖς
1490 3958 1966 4063 μακαρίῷμεν
2021 3961 2472 4063 ἀλλοτρίους,
2528 3962 2647 4039 καὶ

239 4092 284 4127 “
320 4083 948 4181 (ἐνοικοδομοῦνται
1009 4091 1376 4167 ποιοῦντες
1435 4082 1690 4183 ἄνομα·
1774 4081 2230 4182 ἀντέστησαν
2297 4087 2465 4190 Θεῷ
2527 4087 2645 4164 καὶ

133 4232 214 4291 30
240 4214 283 4252 “
318 4207 731 4306 ἐσώθησαν.
790 4214 1018 4287 ταῦτα
1054 4206 1570 4308 κατελάλησαν
1606 4212 1672 4287 οἱ
1711 4204 2149 4314 φοβούμενοι
2185 4202 2315 4285 τὸν
2346 4207 2641 4311 Κύρων,

306 4449 360 4505 8.
399 4449 514 4523 ἐπὶ]
539 4452 662 4523 περὶ
686 4451 756 4506 Β.
1010 4468 1095 4509 11.
1131 4449 1331 4524 ἄδικος]
1357 4451 1599 4525 &evo-1755·
1625 4452 1691 4509 Β.
1979 4468 2066 4523 ²9·
2099 4447 2388 4517 ἀπίθησαν
2411 4447 2549 4519 (⁸50)
2575 4447 2644 4503 Β·

242 4536 323 4591 3ο.
360 4522 455 4577 τὸν
478 4531 824 4595 assumptum
849 4539 916 4577 ex
942 4520 1011 4577 B.

322 4622 468 4670 VOL.
502 4625 609 4670 111.
1398 4626 1439 4668 Δ
1469 4628 1507 4669 a
