3269 5166
609 295 738 360 158
1221 299 1300 364 Β.
1348 297 1773 365 CYRILLI
1833 298 2416 365 ALEXANDR.
2699 295 2841 361 xxi.
2876 293 3028 360 1-6.

607 458 751 561 ἄρα
787 458 872 540 τὸ
916 462 1381 542 διακωλῦσαν
1416 466 1533 544 καὶ
1579 463 1913 563 ἐμποδὼν
1948 463 2247 565 εὑρεθὲν,
2285 461 2328 543 ὃ
2362 464 2481 542 καὶ
2525 467 2672 541 τῶν
2705 462 3022 564 ἀρχαιο-

539 587 582 652 b
606 581 830 685 τέρων
884 583 1013 664 τὸν
1057 582 1281 665 πόνον
1336 594 1594 668 εἰκαῖον
1649 588 1901 683 ἐτίθεις
1961 588 2037 667 τί
2085 587 2159 667 δὲ
2217 590 2335 668 καὶ
2391 587 2719 688 ἄκαρπον
2763 581 3025 684 ὥσπερ

609 707 848 793 αὐτοῖς
906 708 1232 790 ἀπετέλει
1292 710 1377 791 τὸ
1435 709 1770 815 κήρυγμα
1792 744 1842 811 ;,
1892 710 2030 819 νὺξ
2081 710 2170 812 ἦν
2225 714 2343 791 καὶ
2403 708 2671 792 σκότος
2731 707 2835 787 ἔτι
2900 708 3026 785 καὶ

613 830 830 931 νοητή
887 865 995 916 τις
1052 832 1284 938 ἀχλὺς
1340 839 1456 914 καὶ
1512 834 1979 936 δαιμονιώδης
2032 832 2274 935 ἀπάτη
2329 841 2478 917 τοῖς
2525 836 2655 930 τῆς
2702 831 3026 912 διανοίας

610 954 1020 1056 ὀφθαλμοῖς
1073 955 1512 1059 ἐνιζάνουσα,
1551 961 1669 1037 καὶ
1717 958 1802 1037 τὸ
1849 963 2038 1038 θεῖον
2087 956 2310 1042 ὅντως
2349 960 2467 1038 καὶ
2520 955 2787 1056 ἀληθὲς
2846 960 3025 1034 ἰδεῖν
3051 981 3090 1042 5

188 1134 199 1161 ι
268 1084 486 1212 ζ’ὲξῑίῑ·
613 1079 740 1157 οὐκ
786 1080 1071 1183 ἐφιεῖσα
1108 1088 1288 1185 φῶς.
1366 1082 1450 1161 οὐ
1487 1081 1631 1186 γὰρ
1669 1080 1758 1181 ἦν
1796 1083 1836 1161 ὃ
1872 1090 2099 1163 ποιῶν
2135 1081 2622 1187 χρηστότητα,
2661 1079 2848 1159 κατὰ
2884 1078 3024 1177 τὴν

609 1209 740 1282 τοῦ
775 1201 1203 1308 ψάλλοντος
1258 1205 1529 1311 φωνὴν,
1567 1206 1696 1285 οὐκ
1732 1203 1821 1304 ἦν
1854 1206 1983 1289 ἕως
2020 1203 2194 1302 ἑνὸς,
2233 1205 2436 1284 ἀλλὰ
2487 1205 2754 1288 ποίντες
2806 1202 3014 1311 ἐξέκ-

610 1337 840 1424 λιναν,
900 1323 1050 1426 ἅμα
1123 1328 1649 1433 ἠχρειῶθησαν.
1756 1335 1815 1409 εὶ
1881 1328 1956 1410 δὲ
2030 1331 2146 1408 καὶ
2221 1326 2601 1431 τεθήρευτό
2664 1361 2824 1411 πως
2901 1325 3024 1407 δια

615 1450 1056 1535 Μωυσέως
1025 1487 1066 1532 ο
1095 1450 1425 1555 Ἰσραὴλ,
1460 1455 1629 1532 ἀλλ’
1671 1450 1762 1552 ἦν
1796 1455 1872 1532 ἐν
1909 1453 2049 1561 ἴσῳ
2085 1459 2233 1537 τοῖς
2267 1454 2410 1532 οὐδ’
2453 1451 2642 1535 ολως
2679 1456 3024 1553 τεθηρευ-

550 1599 587 1642 0
610 1571 870 1669 μένοις,
909 1572 1040 1673 τὴν
1073 1576 1150 1654 ἐν
1185 1583 1422 1661 σκιαῖς
1457 1611 1573 1656 και
1610 1576 1858 1661 τύποις
1893 1576 2320 1726 ἐπιτηδεύων
2358 1576 2715 1679 λατρείαν,
2755 1578 2877 1656 καὶ
2911 1578 3023 1683 τῷ
3055 1601 3130 1643 10

610 1704 999 1777 τελειοῦντι
1054 1699 1275 1799 μηδεν
1322 1699 2002 1805 παιδαγωγούμενος
2059 1698 2275 1808 νόμῳ.
2360 1698 2471 1780 ὅτι
2526 1698 2671 1802 γὰρ
2723 1701 3015 1804 ἀχρειο-

608 1817 833 1922 τάτην
887 1819 1137 1923 ὥσπερ
1191 1825 1310 1905 καὶ
1363 1825 1659 1933 ἀπῳδὸν
1713 1827 1816 1933 τῷ
1854 1829 2021 1932 Θεῷ
2074 1823 2208 1924 τὴν
2251 1825 2328 1904 ἐν
2372 1821 2619 1907 τύποις
2677 1824 3026 1926 λατρείαν

610 1943 1030 2049 εὑρήσομεν,
1068 1949 1369 2045 εὔκολον
1405 1953 1574 2030 ἰδεῖν
1617 1948 1708 2056 ἐξ
1745 1947 1847 2029 ὧν
1901 1948 2032 2033 τὰς
2087 1950 2173 2029 δι’
2210 1947 2531 2048 αἱμάτων
2583 1954 3024 2050 παρωθεῖται

612 2069 869 2154 θυσίας
903 2073 1023 2150 καὶ
1057 2078 1205 2154 πᾶν
1241 2070 1423 2158 εἶδος
1456 2076 1950 2177 προσαγωγῆς
1985 2072 2293 2174 γεώδους
2328 2105 2405 2151 τε
2446 2074 2562 2150 καὶ
2596 2074 3025 2171 σωματικῆς

272 2198 422 2250 Εἶθ’·
443 2196 512 2248 '¹-
611 2203 655 2241 ⁴‘
682 2189 845 2272 Ἵνα
895 2194 972 2273 τί
1014 2195 1158 2298 γοίρ
1194 2231 1337 2295 μοι,
1375 2201 1593 2302 φησὶ,
1636 2197 1940 2292 λίβανον
1973 2198 2051 2275 ἐκ
2086 2202 2297 2293 σαβᾶ
2333 2194 2581 2300 φέρετε
2619 2197 2734 2273 καὶ
2771 2193 3019 2274 κιννιί-
3055 2224 3130 2286 15

612 2326 657 2364 ‘⁴
691 2352 943 2416 μωμον
999 2321 1078 2399 ἐκ
1136 2324 1270 2423 γῆς
1329 2319 1738 2426 μακρόθεν;
1832 2319 1923 2400 τὰ
1989 2318 2556 2414 ὁλοκαυτώματα
2624 2318 2821 2416 ὑμῶν
2890 2318 3024 2397 οὐκ

610 2451 656 2488 “
692 2443 835 2521 εἶσὶ
870 2440 1104 2540 δεκτά,
1144 2448 1259 2523 καὶ
1297 2450 1371 2523 αἱ
1415 2445 1661 2524 θυσίαι
1701 2445 1901 2542 ὑμῶν
1938 2444 2073 2548 οὐχ
2109 2441 2375 2542 ἥδυνάν
2410 2442 2567 2540 με.”

725 2568 871 2646 Καὶ
926 2565 1154 2649 ταῦτά
1208 2574 1472 2675 φαμεν,
1529 2570 1614 2649 ού
1668 2567 1800 2669 τὴν
1857 2568 2154 2672 πρώτην
2204 2568 2320 2648 καὶ
2378 2565 2613 2648 πάλαι
2671 2568 3024 2646 δοθεῖσαν

540 2701 585 2766 d
609 2690 1060 2796 ἀτιμάζοντες
1116 2692 1435 2793 ἐντολὴν,
1473 2695 1630 2774 οὔτε
1687 2691 1832 2793 μὴν
1866 2702 1995 2774 τοῦ
2051 2691 2274 2790 νόμου
2321 2698 2744 2794 κατηγορεῖν
2783 2694 3018 2793 ἐγνω-

610 2813 830 2912 κότες,
867 2818 1085 2897 ἐκεῖνο
1135 2816 1212 2897 δὲ
1259 2824 1552 2915 μᾶλλον
1606 2825 1752 2901 τοῖς
1802 2815 2276 2920 ἀκροωμένοις
2321 2816 2689 2900 ἐθέλοντες
2732 2816 3012 2916 ὑποδη-
3054 2843 3134 2886 ²0

610 2940 887 3037 λοῦν,’
847 2973 958 3019 οτι
1012 2949 1142 3021 τοῦ
1196 2941 1488 3022 πάντων
1526 2939 1914 3021 Δεσπότου
1951 2946 2144 3020 Θεοῦ
2196 2974 2380 3041 προς
2434 2938 2657 3038 μόνον
2708 2939 3025 3041 ὁρῶντος

608 3066 737 3164 τῆς
808 3065 1272 3167 εὖαγγελικῆς
1342 3067 1707 3149 πολιτείας
1771 3063 1857 3144 τὸ
1921 3062 2217 3163 κάλλος,
2285 3068 2403 3144 καὶ
2468 3068 2535 3144 οἱ
2598 3061 2722 3143 διὰ
2795 3061 3024 3163 νόμου

608 3187 1101 3288 τεθηρευμένοι
1190 3222 1374 3291 προς
1462 3187 1594 3290 τὴν
1666 3192 1743 3268 ἐν
1817 3197 2051 3273 σκιαῖς
2145 3196 2261 3268 καὶ
2346 3185 2596 3271 τύποις
2670 3186 3026 3287 ἀνόνητον

611 3312 953 3415 λατρείαν
1025 3314 1101 3391 ἐν
1175 3311 1318 3392 ’ίσω
1390 3347 1545 3396 πως
1610 3311 1917 3392 τέθειντο
1980 3318 2129 3395 τοῖς
2193 3313 2393 3392 οὔπω
2466 3311 3022 3414 τεθηρευμένοις,

268 3463 406 3515 Eeb.
424 3462 493 3513 ix.
608 3434 818 3540 ἄχρις
862 3431 955 3515 ἂν
992 3435 1033 3514 ὃ
1069 3439 1198 3536 τῆς
1252 3394 1700 3539 διορθώσεως
1754 3432 2140 3540 ἐπιλάμψῃ
2192 3434 2455 3539 καιρὸς,
2505 3435 2847 3543 λέγοντος
2895 3437 3018 3515 ἐν·
3055 3458 3131 3520 ²5

267 3543 434 3660 {gin-a
612 3567 853 3661 αργῶς
910 3567 1039 3639 τοῦ
1081 3565 1433 3663 Χριστοῦ,
1496 3558 1613 3639 ὅτε
1674 3558 1967 3661 γέγονεν
2023 3560 2397 3663 ἅνθρωπος
2455 3568 2500 3605 “
2520 3559 2722 3662 Ἐγώ
2776 3565 2920 3657 εἶμι
2978 3560 3024 3660 ἡ

266 3662 372 3711 ¹¹⁶*
389 3658 437 3710 ⁶
549 3692 658 3754 0⁶⁶
693 3682 1066 3783 ἀλήθεια.”
1146 3690 1206 3764 εὶ
1261 3682 1337 3764 δὲ
1393 3687 1505 3763 δεῖ
1549 3681 1826 3768 τούτοις
1883 3684 2001 3763 καὶ
2060 3682 2299 3786 ἕτερόν
2363 3718 2435 3763 τι
2493 3684 2826 3781 ἐπειπεῖν,
2889 3686 3028 3765 ούκ

613 3807 902 3909 ὀκνήσω
958 3807 1078 3887 διὰ
1130 3805 1216 3889 τὸ
1268 3805 1656 3914 χρήσιμον.
1738 3812 1804 3886 οὶ
1858 3805 2041 3907 πρὸς
2095 3805 2229 3907 τὴν
2282 3810 2360 3886 ἐκ
2419 3805 2641 3906 νόμου
2693 3806 3026 3909 μάθησιν

613 3932 1030 4031 κεκλημένοι
1086 3930 1204 4012 διὰ
1262 3927 1659 4029 Μωυσέως,
1722 3932 1838 4009 καὶ
1895 3930 2113 4009 αὐτὸν
2168 3929 2299 4010 τὸν
2357 3931 2658 4012 δοθέντα
2718 3934 3022 4014 διαπτύ·

613 4089 876 4141 σαντες
926 4054 1147 4156 υόμον
1183 4060 1298 4136 καὶ
1335 4058 1717 4160 μονονουχὶ
1754 4052 2000 4136 πλατὺ
2036 4060 2389 4158 γελῶντες
2428 4055 2610 4135 κατὰ
2646 4060 2776 4155 τῆς
2812 4059 3024 4161 ἁγίας
3052 4098 3133 4156 3ο

273 4192 520 4247 ΒΜεῡΰι·
612 4182 932 4280 ἐντολῆς,
969 4180 1363 4283 ἐτράποντο
1408 4176 1592 4282 πρὸς
1627 4178 2103 4263 διδασκαλίας
2138 4177 2551 4279 ἐντάλματα
2586 4182 3020 4285 ἀνθρώπων·

417 4298 430 4313 ’
616 4304 1078 4387 κατῶλισθον
1122 4303 1196 4384 δέ
1250 4304 1434 4409 πρὸς
1488 4310 1703 4384 τοῦτο
1756 4309 2088 4407 σκληρᾶς
2145 4306 2260 4383 καὶ
2317 4303 2664 4408 ἀτέγκτου
2719 4312 3027 4409 βουλῆς,

600 4519 607 4524 ’
655 4560 739 4599 11.
776 4546 1011 4601 τελοῦντι
1037 4544 1242 4618 Migne.
1352 4546 1491 4618 νόμῳ
1515 4541 1645 4599 EAE’.
1672 4539 1778 4598 Ed.
1801 4557 1914 4614 mg.
1940 4543 2095 4614 νόμος
2120 4540 2224 4597 Ed.
2405 4559 2492 4615 23.
2529 4543 2898 4617 τεθυμωμένοι
2923 4545 2993 4604 E.
