3269 5166
363 423 617 490 [87M-]

336 629 480 680 Infra
505 630 570 681 iv.
597 644 644 694 5.

344 897 363 930 1
388 880 502 931 Cor.
530 882 580 931 ii.
603 896 646 932 2.

433 2377 523 2431 88
546 2375 641 2432 M.

331 3737 411 3788 lb.
429 3739 476 3788 8.

676 328 806 392 328
1027 331 1105 394 B.
1153 329 1528 395 CYRILLI
1583 331 2113 398 ALEXANDR.
2167 282 2729 400 FlssAGMENTA
2851 334 3026 411 ii.14

672 503 878 575 παντὶ
915 498 1127 605 τόπῳ,
1163 495 1351 577 καθά
1385 502 1619 604 φασιν
1656 499 1875 595 αὐτοὶ,
1910 496 2176 605 διδάξει
2213 498 2438 579 πάλιν
2475 497 2681 582 αὐτὸς
2716 499 2757 577 5
2791 492 3024 577 θεσπεῖ·

671 650 834 702 σιος
878 622 1175 704 Παῦλος
1224 621 1442 700 ἐκεῖνο
1495 619 1734 722 λέγων
1791 631 1835 669 “
1861 623 1979 701 Οὐ
2032 620 2176 724 γὰρ
2235 620 2525 705 ἑαυτοὺς
2577 620 3027 725 κηρύσσομεν,

673 750 718 788 “
754 740 957 821 ἀλλὰ
1000 742 1330 844 Χριστὸν
1370 744 1663 844 Ἰησοῦν
1718 746 1986 846 κύριον,
2045 744 2333 830 ἑαυτοὺς
2389 746 2464 826 δὲ
2510 744 2808 829 δούλους
2861 745 3034 840 ὑμῶν

673 874 717 913 “
756 866 872 944 διὰ
935 867 1185 966 Ἰησοῦ
1259 868 1650 971 Χριστου·”
1736 872 1854 947 καὶ
1925 866 2151 948 πάλιν
2217 879 2262 916 “
2296 869 2414 950 Οὐ
2478 868 2622 972 γὰρ
2687 863 2914 969 ἔκρινά
2974 898 3036 943 τι

671 999 716 1035 “
751 987 1001 1069 εἰδέναι
1043 992 1119 1068 ἐν
1157 991 1339 1089 ὑμῖν,
1380 997 1437 1072 εἶ
1481 989 1583 1091 μὴ
1620 990 1954 1094 Χριστὸν
1989 992 2301 1092 Ἰησοῦν,
2336 996 2454 1072 καὶ
2505 1000 2759 1072 τοῦτον
2798 992 3032 1070 ἐσταυ·
3058 1016 3086 1073 5

672 1124 716 1162 “
749 1114 1135 1217 ρωμένον.”
1215 1110 1366 1195 εἶτα
1423 1115 1583 1194 τίνα
1640 1112 1913 1217 τρόπον
1968 1117 2008 1195 5
2063 1118 2422 1218 γεννηθεὶς
2475 1118 2554 1195 ἐκ
2608 1112 2949 1218 γυναικὸς,
3001 1113 3035 1191 5

672 1234 990 1340 σταυρὸν
1028 1239 1404 1334 ὑπομείνας
1443 1241 1559 1319 καὶ
1596 1237 1910 1319 θάνατον
1946 1238 2231 1337 ὑποδὺς,
2268 1246 2328 1319 εὶ
2366 1243 2484 1320 καὶ
2519 1238 2782 1334 ἀνεβίω
2815 1234 3038 1329 πάλιν,

672 1362 845 1470 ὀσμὴ
901 1361 1015 1455 τῆς
1068 1363 1373 1465 γνώσεως
1433 1362 1640 1443 ἔσται
1693 1370 1822 1442 τοῦ
1861 1368 2053 1443 Θεοῦ
2109 1367 2228 1443 καὶ
2273 1362 2585 1465 Πατρὸς,
2630 1367 2690 1442 εἷ
2745 1358 3039 1460 καθάπερ

670 1485 942 1565 οἴονταί
987 1518 1168 1569 τινες
1213 1484 1438 1592 ψιλὸς
1493 1485 1659 1565 καθ’
1720 1485 1935 1585 ἡμᾶς,
1981 1486 2206 1587 ἤγουν
2250 1485 2628 1590 θεοφόρος,
2691 1484 3043 1586 ἅνθρωπος
3093 1570 3096 1573 ,

671 1616 927 1690 νοεῖται
967 1609 1313 1711 Χριστὸς,
1362 1612 1476 1690 καὶ
1533 1610 1663 1690 οὐκ
1718 1609 1892 1689 αὐτὸ
1948 1608 2133 1690 κατὰ
2181 1608 2417 1716 ’φύσιν
2473 1609 2817 1713 ὑπάρχων
2853 1601 3038 1693 Θεός,
3068 1640 3122 1679 10

668 1731 804 1814 κᾶν
857 1737 915 1814 εἶ
974 1740 1206 1814 νοοῖτο
1259 1731 1661 1837 προλαβὼν
1722 1730 1808 1813 τὸ
1867 1734 2317 1838 ἀνθρώπινον
2377 1737 2830 1833 οἰκονομικῶς
2887 1732 2927 1810 5
2974 1731 3042 1808 ἐκ

670 1862 861 1938 Θεοῦ
899 1857 1140 1961 Λόγος
1170 1892 1191 1955 3
1256 1860 1340 1938 οὐ
1373 1856 1518 1960 γὰρ
1551 1855 1627 1937 ἕν
1662 1892 1749 1960 γε
1784 1863 1888 1969 τῷ
1924 1854 2098 1938 εἶναι
2137 1860 2301 1938 καθ’
2342 1856 2527 1956 ἡμᾶς
2565 1859 2684 1937 καὶ
2718 1856 2899 1958 πέρα
2931 1861 3044 1933 τοῦ

666 1982 886 2083 μηδὲν
940 1981 1072 2083 τὴν
1127 1991 1256 2063 τοῦ
1302 1987 1494 2063 Θεοῦ
1549 1984 1667 2062 καὶ
1725 1981 2015 2084 Πατρὸς
2066 1980 2432 2062 εὐωδιάσει
2480 1981 2733 2089 φύσιν,
2780 1981 2923 2060 οὐδ’
2967 1974 3044 2056 ἂν

668 2105 865 2206 ὀσμὴ
920 2106 1199 2209 γε’νοιτο
1252 2115 1382 2187 τοῦ
1435 2105 1535 2205 μὴ
1581 2104 1845 2188 εἰδότος
1902 2106 2211 2186 θάνατον
2257 2107 2298 2185 5
2356 2106 2664 2185 θάνατον
2721 2100 3036 2184 ἀνατλάς·

667 2236 823 2314 πῶς
871 2232 996 2310 οὖν
1034 2229 1206 2336 ὄσ-,αῆ
1251 2229 1367 2324 τῆς
1407 2229 1712 2333 γνώσεως
1747 2238 1875 2309 τοῦ
1915 2228 2207 2332 Πατρὸς
2244 2231 2284 2308 ὁ
2320 2226 2644 2331 Χριστός
2673 2261 2694 2325 ;
2757 2226 2803 2329 ἢ
2839 2230 3042 2324 δῆλον
3069 2250 3124 2309 15

668 2352 778 2433 ὅτι
834 2352 1013 2434 καθὸ
1069 2359 1328 2434 νοεῖται
1377 2354 1495 2433 καὶ
1546 2353 1707 2433 ἔστι
1745 2354 1953 2450 Θεὸς,
1993 2351 2125 2432 κᾶν
2162 2359 2220 2432 εἱ
2255 2353 2572 2460 πέφηνεν
2607 2353 2685 2430 ἐν
2720 2356 2932 2453 σαρκὶ
2966 2349 3039 2427 δι’

671 2476 898 2575 ἦμᾶς;
979 2479 1125 2557 ἐπεὶ
1189 2477 1350 2557 τίνα
1413 2476 1685 2581 τρόπον
1739 2480 1805 2556 οἱ
1871 2474 2478 2578 διακηρύσσοντες
2541 2474 2672 2556 τὸν
2736 2471 3044 2570 Χριστὸν

667 2598 1258 2704 καταγγέλλουσι
1311 2603 1416 2710 τῷ
1471 2599 1726 2707 κόσμῳ
1780 2596 1908 2680 τὸν
1964 2601 2186 2705 φύσει
2239 2634 2318 2680 τε
2373 2600 2490 2680 καὶ
2544 2602 2839 2700 ἀληθῶς
2889 2598 3044 2678 ὅντα

669 2722 905 2821 Θεόν;
961 2721 1203 2825 ἢπῶς
1258 2723 1347 2804 ἂν
1386 2728 1622 2805 εἰδεῖεν
1676 2723 1807 2804 τὸν
1857 2724 2195 2823 Ἰησοῦν;
2276 2725 2435 2804 τίνα
2491 2722 2568 2803 δὲ
2622 2722 2892 2827 τρόπον
2941 2724 3042 2801 καὶ

669 2846 857 2934 Θεὸς
893 2851 1010 2929 καὶ
1050 2848 1308 2952 Πατὴρ
1346 2850 1421 2927 ἐν
1458 2852 1765 2955 Χριστῷ
1796 2845 1926 2928 τὸν
1963 2847 2242 2946 κόσμον
2277 2848 2504 2954 ἑαυτῷ
2542 2848 3042 2927 καταλλάττειν
3063 2881 3121 2920 20

667 2971 953 3075 λέγεται
1007 2971 1206 3073 παρὰ
1257 2979 1403 3052 τῶν
1437 2973 1664 3073 ἁγίων
1708 2978 2236 3075 μυσταγωγῶν,
2280 2977 2339 3052 εὶ
2387 2968 2488 3070 μὴ
2523 2968 3040 3078 συνεισδέξαιτό
3139 3008 3144 3012 ·

666 3129 773 3181 τις
827 3102 932 3204 τῷ
983 3100 1060 3177 ἐκ
1116 3102 1308 3176 Θεοῦ
1366 3095 1578 3202 φύντι
1634 3094 1855 3202 Λόγῳ
1914 3094 2097 3198 πρὸς
2141 3097 2400 3175 ἕνωσιν
2442 3092 2527 3175 τὸ
2577 3094 3035 3197 ἀνθρώπινον,

666 3219 1111 3320 ἀπαιτούσης
1164 3228 1377 3300 τοῦτο
1439 3223 1567 3318 τῆς
1633 3224 1876 3323 σοφῆς
1939 3219 2390 3318 οἰκονομίας;
2471 3216 3038 3321 καταγγέλλουοι

665 3342 811 3445 γὰρ
848 3349 915 3424 οἱ
960 3343 1336 3424 θεσπέσιοι
1385 3346 1700 3442 μαθηταὶ
1736 3350 2129 3427 λαλοῦντες
2165 3344 2243 3422 ἐν
2277 3342 2646 3441 πνεύματι,
2684 3346 2818 3448 οὐχ
2852 3345 2940 3426 ὡς
2974 3342 3038 3418 ἐν

664 3466 1020 3572 ἀνθρώπῳ
1055 3464 1586 3567 κατοικήσαντα
1622 3464 1753 3546 τὸν
1783 3473 1910 3545 τοῦ
1948 3471 2139 3545 Θεοῦ
2178 3463 2440 3568 Λόγον,
2480 3465 2649 3546 ἀλλ’
2691 3469 2789 3551 ὡς
2822 3464 3035 3566 σοῖρκα
3056 3485 3113 3546 25

664 3585 1034 3691 γεγονότα,
1102 3591 1474 3669 τουτέστιν
1543 3588 1893 3669 ἑνωθέντα
1966 3591 2185 3690 σαρκὶ
2261 3587 2512 3695 ψυχὴν
2584 3591 2856 3695 ἐχούσῃ
2922 3584 3034 3683 τὴν

665 3710 990 3814 λογικήν·
1065 3714 1248 3793 οὕτω
1297 3712 1440 3815 γὰρ
1479 3710 1569 3792 ἂν
1621 3712 1726 3812 ε’ίη
1783 3716 1899 3792 καὶ
1959 3716 2083 3812 τῆς
2141 3710 2358 3819 δόξης
2413 3713 2652 3814 κύριος
2709 3715 2751 3793 5
2804 3715 3032 3792 ἐσταυ-

740 3923 823 3975 14.
860 3907 1078 3963 θάνατον
1112 3906 1287 3979 prius]
1329 3907 1503 3979 pergit
1536 3907 1568 3962 ὅ
1601 3908 1749 3963 ἐστιν
1782 3910 1874 3961 τοῦ
1910 3908 2117 3978 Πατρὸς
2152 3910 2184 3961 ὁ
2214 3907 2484 3963 ἇποθανῶν
2507 3909 2736 3977 Χριστὸς
2765 3906 2813 3962 εἶ
2839 3905 2903 3977 μὴ
2926 3903 3031 3959 καθὸ

665 3977 784 4050 (16)
813 3977 888 4032 H.
1226 3978 1416 4049 17-26.
1454 3977 1819 4061 ἐπεὶ-σαρκὶ]
1847 3977 2052 4034 ἕνωθεὶς
2075 3980 2230 4048 σαρκὶ
2257 3979 2335 4034 Η.
2692 3993 2779 4051 27.
2814 3971 3027 4048 λογικὴν]

663 4049 835 4119 pergit
872 4047 1210 4119 (abbrevians
1245 4049 1469 4104 fortasse
1504 4067 1568 4103 ex
1605 4050 1708 4103 aha
1735 4049 2238 4104 commentariorum
2273 4048 2445 4121 parte)
2471 4049 2532 4104 οὗ
2554 4049 2655 4118 μὴν
2690 4049 2772 4104 ὅτι
2804 4048 3032 4118 θεοφόρος

665 4118 760 4190 (cf.
785 4136 948 4189 supra
972 4119 1029 4189 9)
1056 4120 1204 4174 ἐστὶν
1225 4119 1491 4189 ἅνθρωπος
1514 4121 1543 4173 ὅ
1569 4121 1810 4191 Χριστός·
1850 4121 1900 4173 οἱ
1934 4120 2036 4191 γὰρ
2068 4120 2408 4192 ἑτερόφρονες
2441 4122 2598 4174 τοῦτό
2630 4122 2772 4190 φασι
2807 4119 2886 4172 καὶ
2919 4117 3030 4169 &ut-

660 4221 848 4288 ροῦσιν
882 4218 955 4276 εἷς
995 4218 1090 4273 δύο
1127 4220 1219 4273 τὸν
1252 4217 1341 4274 ἕνα
1378 4218 1568 4287 Κύριον
1587 4218 1796 4289 Ἰησοῦν
1829 4219 2061 4289 Χριστὸν
2093 4218 2153 4275 ὅς
2186 4218 2333 4273 ἐστιν
2365 4191 2467 4288 ἆλτο)
2504 4220 2636 4276 Θεὸς
2675 4219 2758 4273 καὶ
2800 4216 2894 4284 ζωὴ
2928 4213 3029 4267 alb·

662 4312 787 4347 νιος.
833 4289 888 4344 ἐν
922 4284 966 4363 ᾇ
1001 4290 1057 4344 δὲ
1094 4293 1124 4343 ὁ
1147 4293 1376 4360 Χριστὸς
1410 4288 1548 4360 ὄσμῆ
1585 4290 1702 4344 ε’στι
1735 4293 1828 4345 τοῦ
1863 4291 2088 4359 Πατρὸς,
2114 4289 2272 4358 δῆλον
2294 4288 2372 4343 ὅτι
2399 4292 2429 4344 ὁ
2453 4291 2606 4346 αὐτός
2641 4289 2756 4344 ἐστι
2790 4291 2860 4377 τῷ
2884 4281 3030 4351 Πατρὶ

661 4361 789 4415 κατὰ
810 4357 980 4431 φύσιν
1000 4360 1242 4416 ἅκτιστος
1266 4362 1347 4415 καὶ
1373 4359 1632 4432 &stupa-oc·-
1679 4364 1709 4414 ὁ
1731 4362 1832 4431 γὰρ
1856 4361 2065 4416 κτιστὸς
2083 4360 2145 4412 οὔ
2170 4358 2376 4414 δύναται
2399 4360 2538 4429 ὀσμὴ
2558 4357 2685 4414 εἶναι
2701 4362 2794 4412 τοῦ
2809 4357 3029 4412 ακτίστῡν

660 4434 778 4486 οὔτε
812 4432 874 4485 τὸ
910 4430 1138 4487 ἐναντίον
1163 4435 1192 4486 ὁ
1215 4431 1458 4487 ἅκτιστος
1489 4434 1583 4485 τοῦ
1618 4432 1850 4493 κτίστου,
1891 4430 2003 4485 ἐπεὶ
2037 4431 2189 4486 ἔσται
2223 4430 2362 4499 ὀσμὴ
2400 4430 2618 4486 κτίσεως
2640 4433 2669 4483 ὁ
2695 4429 2887 4497 Πατὴρ,
2911 4424 2982 4478 καὶ
3003 4422 3029 4472 ὅ

659 4502 805 4559 είδὸς
841 4503 932 4557 τὸν
961 4503 1084 4556 Yth»
1117 4501 1177 4556 δν
1211 4501 1432 4573 λέγουσί
1465 4523 1598 4558 τινες
1633 4501 1841 4571 κτίσμα,
1866 4497 1975 4555 οἶδε
2010 4501 2214 4557 πάν-τως
2246 4501 2331 4555 καὶ
2364 4501 2418 4555 τί
2451 4502 2578 4555 κατὰ
2613 4504 2777 4572 φύσιν
2799 4501 2827 4552 ὁ
2851 4492 3025 4561 Πατήρ·

658 4572 799 4627 ἀλλὰ
821 4572 998 4642 εὔηθες
1020 4576 1191 4638 τοῦτο,
1217 4574 1278 4628 οὗ
1300 4574 1402 4643 γὰρ
1427 4571 1483 4626 ἐν
1505 4575 1577 4644 τᾷ
1602 4573 1753 4642 (329,
1776 4573 1834 4641 8)
1864 4571 1937 4625 H.
