3269 5166
614 327 701 390 60
1223 320 1307 386 Β.
1354 319 1767 387 CYRILLI
1826 320 2403 386 ALEXANDR.
2714 322 2847 386 xix.
2881 342 3030 409 1—3.

614 487 851 587 μάσαι
917 485 1146 590 γεμὴν
1209 489 1599 590 ἀναγκαῖον
1671 483 1804 585 τὴν
1867 484 2348 567 θεόπνευστον
2419 484 2716 592 γραφὴν
2784 488 2883 570 ὥς
2948 487 3033 565 ἐκ

616 612 1020 714 προσώπου
1076 616 1410 713 Χριστοῦ
1459 612 1578 690 καὶ
1628 612 1758 710 τῆς
1817 611 2041 695 οὕτως
2095 608 2654 713 «ἐπεγνωσμένης
2718 611 3028 714 ἐπιγνω-

552 763 595 828 d
619 742 931 818 σθεῖσαν
986 737 1367 832 καταβοῆς·
1441 732 1639 836 λέγει
1694 731 1840 837 γὰρ
1896 735 2121 818 οὕτως
2175 734 2217 814 ὃ
2262 732 2642 843 προφήτης
2684 735 3034 838 Ἱερεμίας

282 869 430 998 ῙῚΞῙῑξΓ·
444 868 529 918 ¹⁵⁵·
620 871 664 909 “
700 854 1343 962 Ἐγκαταλὲλοιπα
1398 857 1526 938 τὸν
1586 853 1782 938 οἶκόν
1836 892 1999 955 μου,
2053 859 2302 965 ἀφῆκα
2354 857 2488 959 τὴν
2540 859 3034 962 κληρονομίαν

316 972 329 992 ’
388 971 400 985 ’
617 995 662 1033 “
699 1019 865 1083 μου,
908 983 1137 1063 ἔδωκα
1172 980 1305 1082 τὴν
1353 981 1820 1084 ἠγαπημένην
1853 1016 1995 1082 μου
2031 979 2283 1089 ψυχὴν
2328 988 2424 1067 εἷς
2460 990 2702 1088 χεῖρας
2747 985 3032 1089 ἐχθρῶν
3063 1016 3102 1079 5

617 1120 660 1158 “
696 1109 939 1209 αὐτῆς·
1019 1104 1318 1210 ἐγενήθη
1353 1107 1399 1205 ἡ
1445 1107 1888 1210 κληρονομία
1932 1141 2071 1205 μου
2108 1109 2260 1205 ἐμοὶ
2297 1108 2393 1191 ὡς
2425 1103 2610 1187 λέων
2643 1109 2720 1187 ε’ν
2757 1109 3032 1215 δρυμῷ,

617 1243 661 1281 “
697 1232 955 1313 ἔδωκεν
994 1233 1103 1313 ἐπ’
1145 1229 1265 1330 ἐμὲ
1310 1228 1442 1330 τὴν
1479 1229 1735 1337 φωνὴν
1770 1232 2048 1330 αὐτῆς.”
2124 1232 2201 1311 τί
2245 1230 2390 1335 γὰρ
2426 1232 2467 1312 ὃ
2511 1232 2697 1312 λέων
2732 1234 2809 1312 ἐν
2846 1235 3027 1334 δρυ-

615 1362 774 1455 μοΐς
829 1356 1215 1460 ἐργάζεται,
1263 1352 1494 1437 καλὸν
1535 1359 1631 1440 ὡς
1679 1356 1900 1436 ἔοικεν
1936 1361 2175 1437 εἰπεῖν.
2260 1359 2450 1463 φασὶ
2485 1363 2891 1460 τοιγαροῦν,
2930 1358 3032 1440 ὡς

616 1481 791 1563 ὅταν
847 1515 919 1562 τι
974 1486 1121 1561 τῶν
1175 1482 1252 1561 ἒν
1307 1487 1460 1563 ταῖς
1518 1481 1727 1563 ὕλαις
1783 1486 2061 1579 κτηνῶν
2117 1483 2466 1582 ἀγρεῦσαι
2526 1479 2880 1581 βούληται
2942 1482 3031 1562 τὸ

614 1606 804 1709 μέγα
848 1608 1047 1684 τουτὶ
1091 1607 1207 1683 καὶ
1261 1603 1849 1709 φρικωδέστατον
1886 1606 2153 1708 θηρίον,
2188 1606 2309 1685 ε’πί
2356 1640 2517 1685 τινα
2572 1612 2825 1708 πρῶνα
2880 1613 3032 1687 τῶν
3064 1645 3139 1686 10

556 1761 593 1807 e
617 1732 691 1809 ἐν
740 1736 888 1814 τοῖς
944 1726 1191 1831 ὄρεσιν
1245 1730 1504 1829 ἀρθεὶς,
1562 1729 1929 1832 βρυχᾶταί
1982 1763 2050 1808 τι
2100 1730 2289 1833 μέγα
2337 1733 2452 1809 καὶ
2504 1730 2844 1836 ἐξαίσιον,
2907 1735 3031 1811 καὶ

614 1852 980 1953 τοσαύτην
1017 1848 1457 1954 ἐνεργάζεται
1512 1859 1664 1936 τοῖς
1717 1853 2190 1955 ἀκροωμένοις
2246 1852 2376 1954 τὴν
2423 1854 2702 1951 πτοίαν,
2740 1859 2839 1938 ὡς
2897 1857 3029 1937 οὐκ

615 1975 1034 2081 ἐνεγκόντας
1095 1980 1223 2076 τῆς
1289 1978 1592 2075 ἀπειλῆς
1653 1975 1738 2057 τὸ
1802 1976 2160 2083 δυσαχθὲς
2222 1978 2723 2080 ἀποκτύπημα,
2788 2016 3029 2083 παρα-

614 2104 860 2206 χρῆμα
905 2106 1178 2200 πεσεῖν,
1216 2097 1350 2180 κᾶν
1388 2099 1766 2202 ἅνθρωπος
1799 2099 1904 2201 εἴη
1944 2099 2077 2181 κᾶν
2112 2101 2294 2210 ζῷον
2329 2102 2586 2205 ἕτερον,
2625 2108 2740 2184 καὶ
2777 2109 3029 2211 φωνῆς

615 2226 829 2329 ἔργον
883 2232 984 2334 τῷ
1039 2227 1202 2330 θηρὶ
1266 2226 1586 2328 γίγνεται
1646 2225 1730 2306 τὸ
1784 2224 2040 2306 πεσόν.
2124 2235 2508 2307 πιστοῦται
2557 2227 2644 2306 δέ
2683 2263 2838 2312 πως
2896 2229 3028 2310 τὸν
3062 2269 3136 2328 15

613 2351 728 2430 ἐπὶ
785 2349 1016 2458 τούτῳ
1056 2348 1282 2451 λόγον
1326 2354 1444 2429 καὶ
1492 2347 1610 2430 διὰ
1667 2358 1797 2430 τοῦ
1852 2348 2233 2456 προφήτου
2278 2348 2465 2437 Θεὸς
2524 2354 2748 2437 οὕτως
2803 2355 3028 2436 εἰπών

276 2483 439 2600 ff?
612 2483 655 2520 “
697 2471 899 2553 Λέων
933 2471 1306 2581 ἐρεύξεται,
1347 2477 1461 2554 καὶ
1514 2475 1622 2560 τίς
1677 2476 1761 2554 οὗ
1813 2471 2312 2580 φοβηθήσεται
2342 2475 2407 2571 ;”
2463 2477 2717 2579 γέγονε
2774 2481 3025 2560 τοίνυν

409 2585 421 2599 ⁰
611 2596 839 2697 ἡτῶν
902 2599 1267 2679 Ἰουδαίων
1334 2598 1759 2704 Συναγωγὴ,
1828 2597 2154 2703 καθάπερ
2220 2599 2406 2680 λέων
2469 2603 2547 2681 ἐν
2615 2607 2861 2713 δρυμῷ
2921 2611 3030 2715 τῷ

277 2734 538 2792 1043A.
556 2749 592 2790 a
614 2726 896 2825 Σωτῆρι
931 2728 1257 2832 Χριστῷ,
1295 2724 1478 2804 κατά
1513 2758 1598 2826 γε
1643 2722 1726 2802 τὸ
1771 2724 2159 2829 ἐγχείρημα
2205 2729 2332 2824 τῆς
2372 2728 2481 2806 ἐπ’
2521 2728 2714 2836 αὐτῷ
2749 2739 3023 2833 γλωσ-

612 2848 953 2949 σαλγίας·
1033 2848 1286 2932 πτοίας
1351 2847 1493 2951 γὰρ
1552 2847 1744 2932 ὅλως
1809 2846 1854 2948 ἢ
1918 2848 2240 2948 δείματος
2300 2851 2345 2950 ἠ
2403 2851 2558 2931 θεία
2612 2851 2840 2959 φύσις
2899 2856 3031 2936 οὐκ
3060 2896 3138 2935 20

610 2971 954 3077 ἀνέχεται.
1028 2972 1567 3072 καταβοήσασα
1602 2970 1746 3074 γὰρ
1785 2972 2188 3052 ἀπέκτεινεν
2223 2972 2461 3066 αὐτὸν,
2503 2978 2732 3057 καίτοι
2778 2977 3030 3059 Πιλά-

608 3130 737 3175 του
774 3096 1266 3199 προτείνοντος
1309 3097 1608 3175 ἑλέσθαι
1656 3093 1788 3195 τὴν
1826 3096 2114 3203 ἄφεσιν,
2153 3098 2270 3177 ἵνα
2306 3103 2420 3178 καὶ
2457 3106 2601 3180 τῶν
2640 3102 2757 3182 διὰ
2803 3102 3033 3205 νόμου

610 3220 1189 3319 πεπαιδευμένων
1246 3221 1573 3318 ἀμείνους
1623 3199 2092 3324 εὑρίσκωνται
2138 3221 2255 3302 διὰ
2303 3225 2753 3328 πραγμάτων
2790 3229 3036 3311 αὐτῶν

613 3344 732 3421 καὶ
765 3346 831 3421 οἶ
867 3339 995 3420 τὸν
1035 3348 1224 3421 θεῖον
1260 3344 1459 3422 οὔπω
1497 3341 1845 3437 μαθόντες
1885 3342 2122 3445 νόμον.

281 3514 588 3666 Ῑ(““Ῑ’·”θ’·2
613 3549 783 3617 Τότε
849 3547 961 3616 οὖν
1017 3552 1251 3631 ἔλαβεν
1314 3554 1350 3621 ὁ
1415 3554 1700 3622 Πιλάτου
1765 3557 1878 3623 τὸν
1931 3557 2187 3624 Ἰησοῦν
2252 3561 2357 3625 καὶ
2418 3562 2847 3648 ἑμαστίΓωσε,
2919 3567 3140 3649 καὶ25

715 3674 776 3741 οἰ
848 3677 1246 3768 στρατιῶται
1325 3681 1685 3751 πλέξαντες
1775 3683 2104 3771 στέφανον
2178 3687 2250 3756 ἐξ
2321 3687 2626 3754 ἀκανθῶν
2689 3691 3030 3760 ὲπὲθΗκαν

544 3797 587 3862 b
717 3804 915 3870 αὐτοῦ
972 3812 1050 3895 τῇ
1110 3810 1390 3898 κεφαλῇ,
1443 3808 1549 3871 καὶ
1607 3806 1862 3884 ἶμάτιον
1918 3817 2301 3901 πορφυροῦν
2356 3816 2744 3904 περιέβαλον
2800 3818 3030 3903 αὐτὸν,

558 3959 592 4015 3
718 3931 825 3995 καὶ
888 3930 1166 4020 ἤρχοντο
1230 3934 1395 4022 πρὸς
1460 3934 1661 4003 αὐτὸν
1728 3939 1834 4001 καὶ
1900 3937 2128 4012 ἕλει-ον
2182 3935 2380 4029 Χαῖρε
2433 3943 2469 4008 ὃ
2524 3944 2825 4020 βασιλεὺς,
2890 3949 3031 4015 τῶν

704 4053 1067 4121 Ἰουδαίων·
1145 4058 1251 4123 καὶ
1304 4057 1608 4127 ἐδίδοσαν
1666 4063 1847 4147 αὐτῷ
1903 4063 2295 4150 ῥαπίσματα.

726 4217 1114 4317 Μαστιγοῖ
1161 4214 1291 4313 μὲν
1347 4216 1627 4315 ἀδίκως,
1667 4221 1783 4298 καὶ
1838 4217 1967 4299 τὸν
2014 4227 2159 4300 τῶν
2202 4232 2672 4326 στρατιωτῶν
2727 4229 3033 4337 ἐφίησιν
3063 4274 3144 4331 30

681 4390 729 4430 2.
769 4375 1209 4447 ἐπιγνωσθεῖσαν]
1248 4375 1387 4448 οἶμαι
1425 4377 1835 4448 ἐπιμνησθεῖσαν
1867 4380 1909 4434 F
1934 4398 2042 4451 mg.
2118 4387 2155 4412 “
2170 4383 2394 4455 Trapez.
2430 4386 2624 4458 legisse
2659 4388 2874 4445 videtur
2912 4394 3030 4448 ἐπι-

604 4446 973 4515 μνησθεῖσαν”
1010 4448 1232 4504 adnotat
1269 4448 1413 4503 Aub.
1442 4450 1477 4479 “
1496 4450 1742 4506 meminit
1757 4450 1794 4476 '⁹
1821 4451 2017 4523 Georg.
2044 4452 2207 4524 Trap.
2298 4479 2381 4512 ωσ
2408 4457 2493 4528 (ut
2517 4460 2732 4531 opinor)
2765 4479 2832 4516 ex
2857 4467 3029 4520 verbo

605 4518 938 4588 praecedenti
962 4520 1158 4574 iterum
1184 4520 1374 4589 repetit
1394 4518 1610 4575 Codicis
1634 4520 1778 4576 illius
1803 4541 1833 4577 e
1858 4541 1966 4595 quo
1993 4524 2057 4578 E.
2088 4525 2191 4580 sim
2273 4536 2326 4581 et
2354 4527 2411 4582 F.
2435 4530 2627 4584 scriba.
2796 4534 2851 4587 6.
2877 4536 3028 4603 ἐγεν·

606 4588 731 4659 νήθη
759 4591 823 4645 Ε.
970 4607 1021 4662 7.
1060 4591 1153 4661 τὴν
1177 4599 1518 4661 assumptum
1543 4609 1608 4647 ex
1636 4592 1699 4647 E.
1847 4609 1931 4666 27.
1969 4595 2322 4667 περιέβαλλον
2347 4598 2412 4654 Ε.
2562 4617 2647 4673 29.
2686 4603 2893 4660 ἐδίδουν
2920 4607 2987 4662 Ε.
