3269 5166
218 329 335 398 i.21
366 357 484 418 sqq.
564 335 667 399 IN
720 335 849 400 ΕΡ.
891 336 987 399 ΙΙ.
1043 332 1171 398 ΑΙ)
1225 334 1815 400 CORINTHIOS.
1891 334 2068 400 LIB.
2107 335 2165 400 I.
2419 337 2547 400 325

2649 442 2680 489 8
2738 440 2816 490 M.

217 505 252 541 ‘⁶
278 497 684 599 ἐπηρμένου,”
745 495 1262 602 περιεστηκότα
1327 497 1403 577 δὲ
1466 497 1559 578 τὰ
1613 501 1997 602 σεραφεῖμ,
2066 497 2273 600 ἅγιον
2331 497 2551 578 αὐτὸν
2601 440 2627 506 [
2684 453 2713 500 ⁵
2839 439 2864 504 ]

212 619 679 720 ἀποκαλοῦντα,
739 625 858 703 καὶ
933 621 1177 725 κύριον
1249 620 1565 718 σαβαὼθ
1627 621 2085 726 ὀνομάζοντα,
2149 622 2401 726 πλήρη
2467 657 2547 704 τε

214 741 473 843 λέγοντα
502 742 667 826 εἶναι
705 744 833 826 τὸν
865 743 1166 849 οὐρανὸν
1202 750 1319 826 καὶ
1356 744 1489 844 τὴν
1524 750 1665 846 γῆν
1697 750 1825 846 τῆς
1873 745 2089 853 δόξης
2131 747 2373 827 αὐτοῦ.
2435 745 2546 826 ὅτι

210 864 270 944 δὲ
314 866 506 948 αὑτὸν
558 870 877 950 τεθέαται
936 869 1067 949 τὸν
1118 868 1320 968 Υὶὸν,
1376 871 1735 976 ἀποδείξει
1794 870 2035 972 λέγων
2100 871 2140 949 5
2203 869 2444 976 σοφὸς
2504 871 2546 949 5

161 1020 188 1075 5
210 989 489 1091 Ἰωάννης
549 1004 593 1041 “
622 999 875 1075 Ταῦτα
934 992 1009 1073 δὲ
1082 990 1272 1074 εἶπεν
1330 992 1653 1077 Ἡσαΐας
1716 992 1826 1073 ὅτι
1884 989 2065 1072 εἶδεν
2123 992 2256 1093 τὴν
2322 993 2546 1102 δόξαν
2569 1000 2887 1128 ᾗῦωῑῑῑ·

209 1121 244 1157 “
270 1115 459 1195 αὑτοῦ
508 1123 623 1198 καὶ
676 1117 1042 1217 ἐλάλησεν
1085 1120 1247 1219 περὶ
1302 1117 1586 1197 αὐτοῦ.”
1648 1117 1904 1197 οὐκοῦν
1937 1121 2055 1196 καὶ
2091 1121 2151 1196 εἶ
2198 1119 2240 1196 5
2287 1114 2545 1220 Πατὴρ
2640 1104 2654 1117 ’

206 1235 522 1342 δοξάζοιτο
554 1243 641 1322 δι’
671 1242 910 1338 αὐτοῦ,
939 1245 1057 1319 καὶ
1088 1240 1327 1341 ἐπειδὴ
1360 1240 1436 1319 δὲ
1462 1238 1763 1321 τέθειται
1799 1250 1844 1287 “
1868 1238 1987 1320 διὰ
2019 1241 2336 1325 πίστεως
2375 1245 2540 1320 ἱλα-
2572 1244 2721 1373 {¹5:³¹³-
2747 1244 2819 1294 ³⁵³·

208 1368 243 1405 “
269 1361 592 1466 στήριον,”
648 1364 896 1467 γέγονε
952 1363 1031 1443 δὲ
1083 1367 1200 1444 καὶ
1236 1374 1281 1412 “
1308 1369 1453 1444 τῶν
1491 1364 1718 1466 ἁγίων
1772 1361 2234 1467 λειτουργὸς”
2296 1363 2416 1443 διὰ
2463 1364 2549 1445 τὸ
2576 1376 2714 1492 {bb-
2730 1376 2837 1425 ”ffi-

204 1485 620 1589 ἀνθρώπινον,
661 1492 757 1573 ὡς
799 1488 1063 1569 θυσίαν
1097 1487 1580 1587 πνευματικὴν
1614 1487 1750 1589 τὴν
1785 1486 2097 1570 ἑκάστου
2143 1495 2290 1569 τῶν
2325 1489 2552 1591 ἁγίων
2614 1478 2627 1492 ’

124 1642 180 1682 ιο
202 1610 505 1713 ἱερουργεῖ
544 1611 982 1716 προσευχήν·
1055 1608 1134 1692 δι’
1176 1614 1375 1692 αὐτοῦ
1427 1610 1571 1714 γὰρ
1613 1611 1818 1711 ἡμῶν
1863 1613 1933 1692 τὸ
1990 1615 2187 1719 ἀμήν·
2249 1615 2368 1692 καὶ
2423 1614 2551 1692 οὐκ

200 1728 273 1809 ἂν
299 1732 424 1839 ἔξω
458 1744 689 1816 νοοῖτο
724 1745 854 1815 τοῦ
890 1737 1008 1815 καὶ
1042 1741 1610 1841 προσκυνεῖσθαι
1648 1741 1793 1817 δεῖν
1828 1739 1946 1816 καὶ
1981 1735 2552 1843 συνδοξάζεσθαι

196 1860 282 1961 τῷ
322 1858 763 1959 γεγεννηκότι
806 1857 1011 1961 παρά
1059 1893 1144 1960 γε
1192 1859 1397 1957 ἡμῶν
1439 1860 1674 1940 αὐτῶν
1708 1863 1823 1940 καὶ
1873 1863 2003 1959 τῆς
2038 1859 2188 1941 ἅνω
2226 1858 2552 1960 πληθύος

192 1983 317 2057 τῶν
368 1982 585 2084 ἁγίων
659 1981 1105 2081 πνευμάτων.
1203 1984 1345 2090 ἔφη
1426 1983 1514 2063 δέ
1575 2017 1717 2064 που
1786 1983 2175 2068 θεσπέσιος
2252 1988 2553 2067 Παῦλος

196 2110 231 2145 “
250 2099 468 2184 Ὅταν
512 2105 587 2186 δὲ
633 2104 859 2187 πάλιν
913 2103 1269 2211 εἰσαγάγῃ
1322 2102 1452 2186 τὸν
1504 2103 1963 2208 πρωτότοκον
1997 2111 2092 2190 εἰς
2143 2104 2277 2206 τὴν
2323 2111 2552 2187 οἰκου-
2577 2125 2658 2175 Ib-
2684 2126 2720 2176 i·
2737 2127 2787 2177 6·

114 2250 170 2307 Ῑ5
193 2233 229 2270 “
256 2227 475 2327 μένην,
512 2229 710 2331 λέγει
748 2231 893 2309 Καὶ
928 2224 1660 2330 προσκυνησάτωσαν
1703 2229 1897 2336 αὐτῷ
1942 2228 2204 2313 πάντες
2249 2227 2551 2331 ἄγγελοι
2579 2249 2667 2303 86
2697 2246 2794 2305 11.

191 2358 228 2394 ‘⁶
259 2355 497 2431 Θεοῦ·”
574 2354 805 2433 καίτοι
857 2355 995 2433 τίνι
1029 2359 1176 2433 τῶν
1221 2351 1448 2432 ὄντων
1491 2352 1918 2457 ἀσυμφανὲς
1966 2356 2062 2437 ὡς
2106 2351 2264 2433 ἔστι
2305 2357 2548 2433 Μονο-

185 2472 368 2573 γενὴς
414 2476 579 2557 καθ’
645 2474 686 2556 5
736 2474 826 2555 ἂν
880 2482 1113 2556 νοοῖτο
1152 2475 1385 2572 Θεός;
1446 2472 1664 2574 μόνος
1711 2474 1855 2578 γάρ
1909 2477 1989 2555 ἐκ
2038 2474 2261 2575 μόνου
2303 2476 2552 2580 γεγέν-

186 2630 362 2695 νηται
413 2609 541 2681 τοῦ
602 2597 921 2702 Πατρός·
1011 2600 1248 2700 ἐπειδὴ
1304 2598 1381 2679 δὲ
1444 2604 1682 2684 καθεὶς
1736 2600 1988 2681 ἑαυτὸν
2050 2604 2126 2682 έν
2179 2609 2327 2687 τοῖς
2382 2603 2547 2682 καθ’
2575 2612 2830 2727 §iffi-&¹¹¹-

184 2720 341 2819 ἡμᾶς
392 2728 466 2805 ἐν
520 2731 833 2809 πολλοῖς
874 2721 1165 2827 γέγονεν
1208 2727 1569 2829 ἀδελφοῖς,
1606 2722 1768 2805 τότε
1819 2724 2117 2805 τέθειται
2166 2724 2551 2828 πρωτεύων
2576 2750 2682 2800 Cot
2700 2693 2834 2802 i.⁹1⁰8.

100 2868 161 2909 20
179 2846 386 2932 αὐτός·
463 2852 584 2929 καὶ
634 2848 815 2951 πρός
858 2881 943 2950 γε
998 2850 1102 2955 τῷ
1157 2845 1333 2928 εἶναι
1378 2846 1803 2950 Μονογενὴς
1863 2851 1961 2931 ὡς
2015 2847 2222 2945 Θεὸς,
2284 2881 2543 2952 κεχρη-

175 2968 402 3065 μάτικε
444 2976 566 3054 καὶ
623 2968 1079 3076 πρωτότοκος
1129 2969 1245 3052 διὰ
1296 2971 1383 3053 τὸ
1437 2972 1906 3074 ἀνθρώπινον.

389 3187 473 3253 ‘O
528 3188 604 3253 δὲ
665 3187 941 3265 βεβαιῶν
996 3188 1168 3265 ἡμᾶς
1221 3186 1335 3253 σὺν
1389 3183 1536 3265 ὑμῖν
1591 3184 1686 3252 εἰς
1739 3185 2014 3276 Χριστὸν
2067 3190 2284 3254 κ.τ.λ.
2584 3222 2653 3263 21
2689 3223 2814 3285 sqq,

265 3335 559 3428 Βεβαιοῖ
606 3335 794 3437 ἡμεῖς
836 3334 876 3412 5
925 3332 1112 3417 Θεὸς
1167 3336 1281 3413 καὶ
1331 3331 1592 3436 Πατὴρ
1650 3342 1743 3420 εἰς
1799 3332 2095 3441 Χριστὸν,
2155 3332 2378 3437 ὀρθὴν
2433 3336 2551 3414 καὶ

168 3454 681 3538 ἀκατάσειστον
735 3455 1277 3559 ἐνιδρυσάμενος
1335 3458 1586 3537 πίστιν
1639 3465 1793 3543 ταῖς
1859 3456 2198 3538 ἁπάντων
2255 3463 2552 3564 ψυχαῖς,

91 3602 145 3661 ²5
168 3581 438 3680 φρονεῖν
475 3579 882 3662 ἀναπείθων
921 3582 1019 3664 ὡς
1071 3580 1229 3660 ἔστι
1266 3580 1489 3687 φύσει
1524 3615 1601 3660 τε
1658 3584 1776 3661 καὶ
1831 3581 2133 3689 ἀληθείᾳ
2172 3580 2378 3679 Θεὸς,
2418 3580 2552 3661 κᾶν

678 3704 695 3729 D
768 3703 785 3726 fl
858 3709 891 3727 Α
998 3704 1018 3729 C

166 3823 235 3901 ἐκ
277 3826 618 3926 γυναικὸς
657 3827 697 3905 5
737 3825 914 3931 ὑπὲρ
950 3834 1200 3908 πᾶσαν
1236 3828 1501 3908 κτίσιν·
1560 3831 1679 3908 καὶ
1728 3836 1908 3930 γοῦν
1954 3827 2167 3913 αὐτὸς
2205 3828 2247 3907 5
2287 3826 2554 3931 Κύριος

161 3946 345 4044 ἡμῶν
378 3952 674 4052 Ἰησοῦς
708 3952 749 4030 5
788 3949 1113 4053 Χριστὸς
1148 3951 1623 4054 ὁμολογοῦντι
1671 3957 1775 4058 τῷ
1814 3950 2067 4059 Πέτρῳ
2112 3950 2243 4052 τὴν
2278 3952 2551 4051 πίστιν,

160 4072 440 4171 λέγοντί
479 4107 563 4153 τε
618 4079 883 4180 σαφῶς
936 4084 979 4121 “
1009 4071 1115 4153 Σὺ
1163 4071 1230 4155 εἷ
1273 4076 1314 4154 5
1359 4072 1685 4180 Χριστὸς
1727 4076 1768 4154 5
1805 4073 1981 4159 Υἱὸς
2024 4083 2153 4155 τοῦ
2188 4080 2379 4155 Θεοῦ
2422 4085 2550 4157 τοῦ
2578 4090 2631 4139 S·
2649 4088 2842 4138 Matth.

91 4223 135 4274 ιο
157 4203 196 4239 “
229 4194 550 4297 §Euros-§⁹
623 4194 1103 4301 ἀντανεφῶνει
1174 4196 1409 4300 λε’γων
1484 4208 1527 4245 “
1569 4196 1947 4301 Μακάριος
2013 4195 2079 4278 εἷ
2145 4197 2246 4278 σὺ
2306 4198 2551 4298 Σίμων
2577 4153 2788 4281 {lg-¹⁵1?

218 4372 269 4428 5.
303 4358 411 4433 ὅτι]
438 4360 531 4415 ὅτε
558 4378 591 4414 e
615 4378 716 4414 suo
741 4377 1016 4430 perperam
1043 4361 1249 4431 Migue.
1275 4361 1345 4417 cf.
1371 4380 1536 4434 supra
1558 4364 1616 4417 in
1644 4362 1701 4418 S.
1722 4362 1880 4417 Joau.
1906 4376 2010 4434 505
2036 4381 2083 4417 a.
2347 4378 2434 4434 ²3·
2470 4364 2555 4418 καὶ

156 4426 529 4488 ἀκατάσειστον
552 4448 665 4485 om.
698 4431 771 4486 H.
976 4445 1062 4502 25.
1099 4434 1316 4503 φρονεῖν
1337 4432 1624 4488 ἀναπείθων
1648 4443 1986 4503 assumptum
2011 4450 2076 4487 ex
2106 4432 2181 4486 H.
2384 4433 2471 4486 26.
2507 4434 2555 4485 εἷ

157 4514 256 4589 ‘3¹²⁰-
286 4500 358 4556 H.
714 4516 875 4572 27-p.
900 4500 1026 4571 326,
1051 4519 1103 4572 9.
1140 4504 1171 4556 ὁ
1193 4502 1502 4576 ὑπὲρ-ναί]
1528 4507 1683 4560 τοῦτο
1705 4504 1809 4575 γὰρ
1834 4505 2029 4560 σεπτὸν
2050 4501 2336 4572 μυστήριον
2359 4502 2556 4570 καὶτῆς

155 4570 337 4628 aunon·
357 4572 739 4645 μυσταγωγίας
760 4570 907 4641 ἄξιον
934 4570 1009 4626 Η.
