3269 5166
312 385 909 429 musuuuanmmfl

389 559 483 609 tra
501 551 702 609 hostes
715 558 850 627 post
867 549 1142 611 Jordanis
1160 551 1466 611 transitum

391 651 513 708 436
541 667 578 707 a
629 649 986 724 praeparatio
1025 649 1099 708 ad
1141 649 1377 719 Pascha,
1407 656 1467 708 et

315 784 323 793 ·
386 745 718 822 spiritaliter
740 750 857 805 437
881 765 914 804 c
931 764 963 805 e
1001 745 1466 807 circumcisionis

387 843 559 902 cultri
617 844 826 919 lapidei
885 863 1017 903 cum
1084 843 1125 904 J
1129 862 1267 903 osne
1327 862 1463 903 con·

388 940 597 1016 sepulti
631 939 844 1000 Christi
888 950 1133 1002 mortem
1167 941 1461 1000 circumci-

386 1038 564 1097 sionis
595 1038 845 1097 fructum
878 1040 1209 1098 afferentem
1243 1039 1463 1116 sig-nifi-

387 1144 525 1193 cant
555 1140 674 1195 438
703 1155 758 1194 c.

305 1230 697 1300 circumcisio,
721 1232 992 1309 spiritalis
1007 1239 1127 1296 322
1146 1253 1196 1301 e,
1221 1239 1338 1295 323
1356 1233 1464 1302 ab,

389 1335 509 1391 327
530 1330 586 1399 d,
619 1333 738 1391 432
757 1349 807 1397 e,
832 1337 973 1400 433,
999 1336 1118 1391 868
1137 1351 1170 1391 c
1187 1331 1244 1401 d,
1276 1336 1395 1391 870
1413 1351 1462 1403 e,

390 1431 505 1487 871
529 1448 582 1495 a,
611 1431 766 1488 1085
788 1429 827 1488 d
882 1430 1171 1507 quomodo
1197 1438 1466 1506 operatur

389 1529 512 1585 436
534 1544 585 1593 c,
608 1531 727 1586 437
746 1527 785 1584 b
827 1546 946 1585 non
974 1528 1097 1586 sine
1124 1527 1322 1586 dolore
1343 1530 1462 1586 868

390 1624 432 1680 d
486 1641 589 1681 cur
614 1623 880 1683 instituta
905 1629 1018 1685 431
1049 1625 1187 1684 cde
1243 1643 1346 1683 cur
1373 1625 1465 1683 die

389 1730 595 1779 octava
649 1725 769 1781 432
797 1721 963 1791 bcd,
1022 1726 1140 1782 438
1173 1721 1263 1781 cd
1344 1721 1465 1780 dies

390 1826 628 1876 octavae
666 1818 946 1878 libertatis
986 1820 1311 1897 symbolum
1345 1825 1464 1880 433

389 1933 423 1974 c
439 1914 478 1973 d
494 1935 528 1974 e
569 1914 843 1989 Domino,
865 1917 1001 1992 quid
1019 1921 1138 1977 432
1167 1936 1202 1976 a
1242 1917 1466 1976 Perfec-

387 2012 564 2071 tionis
612 2014 831 2072 aditum
874 2015 1298 2092 praesignificat
1345 2019 1463 2076 433

389 2129 426 2168 a
479 2111 852 2170 Per-fectionis
891 2113 1111 2171 aditum
1147 2112 1461 2190 praesigni-

390 2209 526 2268 ficat
548 2213 666 2268 433
688 2229 725 2268 a
771 2208 955 2269 Mosis
982 2210 1086 2268 filii
1110 2229 1215 2288 per
1242 2209 1465 2287 Sepho·

389 2325 534 2377 ram,
551 2307 995 2367 circumcisionis
1012 2308 1278 2385 spiritalis
1293 2316 1466 2385 typus

391 2408 511 2464 434
530 2404 609 2463 de
647 2405 836 2482 lapide
853 2413 1024 2484 typus
1041 2404 1283 2479 christi;
1312 2405 1466 2465 ferro

391 2502 649 2578 supplicii
712 2510 978 2562 naturam
1031 2503 1208 2563 habet
1261 2508 1381 2564 432
1410 2522 1463 2571 e,

393 2604 512 2660 435
535 2601 593 2667 d,
624 2604 745 2661 436
772 2601 831 2660 b.

310 2694 746 2757 circumcisioni
845 2697 1005 2775 prius
1107 2700 1463 2777 praeputium

391 2798 509 2855 891
541 2814 595 2854 e.

309 2888 466 2951 Citat
512 2891 591 2950 D.
619 2891 869 2970 Cyrillus
909 2892 1465 2954 Commentariorum

389 2989 599 3048 horum
631 2991 839 3050 librum
872 2992 1120 3068 primum
1150 2996 1270 3052 485
1292 3012 1329 3051 a
1393 2994 1463 3051 li-

390 3087 557 3146 brum
638 3089 951 3147 secundum
1022 3093 1142 3150 468
1171 3108 1223 3157 c,
1280 3093 1399 3150 469
1425 3090 1465 3148 b

389 3185 767 3262 capitulorum
830 3186 1089 3245 omnium
1142 3187 1464 3264 apologiam

388 3281 469 3342 iii.
495 3287 615 3344 509
653 3291 947 3343 auctorem
973 3284 1034 3343 in
1060 3286 1343 3362 psalmum
1370 3304 1464 3344 oc-

388 3388 586 3439 tavum
615 3381 691 3439 iii.
726 3385 869 3442 386.

308 3475 535 3539 Clamat
554 3475 772 3538 christi
799 3479 1174 3540 Divinitatem
1203 3479 1268 3540 S.
1285 3478 1326 3539 J
1330 3499 1465 3539 oau-

388 3594 492 3634 nes
526 3574 814 3652 Baptista,
843 3578 942 3655 qui
983 3582 1019 3611 ‘⁶
1036 3578 1174 3637 Vox
1212 3578 1461 3637 claman-

388 3672 467 3730 tis
484 3672 519 3697 ’³
550 3676 630 3733 97
658 3674 747 3732 bis
776 3694 811 3733 a
827 3674 884 3733 b.

308 3767 538 3830 Clamat
584 3780 821 3849 propter
867 3791 976 3831 nos
1019 3770 1302 3840 christus,
1350 3773 1464 3832 cla-

388 3886 549 3926 mare
576 3887 694 3927 non
722 3868 926 3928 solitus
955 3874 1072 3929 448
1095 3889 1148 3929 a.

309 3962 539 4025 Clamat
564 3965 834 4026 Christus
861 3967 960 4044 qui
1002 3971 1038 4000 “
1053 3986 1170 4026 non
1198 3966 1466 4025 clamabit

389 4081 498 4121 nec
524 4063 791 4122 audietur
814 4082 933 4122 vox
958 4064 1102 4141 Ejus
1127 4063 1327 4135 foris‚”
1361 4082 1466 4124 cur

392 4163 514 4221 689
537 4178 589 4228 e,
621 4164 742 4221 690
764 4180 816 4220 a.

307 4256 642 4318 claudicare
688 4258 900 4326 animo,
945 4260 1180 4320 morbus
1221 4278 1466 4338 magnus

391 4357 513 4413 688
541 4374 593 4414 a.

309 4458 346 4486 ‘⁸
374 4450 539 4510 Coeli
593 4471 837 4530 regnum
859 4455 896 4481 ”
966 4454 1217 4534 Spiritus
1271 4456 1465 4517 sancti

393 4548 550 4609 datio
581 4554 698 4611 474
720 4569 772 4611 e.

1139 365 1466 430 INDEX
1549 370 1918 430 RERUM.

2605 376 2717 433 621

1570 551 1811 611 Coelum
1852 552 1963 626 αἱς
2012 550 2230 610 ducunt
2269 551 2378 611 tria
2417 551 2577 620 haec,
2606 553 2722 611 vir·

1649 651 1791 710 tutis
1886 650 2239 719 exercitatio,
2333 650 2496 719 fides,
2592 668 2725 729 spes

1654 752 1772 807 768
1801 767 1855 807 a.

1570 843 1851 905 Coelestis
1891 854 1952 906 et
1988 846 2202 906 terreni
2242 845 2542 924 imagines,
2578 865 2724 924 quae

1653 947 1766 1003 821
1801 944 1860 1004 b.

1565 1039 1868 1118 cognatus
1908 1041 2074 1100 nobis
2106 1042 2369 1101 omuibus
2395 1060 2499 1118 per
2524 1042 2721 1101 Incar-

1648 1138 1939 1197 nationem
1967 1139 2252 1206 Christus,
2284 1139 2452 1198 bouis
2492 1138 2566 1197 ad
2605 1140 2720 1197 uti-

1647 1236 1888 1305 litatem,
1914 1236 2080 1294 malis
2105 1255 2243 1294 vero
2269 1253 2385 1294 non
2415 1239 2535 1294 654
2565 1237 2721 1310 abc,

1651 1335 1770 1391 665
1799 1351 1832 1390 c
1848 1332 1907 1391 d.

1569 1427 1857 1506 Cognatio
1912 1446 2080 1506 saepe
2136 1447 2361 1487 morum
2408 1429 2722 1489 similitudo

1654 1531 1772 1586 544
1794 1526 1850 1594 b,
1881 1529 2021 1595 545.
2053 1529 2172 1585 897
2197 1527 2254 1586 b.

1568 1623 1816 1702 cognati
1839 1623 1966 1693 Dei,
1995 1643 2113 1682 non
2142 1624 2295 1692 mali,
2326 1623 2428 1682 sed
2455 1623 2721 1693 modesti,

1647 1721 1837 1793 miteS,
1866 1722 1965 1799 pii,
1995 1722 2105 1781 Dei
2133 1730 2389 1781 amantes
2420 1726 2539 1782 570
2560 1721 2667 1781 cd.

1568 1822 1602 1853 “
1630 1817 2049 1896 Cognoscimus
2075 1839 2150 1880 ex
2175 1820 2399 1896 parte‚”
2439 1819 2543 1878 sed
2569 1828 2724 1879 certe

1650 1920 1771 1976 925
1803 1916 1864 1976 d.

1568 2012 2125 2073 commentariorum
2211 2032 2445 2072 suorum
2530 2022 2724 2091 partes

1647 2111 2106 2187 navigationibus
2133 2111 2358 2169 confert
2378 2110 2454 2170 D.
2476 2112 2724 2189 cyrillus

1651 2210 1769 2267 247
1826 2207 1966 2267 citat
2004 2208 2213 2266 librum
2254 2207 2500 2284 primum
2539 2213 2657 2268 485
2688 2229 2725 2269 a

1649 2305 1789 2364 citat
1854 2306 2064 2365 librum
2132 2305 2447 2364 secundum
2509 2308 2629 2365 468
2671 2325 2721 2379 c,

1585 2420 1592 2427 ·
1651 2406 1770 2463 469
1798 2404 1859 2463 b.

1566 2499 2043 2561 communionem
2082 2501 2176 2561 vel
2216 2502 2545 2561 societatem
2591 2520 2722 2560 cum

1649 2599 1775 2659 Deo
1822 2601 2112 2677 quomodo
2158 2600 2473 2661 habeamus
2517 2604 2634 2662 799
2663 2600 2721 2669 d,

1652 2700 1771 2758 800
1802 2698 1912 2756 ab.

1568 2793 1990 2871 Comparantur
2023 2794 2248 2866 similia,
2277 2795 2573 2855 dissimilia
2606 2815 2724 2854 non

1648 2892 1729 2951 iii.
1762 2894 1900 2952 372.

1571 2998 1608 3023 “
1631 2988 2140 3066 concorporales”
2181 2988 2360 3066 (Eph.
2388 2989 2464 3046 iii.
2494 2991 2558 3063 6)
2590 3008 2724 3048 cum

1648 3086 1881 3147 Christo
1919 3106 2024 3163 per
2060 3086 2526 3144 Benedictionem
2562 3106 2721 3162 mys·

1646 3184 1821 3244 ticam
1865 3185 1928 3259 (i.
1947 3203 1996 3243 e.
2040 3183 2484 3257 Eucharistiam)
2526 3203 2723 3243 sumus

1648 3285 1768 3341 862
1798 3300 1852 3353 e,
1903 3284 2023 3341 953
2054 3281 2111 3347 d,
2160 3281 2233 3340 cf.
2268 3285 2386 3341 972
2415 3300 2469 3349 c,
2512 3283 2631 3342 998
2662 3281 2722 3352 d,

1650 3383 1790 3446 999,
1819 3377 1886 3438 Μ
1915 3382 1992 3439 67
2027 3376 2108 3457 [p.
2137 3376 2310 3457 290}

1565 3476 1954 3538 conferuntur
1980 3475 2200 3554 gratiae
2227 3474 2445 3535 christi
2471 3484 2532 3536 et
2546 3477 2723 3556 Legis

1654 3579 1790 3643 102,
1826 3578 1941 3634 153
1972 3575 2130 3641 cde,
2165 3576 2280 3633 154
2310 3574 2400 3632 ab
2446 3575 2726 3651 sapientia

1648 3672 1866 3734 Christi
1893 3680 1956 3732 et
1980 3672 2164 3731 Mosis
2193 3675 2307 3731 411
2339 3673 2446 3732 bc.

1566 3781 1604 3806 “
1632 3771 1927 3832 confirma
1952 3771 2064 3830 hoc
2082 3771 2243 3830 Deus
2272 3771 2426 3847 quod
2452 3780 2724 3848 operatus

1647 3889 1712 3929 es
1755 3871 1819 3928 in
1867 3868 2089 3928 nobis”
2132 3868 2205 3927 de
2244 3887 2483 3945 corpore
2522 3879 2725 3929 nostro

1646 3967 1986 4044 intelligitur
2018 3970 2133 4027 198
2161 3984 2216 4025 a.

1566 4063 1934 4125 Conscientia
2012 4064 2086 4122 ad
2168 4063 2501 4122 terrendum
2577 4065 2724 4123 acris

1654 4165 1808 4222 1011
1842 4162 1901 4221 d.

1566 4260 1892 4321 conservos
1937 4277 2047 4317 nos
2090 4266 2348 4317 mutuam
2392 4257 2724 4318 servitutem

1648 4357 1983 4417 erubescere
2010 4375 2127 4415 non
2154 4363 2382 4434 oportet
2411 4358 2530 4414 728
2560 4354 2616 4414 b.

1569 4453 2088 4516 Consubstantialis
2148 4461 2411 4513 creatura
2461 4469 2578 4510 non
2633 4458 2725 4510 est

1655 4551 1850 4622 Filius,
1892 4551 2002 4610 nisi
2046 4559 2107 4610 et
2153 4557 2411 4610 creatura
2455 4548 2725 4626 splendor
