3269 5166
626 329 750 393 162
1228 326 1309 390 B.
1356 322 1776 390 CYRILLI
1838 321 2420 388 ALEXANDR.
2673 319 2806 385 xxi.
2832 337 3022 402 7-14.

624 492 865 599 ἔξεστι
921 497 1123 588 νοεῖν,
1174 488 1257 569 τὸ
1299 487 1400 588 μὴ
1441 484 1837 569 ἀτελεστον
1883 487 2185 567 ἔσεσθαι
2234 493 2381 568 τῶν
2424 485 2653 589 ἁγίων
2689 479 3013 564 ἀποστό-

625 626 780 695 λων
815 612 943 694 τὸν
977 611 1226 696 πόνον.
1304 612 1783 716 παρέστησαν
1826 611 1972 713 γὰρ
2016 616 2120 718 τῷ
2164 616 2526 714 θηρᾶσθαι
2580 603 3024 711 διατεταχότι

627 745 773 817 τῶν
820 737 1345 839 τεθηρευμένων
1393 737 1521 816 τὸν
1576 735 1825 842 ὄχλον,
1876 769 1954 818 ος
2003 769 2118 814 και
2166 737 2241 814 ἐν
2298 740 2544 840 ἶχθῦσι
2598 729 3026 831 σημαίνεται

557 875 602 942 b
630 859 757 940 τὸν
813 858 1118 965 ἀριθμὸν
1152 860 1337 964 ρνγ’·
1427 867 1555 940 τοῦ
1611 858 1744 958 μὲν
1798 856 2071 955 ἑκατὸν,
2106 854 2203 941 ὥς
2238 892 2324 960 γε
2368 891 2493 956 μοι
2531 856 2861 963 φαίνεται
2909 854 3025 932 καὶ

629 987 825 1063 δοκεῖ
876 990 1116 1068 καλῶς
1176 984 1382 1089 ἔχειν,
1440 981 1534 1082 τὸ,
1579 979 1946 1084 πλήρωμα
2009 987 2155 1062 τῶν
2218 984 2443 1062 ἐθνῶν
2508 977 3015 1079 σημαίνοντος·
3051 998 3090 1059 5

627 1107 1130 1210 πληρέστατος
1167 1106 1309 1211 γὰρ
1348 1108 1388 1186 ὁ
1422 1103 1676 1187 ἑκατὸν
1711 1103 2011 1209 ἀριθμὸς
2049 1107 2127 1183 ἐκ
2165 1104 2480 1185 δεκάδων
2516 1103 2686 1182 δέκα
2721 1098 3020 1202 συγκεί-

577 1264 861 1334 μενος,
898 1230 1259 1334 τοιγάρτοι
1315 1233 1431 1311 καὶ
1474 1228 1688 1312 αὐτὸς
1744 1231 1785 1308 ὃ
1844 1227 2108 1331 Κύριος
2160 1228 2361 1328 ἡμῶν
2396 1224 2683 1328 Ἰησοὺς
2739 1225 2781 1304 ὁ
2831 1227 3020 1324 Χρι·

293 1360 539 1478 {5⁸3}-
634 1388 831 1450 στος,
867 1354 1042 1435 ποτὲ
1098 1354 1227 1451 μὲν
1262 1351 1513 1434 ἑκατὸν
1550 1349 1732 1433 εἷναί
1780 1360 1970 1456 φησι
2019 1351 2113 1433 τὰ
2147 1350 2562 1457 ὑπάρχοντα
2606 1351 2799 1455 αὐτῷ
2846 1343 3029 1448 πρό-

634 1485 849 1574 βατα,
891 1513 976 1557 το
1025 1480 1310 1561 τελείως
1360 1477 1542 1582 ἔχειν
1575 1479 1653 1556 ἐν
1690 1479 1971 1584 ἀριθμῷ
2027 1473 2118 1555 τὰ
2172 1473 2436 1578 λογικὰ
2491 1473 2854 1571 κτίσματα
2910 1468 3030 1548 δια

294 1602 375 1720 ξ.)-
397 1604 503 1655 xiii.
633 1601 889 1681 τούτου
943 1603 1205 1700 δηλῶν,
1243 1600 1417 1681 ποτὲ
1475 1599 1549 1679 δὲ
1594 1604 1735 1702 γῆν
1777 1598 1910 1699 τὴν
1947 1599 2254 1704 ἀρίστην
2306 1596 2375 1701 ρ’
2436 1593 3030 1701 καρποφορήσειν
3062 1625 3128 1668 ιο

573 1757 610 1800 ο
635 1725 1157 1830 διισχυρίσατο,
1193 1759 1277 1804 το
1315 1723 1591 1804 τέλειον
1625 1730 1723 1808 εἰς
1761 1724 2335 1829 εὖκαρποφοριαν
2370 1725 2498 1822 τῆς
2532 1722 2741 1805 ὁσίας
2778 1721 3127 1824 ψυχῆς

633 1845 751 1928 διὰ
794 1846 1050 1927 τούτου
1097 1849 1496 1948 σημαίνων·
1573 1856 1704 1928 τοῦ
1759 1847 1843 1926 δέ
1889 1882 1972 1949 γε
2021 1844 2466 1946 πεντήκοντα
2513 1842 3039 1949 παρατιθέντος

631 1976 728 2056 εἰς
784 1968 1035 2071 νόησιν
1090 1975 1296 2052 οἱονεὶ
1350 1969 1435 2052 τὸ
1492 1974 1644 2051 κατ’
1704 1970 2013 2074 ἐκλογὴν
2072 1976 2340 2068 λεῖμμα
2395 1968 2684 2074 χάριτος
2735 1974 2888 2047 τῶν
2949 1966 3040 2074 ἐξ

630 2093 960 2197 Ἰσραὴλ,
1038 2097 1114 2175 ἐν
1177 2095 1421 2195 ἡμίσει
1490 2094 1636 2198 γὰρ
1695 2102 1842 2175 τῶν
1904 2093 2159 2174 ἑκατὸν
2224 2095 2316 2174 τὰ
2379 2090 2846 2192 πεντήκοντα,
2914 2094 3033 2170 καὶ

633 2217 952 2299 λείπεται
997 2227 1124 2298 τοῦ
1167 2220 1442 2299 τελείου
1484 2216 1667 2321 πρὸς
1717 2217 2040 2323 ἀριθμόν·
2114 2225 2258 2299 τῶν
2295 2217 2381 2298 δέ
2409 2252 2493 2320 γε
2527 2223 2744 2319 τριῶν
2778 2221 3024 2294 εἰσκο·
3062 2245 3127 2304 15

633 2339 849 2444 μίζειν
886 2342 1293 2441 δυναμένων
1329 2347 1457 2442 τῆς
1494 2345 1701 2446 ἁγίας
1745 2377 1820 2422 τε
1871 2344 1986 2422 καὶ
2024 2343 2411 2441 ὁμοουσιόυ
2446 2339 2762 2444 Τριάδος
2813 2342 2915 2422 ὡς
2959 2341 3035 2418 ἐν

635 2467 915 2572 ἀριθμῷ
950 2463 1147 2573 μόνῳ
1201 2464 1333 2565 τὴν
1388 2464 1734 2566 δήλωσιν,
1798 2466 1880 2567 ἧς
1939 2470 2038 2550 εἷς
2093 2465 2315 2572 δόξαν
2373 2467 2488 2545 καὶ
2527 2460 3038 2561 ἀκατάληκτον

637 2590 1010 2698 εὐφημίαν,
1064 2589 1110 2689 ἡ
1175 2596 1321 2670 τῶν
1383 2590 1500 2671 διὰ
1563 2590 1878 2676 πίστεως
1952 2588 2477 2693 τεθηρευμένων
2537 2586 3037 2742 ἀναγράφει-αι

568 2722 614 2787 d
638 2710 778 2816 ζωὴ
815 2715 931 2792 καὶ
969 2721 1223 2794 νοεῖται
1280 2712 1864 2817 συνεζευγμενως.
1939 2714 2124 2798 Θεὸς
2158 2712 2301 2864 γὰρ
2338 2716 2414 2793 ἐν
2451 2712 2646 2796 ολοις
2680 2714 2842 2791 ἐστι
2885 2719 3039 2796 τοῖς

634 2835 1101 2918 πιστεύουσιν
1138 2836 1351 2940 ε’γγὺς
1388 2838 1593 2944 ἔχων,
1630 2836 1816 2916 κατά
1859 2871 1943 2939 γε
1977 2835 2106 2917 τὸν
2143 2840 2219 2916 ἐν
2256 2837 2597 2943 ἁγιασμῷ
2648 2834 3037 2933 νοούμενον
3067 2871 3137 2914 ιο

632 2960 923 3065 τρόπον,
950 2997 1114 3046 τους
1151 2970 1298 3046 τοῖς
1335 2965 1823 3064 εὖαγγελικοῖς
1861 2962 2511 3059 ἀναπεπεισμένους
2547 2992 3033 3062 κηρυγμασιν.

631 3086 868 3187 ἐπειδη
926 3086 1000 3168 δε
1061 3122 1177 3167 και
1240 3084 1679 3185 ἄνειλκυσθη
1739 3122 1810 3168 το
1876 3081 2149 3182 δίκτυον,
2208 3085 2350 3191 ἔφη
2410 3083 2636 3165 παλιν
2678 3084 2719 3161 ὃ
2760 3082 3037 3185 Κυριος

634 3207 835 3308 ἡμῶν
888 3218 1037 3294 τοῖς
1092 3210 1321 3311 ἁγίοις
1365 3214 1716 3309 μαθηταῖς
1753 3212 1958 3290 Δεῧτε
2003 3212 2427 3317 ἀριστήσατε,
2463 3209 2581 3287 καὶ
2619 3205 2738 3286 διὰ
2776 3206 3040 3287 τούτου

639 3331 715 3413 δὲ
753 3331 1085 3432 δηλονότι
1124 3334 1508 3431 δικοίσκων,
1547 3331 1658 3412 ὅτι
1700 3331 1881 3432 μετὰ
1923 3331 2186 3416 πόνους
2222 3336 2339 3412 καὶ
2379 3337 2678 3435 ἱδρῶτας
2712 3329 2884 3414 τοὺς
2919 3332 3043 3410 ἐπὶ

305 3469 552 3588 (13,ξοΕῶ
639 3462 786 3537 τοῖς
840 3456 1291 3554 κεκλημένοις
1346 3492 1423 3537 τε
1477 3458 1596 3537 καὶ
1651 3456 2304 3554 ἀνασεσωσμένας,
2353 3452 3032 3554 συνανακλιθῆσον-
3074 3484 3147 3545 ²5

310 3613 390 3667 ²9·
418 3573 432 3587 ⁶
641 3610 761 3657 ται
815 3575 1039 3656 πάλιν
1094 3578 1303 3686 αὐτῷ,
1343 3577 1525 3660 κατὰ
1571 3581 1705 3678 τὴν
1759 3581 1979 3659 αὐτοῦ
2031 3587 2161 3660 τοῦ
2217 3584 2553 3683 Σωτῆρος
2594 3574 2867 3684 φωνὴν,
2922 3613 3045 3657 και

643 3698 1067 3780 συνέσονται
1134 3700 1249 3781 διὰ
1310 3702 1599 3798 παντὸς,
1656 3702 2175 3805 παρακειμένης
2234 3704 2471 3787 αὐτοῖς
2529 3706 2656 3803 τῆς
2725 3702 3045 3805 ἀῤῥὴτου

585 3856 622 3901 e
643 3827 940 3930 τρυφῆς,
976 3830 1447 3925 πνευματικῆς
1502 3829 1731 3926 δῆλον
1769 3826 1878 3906 ὅτι
1935 3827 2126 3910 θείας
2182 3861 2259 3906 τε
2308 3831 2425 3907 καὶ
2483 3824 2657 3927 ὑπὲρ
2704 3833 2875 3904 νοῦν
2912 3824 3045 3904 τὸν

646 3947 1004 4053 ἡμέτερον.
1083 3947 1305 4047 μόνον
1368 3949 1443 4029 δὲ
1508 3951 1666 4055 οὐχὶ
1733 3956 2235 4049 κατασημᾶναι
2303 3949 2644 4044 βούλεται
2711 3946 3047 4052 Χριστὸς

309 4075 396 4128 ¹²⁸·
443 4139 493 4193 n·
509 4152 555 4194 ι
643 4070 727 4151 τὸ
762 4075 839 4205 ἐν
872 4078 1201 4181 ψαλμοῖς
1245 4073 1604 4176 εἰρημένον
1640 4072 1750 4153 ὅτι
1783 4085 1828 4121 “
1859 4071 2051 4159 Τοὺς
2086 4070 2401 4174 καρποὺς
2438 4078 2580 4153 τῶν
2614 4071 2862 4152 πόνων
2900 4106 3048 4154 σου
3080 4102 3161 4161 3ο

722 4287 803 4327 Ιο.
841 4273 1250 4363 καρποφορῆσας
1274 4276 1340 4330 Ε.
1582 4291 1666 4330 12.
1700 4276 2013 4346 πεντῆκοντα
2073 4282 2132 4342 -l-
2160 4277 2387 4331 τάλαντα
2411 4275 2477 4331 Ε.
2731 4291 2816 4346 13.
2854 4278 2915 4329 ολ

644 4345 835 4411 λεῖμμα
857 4365 1069 4415 χαριτος
1091 4362 1199 4400 om.
1227 4346 1422 4415 (spatio
1453 4362 1515 4400 η
1538 4345 1651 4400 fere
1674 4347 1778 4401 litt.
1805 4348 2007 4416 relicto)
2286 4362 2371 4401 22.
2409 4347 2494 4401 καὶ
2517 4356 2862 4417 assumptum
2884 4364 2951 4401 ex

645 4429 733 4502 23.
770 4416 930 4468 Δεῦτε
952 4414 1272 4485 ἀριστήσατε
1295 4433 1403 4469 om.
1431 4416 1626 4485 (spatio
1659 4433 1722 4488 19
1746 4417 1856 4472 fere
1878 4418 1981 4471 litt.
2006 4418 2214 4487 relicto)
2242 4416 2306 4471 E.
2600 4432 2697 4484 25.
2734 4418 3055 4472 ono-mh·

643 4484 860 4573 θησσται
887 4483 951 4539 Ε.
1213 4484 1300 4541 26.
1335 4485 1429 4555 τὴν
1449 4488 1585 4558 αὐτῷ
1615 4486 1680 4541 E.
1955 4501 2040 4559 27.
2076 4486 2469 4558 παρακειμένοις
2492 4485 2559 4542 Ε.
2831 4488 2922 4543 28.
2955 4488 3057 4543 τὰ·

643 4550 764 4610 καθ
789 4552 1055 4626 ἔκρανε
1321 4571 1411 4626 30
1444 4577 1533 4628 γρ
1556 4557 1838 4631 ψαλτηρίφ
1864 4557 1987 4629 (eie)
1966 4557 2190 4630 >Faus
