3269 5166
232 362 292 405 v.
317 360 357 428 3
388 363 519 428 sqq.
608 342 718 407 IN
766 343 901 408 ΕΡ.
944 341 1041 410 11.
1092 343 1221 409 AD
1274 342 1864 443 CORINTHIOS.
1935 342 2285 411 12113.111·.
2497 343 2622 407 351
2679 443 2704 510 t
2816 442 2943 509 Μ]

2728 454 2789 510 97
2879 480 2892 493 ·

235 504 421 613 ᾆόἧς,
474 507 601 587 οὐκ
656 505 1192 613 ἀφανιζόμενον,
1247 507 1408 588 οὐδὲ
1472 515 1754 613 χωροῦν
1813 514 1910 594 εἷς
1966 507 2053 589 τὸ
2109 507 2211 609 μὴ
2279 505 2627 611 ὑπάρχειν

234 627 439 726 ὅλως,
494 632 1248 737 μεταστοιχειούμενον
1317 630 1393 712 δὲ
1450 637 1744 732 μᾶλλον
1802 638 1900 716 εἶς
1960 631 2409 739 ἀφθαρσίαν·
2487 665 2619 712 πε·

232 752 515 854 ποίηται
566 753 711 857 γὰρ
767 757 953 835 οὕτω
1007 758 1125 836 καὶ
1180 757 1256 835 ἐν
1310 758 1588 861 ἀρχαῖς.
1677 753 2079 860 γέγραπται
2132 754 2276 859 γὰρ
2336 753 2447 835 ὅτι
2511 759 2628 834 καὶ

236 877 491 971 ἔλαβεν
528 880 569 958 5
608 878 796 963 Θεὸς
829 886 1008 985 χοῦν
1045 878 1191 960 ἀπὸ
1226 883 1355 979 τῆς
1404 882 1540 981 γῆς
1576 880 1697 959 καὶ
1732 879 2013 960 ἔπλασε
2050 878 2178 961 τὸν
2215 878 2618 982 ἄνθρωπον.
2654 905 2782 957 Gen.
2809 904 2862 958 ii.
2889 916 2933 970 7·

177 1021 210 1083 5
235 1000 340 1082 ’ἵνα
371 1002 447 1083 δὲ
481 1000 568 1083 τὸ
618 1004 945 1110 φθαρτὸν
981 1007 1109 1084 ὀπὶ
1156 1002 1269 1098 τῆς
1314 1002 1481 1113 ζωῆς
1531 1005 2025 1104 καταπίνηται,
2064 1005 2354 1108 φθαρτὴ
2399 1001 2543 1105 γὰρ
2578 1003 2625 1102 ἡ

234 1126 432 1234 σὰρξ
483 1126 670 1207 κατὰ
728 1126 979 1230 φύσιν,
1044 1137 1086 1176 “
1114 1126 1565 1233 ἐνεφύσησεν
1629 1133 1729 1212 εἷς
1792 1125 1878 1208 τὸ
1940 1125 2342 1232 πρόσωπον
2406 1128 2624 1206 αὐτοῦ
2652 1149 2732 1199 lb.

236 1259 277 1297 “
307 1247 538 1350 πνοὴν
583 1249 784 1353 ζωῆς,
831 1254 948 1331 καὶ
1002 1249 1274 1353 ἐγένετο
1324 1253 1365 1330 5
1421 1248 1800 1353 ἅνθρωπος
1855 1256 1952 1335 εἶς
2007 1249 2260 1358 ψυχὴν
2316 1248 2622 1352 ζῶσαν.”

235 1374 398 1453 ἀλλ’
435 1374 864 1476 εἶσκέκριται
919 1371 1192 1481 μεταξὺ
1247 1373 1366 1454 διὰ
1418 1378 1548 1474 τῆς
1591 1376 1946 1477 ἁμαρτίας
1980 1376 2021 1454 5
2058 1373 2391 1458 θάνατος·
2454 1370 2623 1469 εἶτα,

236 1497 411 1576 καθά
462 1506 701 1603 φησιν
753 1500 967 1584 αὐτὸς
1015 1501 1057 1578 5
1100 1500 1488 1584 θεσπέσιος
1538 1505 1856 1595 Παῦλος,
1898 1497 2282 1598 εὐδόκησεν
2337 1499 2378 1577 5
2438 1494 2626 1580 Θεὸς

143 1656 211 1698 1ο
235 1624 345 1701 καὶ
380 1621 640 1726 Πατὴρ
677 1633 722 1669 “
749 1623 1540 1729 ἀνακεφαλαιώσασθαι
1587 1622 1681 1703 τὰ
1715 1623 1952 1704 πάντα
1988 1625 2065 1703 ἐν
2100 1625 2205 1729 τῷ
2241 1619 2618 1730 Χριστῷ·”
2651 1643 2782 1709 Eph-
2807 1642 2841 1694 ἰ.
2872 1657 2947 1695 ιο.

233 1747 523 1853 ἀφίκετο
575 1746 722 1850 γὰρ
775 1750 1256 1828 ἀνακαινίσων
1309 1748 1496 1847 ἡμᾶς
1554 1746 1674 1827 διὰ
1730 1755 1860 1828 τοῦ
1917 1746 2341 1847 Πνεύματος
2393 1751 2490 1830 εὶς
2538 1741 2624 1825 r&

228 1872 347 1952 ἀπ’
383 1875 639 1977 ἀρχῆς’
716 1874 833 1951 καὶ
888 1871 1100 1955 αὐτός
1154 1875 1356 1952 ἐστιν
1393 1874 1434 1951 5
1469 1869 1653 1975 πρὸς
1706 1875 1889 1953 τοῦτο
1937 1875 2123 1978 ἡμεῖς
2182 1868 2624 1976 κατεργασοί-
2649 1913 2755 1947 ver.
2782 1908 2831 1961 5·

230 2032 411 2102 μενος
466 1999 567 2080 ὦς
632 1995 806 2081 Θεὶς
861 2001 978 2077 καὶ
1033 1990 1181 2082 ἀοῦς
1239 1999 1386 2100 ἡμῖν
1455 1998 1557 2076 τὶν
1617 1995 1980 2105 οὶρῥοιβὸνα.
2045 1997 2154 2075 τοῧ
2204 1993 2618 2101 Πνεῦμοιτος.

230 2120 475 2201 οὐκοῦν
511 2119 844 2225 ἐνέχυρον
877 2109 1131 2221 ὥσπερ
1166 2118 1506 2226 ἀσφαλὲς
1539 2123 1670 2219 τῆς
1713 2122 1790 2199 ἐν
1833 2118 2157 2222 ὑστέροις
2200 2125 2331 2199 τοῦ
2374 2124 2626 2203 αὶῶνος

142 2267 206 2327 15
231 2253 485 2348 καιροῖς
535 2244 1025 2344 δοθησομένης
1069 2243 1238 2342 ἡμῖν
1271 2243 1711 2348 ἀφθαρσίας,
1747 2240 1832 2323 τὸ
1871 2242 2216 2348 ζωοποιὸν
2253 2244 2629 2324 ἐντέθειται

234 2356 553 2468 Πνεῦμα
570 2365 771 2472 παρὰ
807 2372 1163 2469 Χριστοῦ·
1245 2402 1396 2448 νυνι
1445 2365 1576 2463 μὲν
1620 2368 1798 2453 τέως
1845 2370 1943 2453 ὡς
1991 2369 2068 2447 ἐν
2101 2371 2416 2473 ἀπαρχῇ,
2449 2367 2629 2467 μετὰ

231 2490 312 2572 δέ
353 2527 436 2598 γε
501 2492 642 2593 τὴν
700 2493 778 2571 ἐκ
841 2497 1108 2596 νεκρῶν
1173 2489 1577 2580 ἀναβίωσιν
1632 2494 1730 2576 ὦς
1786 2492 1863 2570 ἐν
1890 2491 2302 2601 ὁλοκλήρῳ
2357 2489 2619 2600 με’τρω-

226 2615 378 2697 τότε
427 2618 516 2718 δὴ
566 2614 731 2697 τότε
791 2615 1329 2719 κατηργημένης
1389 2613 1702 2697 εἶσάπαν
1761 2619 1887 2716 τῆς
1952 2622 2263 2722 φθορᾶς,
2334 2616 2619 2724 ἐξελευ-

228 2741 522 2841 σόμεθα,
585 2738 775 2821 καθά
839 2747 1072 2846 φησιν
1133 2742 1175 2819 5
1238 2738 1647 2892 προφήτης,
1722 2741 1839 2821 καὶ
1901 2740 2393 2843 σκιρτήσομεν
2449 2750 2491 2789 “
2531 2743 2628 2824 ὡς
2651 2763 2780 2814 Μαι.
2801 2762 2871 2814 iv.
2893 2778 2944 2815 ο.

139 2883 208 2926 ²0
226 2874 267 2911 “
299 2864 672 2972 μοσχάρια
706 2868 785 2945 ἐκ
833 2865 1203 2962 δεσμῶν’
1160 2863 1547 2963 ανειμε’να,”
1599 2898 1717 2944 και
1757 2864 1844 2965 δὴ
1882 2898 1999 2944 και
2033 2867 2329 2967 ἐροῦμεν
2362 2866 2622 2945 ἐπιτω-

225 2988 547 3092 θάζὸντες
589 2995 682 3094 τῇ
690 2993 962 3140 ’,φθορᾷ
999 2999 1042 3036 “
1080 2987 1315 3069 Ποῦ
1276 3023 1319 3088 η
1358 2988 1518 3089 δι’κη
1544 3022 1688 3068 σου
1718 2987 2001 3085 θάνατε,
2021 2995 2165 3068 ποῦ
2200 2986 2286 3067 τὸ
2330 3021 2625 3088 κεντρον
2649 3001 2777 3052 Hos.
2795 3000 2905 3053 xxii.

226 3122 439 3194 “o-ov
489 3110 732 3222 ᾅδη·”
663 3172 686 3210 ,
788 3111 1286 3195 πεπαύσονται
1333 3110 1479 3214 γὰρ
1515 3113 1828 3216 ἁμαρτία
1875 3114 1991 3191 καὶ
2028 3108 2357 3208 θάνατος,
2396 3117 2620 3205 βασι·
2653 3080 2730 3132 4’

224 3238 463 3318 λεύσει
499 3235 580 3318 δὲ
616 3271 762 3317 των
796 3238 1021 3339 ἁγίων
1054 3239 1130 3316 ἐν
1165 3236 1546 3343 ἀφθαρσιᾳ
1568 3233 1917 3340 Χριστός.
1976 3239 2095 3316 καὶ
2124 3234 2237 3315 ἵνα
2274 3234 2359 3314 τὸ
2388 3239 2627 3340 φθαρ-

222 3359 344 3442 τὸν
393 3363 433 3442 ὅ
488 3365 694 3442 ἐστιν
730 3362 776 3461 ἡ
820 3359 1111 3465 φθαρτὴ
1153 3360 1355 3467 σὰρξ
1405 3358 1590 3440 κατὰ
1638 3361 1888 3466 φύσιν,
1929 3356 2284 3448 uranon
2336 3357 2464 3439 ὑπο
2509 3394 2626 3452 της

134 3497 201 3558 ²5
224 3484 410 3594 ζωης,
463 3497 509 3534 “
537 3485 991 3590 ε’νεφυσησεν
1040 3485 1081 3563 5
1130 3483 1316 3567 Θεὸς
1372 3490 1468 3569 εἷς
1523 3481 1608 3563 τὸ
1663 3482 2066 3586 πρόσωπον
2121 3485 2341 3563 αὑτοῦ
2393 3480 2626 3583 πνοὴν
2648 3514 2777 3566 Gen.
2804 3515 2856 3566 ii.
2883 3525 2931 3582 7.

222 3618 266 3656 ‘⁴
297 3609 475 3712 ζωῆς
513 3612 634 3689 καὶ
668 3607 942 3709 ἐγένετο
977 3607 1018 3686 5
1055 3605 1430 3710 ἅνθρωπος
1466 3612 1563 3692 εἷς
1602 3606 1855 3713 ψυχὴν
1892 3607 2206 3710 ζῶσαν.”

221 3810 560 3867 coutr.Add.
587 3810 777 3867 Ju1.c.
803 3826 874 3882 30
905 3809 962 3865 in
1000 3809 1149 3865 Μιιι.
1190 3808 1326 3865 Brit.
1365 3808 1503 3865 Cod.
1527 3809 1673 3865 Add.
1704 3810 1895 3893 12158,
1920 3809 2013 3865 fol.
2044 3827 2222 3881 119v,
2256 3818 2308 3865 et
2342 3811 2398 3866 in
2425 3809 2624 3867 Codice
2717 3815 2726 3822 '

224 3879 482 3938 Vaticano
510 3882 662 3936 Maio
692 3883 802 3946 cit„
839 3898 1052 3936 necnon
1093 3881 1335 3935 collectio
1375 3882 1752 3936 auctoritatum
1788 3882 1842 3935 iu
1882 3879 2175 3936 codicibus
2215 3881 2446 3952 Syriacis
2485 3882 2623 3938 Brit.

223 3951 367 4008 Μιιι.
403 3952 554 4008 Add.
589 3968 778 4023 14532,
806 3952 911 4077 1fol.
1034 3969 1086 4020 v,
1130 3965 1319 4022 14533,
1356 3951 1514 4007 fola·
1482 3967 1571 4022 53.
1609 3952 1807 4006 nostrie
1840 3950 2118 4007 codicibus
2158 3961 2370 4007 tomum
2404 3953 2624 4007 tertium

221 4022 437 4077 citantib
437 4041 527 4078 ιιι.
889 3967 1147 4078 oua—62
1012 4021 1220 4078 -ὅλως
1241 4032 1519 4093 assumpta
1540 4039 1606 4076 ex
1637 4021 1712 4078 H.
1740 4022 1863 4078 Sev.
1892 4021 2030 4077 Con.
2283 4037 2335 4094 7.
2376 4022 2482 4077 Hic
2509 4022 2623 4079 des.

221 4091 395 4149 citatio
416 4096 476 4149 in
502 4039 829 4150 collectione1
839 4092 1160 4180 supradicta.
1396 4093 1448 4147 8.
1485 4092 1569 4146 διὰ
1594 4109 1703 4148 om.
1725 4092 1801 4148 H.
2015 4110 2069 4164 9.
2105 4091 2260 4149 αὐτὸς
2282 4103 2621 4177 assumptum

221 4178 285 4217 ex
311 4163 385 4218 H.
760 4179 780 4217 1
798 4181 840 4217 1.
878 4161 1176 4231 Πνεῦμοτος
1202 4163 1278 4219 Η.
1305 4160 1427 4217 Sev.
1455 4172 1515 4217 ut
1540 4161 1761 4218 adnotat
1785 4170 1838 4217 et
1864 4162 2063 4217 Maius.
2090 4165 2299 4234 Πατρὸς
2324 4163 2504 4218 Maius
2528 4164 2623 4236 qui

221 4247 375 4288 nuum
404 4232 665 4289 Codioem
692 4233 764 4287 ita
786 4235 957 4305 legere
982 4242 1150 4289 notat.
1340 4247 1423 4303 15.
1462 4232 1847 4375 δοθησομένας)
1857 4234 1981 4304 (sic)
2014 4233 2090 4288 H.
2273 4233 2464 4289 18-26.
2503 4237 2622 4289 τότε

219 4301 526 4372 boi—cacat
548 4303 710 4359 nobie
734 4322 799 4359 ιιι
839 4304 1037 4387 peditat
1063 4304 1159 4369 Η.
1185 4321 1356 4375 usque
1380 4303 1449 4358 ad
1473 4305 1785 4392 Χριστός-(3
1756 4304 1928 4432 'godet
1966 4303 2197 4360 Severus
2231 4304 2379 4359 unde
2414 4312 2619 4394 partem

223 4372 650 4501 Quilibet
674 4383 728 4429 et
1260 4390 1347 4444 19.
1382 4395 1744 4446 σκιρτησωμεν
2217 4391 2306 4431 21.
2343 4371 2482 4444 δίκη]
2510 4374 2621 4442 νίκη
