3269 5166
239 355 351 398 xx.
377 352 483 412 22,
506 353 610 422 23.
715 333 832 399 IN
884 334 954 400 S.
996 334 1506 401 JOANNEM.
1581 335 1779 402 LIB.
1808 336 1973 403 XII.
2046 337 2254 405 OAP.
2286 339 2344 406 1.
2520 339 2649 404 139

243 496 497 599 λόγος,
557 498 648 607 ἐξ
704 501 940 580 αὐτῶν
1002 534 1095 580 σε
1157 507 1305 581 τῶν
1369 507 1573 605 ἱερῶν
1633 501 2082 607 γραμμάτων
2141 502 2642 603 πιστῶσομαι,
2673 541 2710 584 ο

243 625 597 725 παραθεὶς
646 628 744 709 εἷς
790 622 1157 733 ἀπόδειξιν
1198 625 1292 706 τὰ
1344 634 1491 712 τοῖς
1538 633 2007 712 Μωυσαῖκοῖς
2054 628 2418 731 ἐγκείμενα
2466 634 2644 724 βιβ-

248 748 462 831 λίοις.
541 747 797 828 οὐκοῦν
831 749 1113 829 ἐκέλευέ
1155 784 1332 831 ποτε
1382 755 1484 858 τῷ
1533 748 1901 858 πανσόφῳ
1942 756 2237 857 Μωυσῇ
2287 751 2552 854 Κύριος
2607 753 2648 831 6

251 867 445 953 Θεὸς
482 868 747 973 ἄνδρας
778 873 1312 978 πρεσβυτερους
1352 876 1429 954 ἐκ
1474 877 1601 973 τῆς
1637 881 1784 955 τῶν
1817 874 2183 955 Ἰουδαίων
2215 880 2652 979 συναγωγῆς

179 1019 219 1081 5
249 993 732 1101 ἐπιλέξασθαι
814 997 942 1077 τὸν
1026 996 1331 1101 ἀριθμον
1408 997 1922 1099 ἐβδομήκοντα,
1997 995 2490 1101 ἐπηγγέλλετό
2571 1034 2649 1081 τε

246 1123 520 1224 σαφῶς
581 1117 690 1199 ὅτι
747 1130 792 1167 “
819 1123 1075 1225 ἀφελῶ
1137 1120 1282 1203 ἀπὸ
1342 1131 1471 1203 τοῦ
1528 1122 1930 1220 πνεύματος
1992 1130 2121 1202 τοῦ
2177 1125 2290 1204 ἐπι
2348 1125 2474 1202 σοὶ
2531 1125 2649 1203 καὶ
2739 1136 2898 1188 Num.
2915 1137 2987 1188 xi.

248 1240 661 1343 “ε’πιθήσω
715 1246 1002 1330 αὐτοῖςῖ
1082 1254 1198 1326 καὶ
1254 1245 1342 1346 δὴ
1397 1246 1876 1344 συνεκόμισεν
1918 1247 1959 1325 6
2008 1249 2338 1344 Μωυσῆς
2392 1250 2508 1326 καὶ
2563 1244 2648 1326 τὸ
2745 1212 2825 1269 ¹⁷

247 1372 450 1445 θεῖον
502 1365 820 1469 ἐπλήρου
873 1370 1275 1469 θέσπισμα.
1377 1370 1507 1450 δύο
1556 1368 1783 1472 γεμὴν
1837 1373 2391 1475 ἀπελείφθησαν
2445 1368 2652 1468 μόνοι

248 1496 402 1571 τῶν
469 1493 994 1594 ἐντεταγμένων
1050 1499 1155 1602 τῷ
1217 1498 1496 1603 ἀριθμῷ
1559 1501 1707 1574 τῶν
1770 1492 2264 1593 ἐβδομήκοντα
2324 1502 2653 1595 πρεσβυ-

139 1650 222 1690 10
246 1613 499 1718 τέρων,
537 1618 653 1695 καὶ
708 1617 1089 1718 ἀπέμειναν
1138 1619 1213 1698 ἐν
1261 1621 1351 1724 τῇ
1407 1623 1806 1725 συναγωγῇ
1839 1616 2119 1700 Ἐλδᾶδ
2173 1622 2290 1698 καὶ
2339 1616 2645 1699 Μωδάδ.
2674 1641 2718 1707 d

207 1767 212 1770 ·
253 1734 410 1818 εἶτα
460 1739 546 1819 τὸ
596 1746 784 1821 θεῖον
821 1740 1098 1822 ἅπασιν
1132 1744 1488 1827 ἐπιθέντος
1537 1751 1819 1842 πνεῦμα
1868 1751 1996 1823 τοῦ
2042 1748 2237 1824 Θεοῦ
2287 1741 2469 1824 κατὰ
2517 1740 2651 1843 τὴν

250 1861 394 1962 ἤδη
453 1868 789 1944 δοθεῖσαν
839 1862 1263 1972 ὑπόσχεσιν,
1299 1865 1789 1974 προεφήτευον
1833 1864 1964 1965 μὲν
2007 1871 2448 1972 παραχρῆμα
2502 1878 2649 1944 λα·

250 1985 509 2081 βόντες
553 1986 683 2087 τὴν
719 1985 948 2092 χάριν,
986 1996 1053 2070 οἱ
1101 1990 1638 2095 συνενεχθέντες
1687 1990 1803 2070 διὰ
1845 1988 2242 2075 Μωυσέως·
2319 1988 2648 2097 προεφή-

252 2145 464 2192 τευον
502 2110 580 2191 δὲ
632 2112 832 2193 οὐδὲν
866 2113 1085 2266 ἧττρν
1126 2116 1245 2194 καὶ
1300 2119 1366 2195 οὶ
1413 2114 1541 2195 δύο
1590 2112 1820 2196 πάλιν
1856 2120 1923 2195 οἱ
1971 2117 2048 2194 ἐν
2083 2121 2175 2219 τῇ
2225 2119 2647 2219 συναγωγῇ,

142 2262 223 2324 15
254 2234 684 2340 φθανούσης
741 2272 857 2317 και
910 2239 1017 2318 ἐπ’
1078 2236 1333 2323 αὐτους
1386 2242 1513 2340 τῆς
1568 2237 1841 2319 ανωθεν
1895 2236 2208 2343 χάριτος.
2303 2241 2421 2318 καὶ
2474 2248 2654 2338 γοῦν

251 2361 544 2461 Ἰησοῦς
592 2362 633 2439 6
683 2361 1122 2459 καλούμενος
1169 2370 1297 2442 τοῦ
1348 2366 1582 2462 Ναυῆ,
1623 2367 1918 2469 Μωυσῇ
1966 2361 2470 2465 προσεδρεύων
2516 2364 2651 2458 ἀει,

251 2487 375 2564 καὶ
430 2483 564 2583 τὴν
606 2493 735 2565 τοῦ
789 2487 1187 2589 μυστηρίου
1234 2484 1533 2588 δύναμιν
1576 2485 1945 2590 ἀγνοήσας
1999 2490 2463 2591 παραχρῆμα,
2506 2491 2653 2586 οἶη-
2677 2529 2714 2573 0

254 2614 399 2694 θεὶς
457 2609 629 2690 δὲ’
589 2646 697 2691 οτι
754 2610 938 2692 κατὰ
989 2612 1298 2711 μίμησιν
1335 2610 1595 2692 Δαθάν
1636 2646 1713 2692 τε
1763 2646 1879 2692 και
1915 2609 2269 2713 Ἀβειρων
2304 2614 2649 2711 ἀντιπρο-

252 2732 653 2841 φητεύουσι
708 2739 824 2817 καὶ
878 2736 1074 2816 οὗτοι
1126 2741 1273 2820 τοῖς
1336 2742 1829 2841 συνενεχθεῖσι
1884 2733 2003 2815 διὰ
2058 2733 2455 2832 Μωυσέως,
2511 2735 2654 2842 ἔφη

139 2901 228 2945 20
250 2856 437 2961 πρὸς
474 2859 692 2940 αὐτόν
731 2870 773 2907 “
796 2858 1075 2941 Ἐλδάδ
1109 2863 1226 2939 καὶ
1267 2858 1551 2940 Μωδάδ
1586 2857 2172 2966 προφητεύουσιν
2209 2862 2283 2937 ἐν
2321 2863 2412 2960 τῇ
2456 2893 2645 2959 παρ·
2742 2891 2824 2941 Ib.
2847 2904 2929 2955 ²⁷·

254 2994 299 3033 “
335 2987 644 3090 εμβολῇ,
681 2983 883 3087 κύριέ
906 3018 1048 3084 μου
1086 2988 1379 3082 Μωυσῆ
1432 2982 1773 3064 κώλυσον
1806 2982 2130 3066 αὖτούς.”
2191 2985 2305 3060 καὶ
2358 2981 2432 3060 τί
2473 2978 2657 3084 πρὸς
2744 3023 2823 3073 ιι),
2849 3024 2926 3073 23,

249 3105 486 3189 ταῦτά
520 3115 756 3213 φησιν
791 3110 832 3188 6
868 3107 1108 3217 σοφὸς
1144 3106 1367 3193 ὅντως
1403 3110 1659 3191 ἐκεῖνος
1704 3109 1821 3187 καὶ
1868 3102 2122 3207 μέγας,
2163 3108 2291 3204 τῆς
2326 3105 2658 3204 δοθείσης

252 3232 497 3316 αὐτοῖς
535 3230 849 3384 ’χάριτος
910 3232 1043 3334 τὴν
1097 3231 1448 3335 ἐνέργειαν
1496 3233 1615 3311 καὶ
1664 3228 1798 3331 τὴν
1851 3237 1980 3310 τοῦ
2037 3227 2455 3328 Πνεύματος
2524 3227 2651 3311 δύ-

253 3390 472 3455 ναμιν
517 3354 881 3458 ἐννοήσας,
921 3392 1017 3442 ως
1072 3353 1312 3462 σοφός
1357 3365 1403 3403 “
1433 3355 1567 3455 Μὴ
1625 3354 1865 3458 ζηλοῖς
1920 3388 2022 3434 συ
2079 3354 2279 3453 ἐμοί·
2257 3415 2280 3452 ,
2352 3353 2460 3438 τίς
2512 3351 2656 3457 γὰρ
2744 3387 2825 3438 Ib.
2847 3402 2925 3454 29·

144 3512 222 3572 25
254 3491 299 3528 ‘⁶
337 3481 497 3581 δοίη
563 3486 667 3589 τῷ
741 3483 901 3589 λαῷ
978 3481 1251 3582 Κυρίου
1319 3477 1732 3631 προφήτας,
1803 3477 1977 3559 ὅταν
2049 3482 2152 3585 δῷ
2231 3476 2496 3583 Κύριος
2570 3476 2655 3557 τὸ

252 3615 298 3653 “
339 3610 644 3703 Πνεῦμα
707 3608 925 3685 αὐτοῦ
984 3607 1092 3685 ἐπ’
1155 3603 1466 3688 αὐτους·
1448 3666 1469 3702 ,
1598 3605 1771 3751 ὁρᾷς
1837 3602 2030 3687 ὅπως
2093 3601 2659 3701 ἐπιλαμβάνεται

252 3737 403 3811 τῶν
432 3729 682 3831 Ἰησοῦ
724 3726 1064 3833 ῥημάτων
1098 3729 1227 3809 οὐκ
1270 3725 1537 3813 ειδότος
1584 3727 1671 3806 τὸ
1721 3727 2277 3824 τετελεσμένονς
2337 3728 2478 3807 εἴθε
2515 3725 2658 3829 γὰρ
2677 3760 2714 3800 a
2738 3745 2892 3800 1101
2913 3743 3001 3800 A.

250 3854 416 3953 ειθε,
475 3858 729 3963 φησιν,
787 3854 997 3954 ἐδόθη
1051 3851 1137 3933 τὸ
1200 3858 1496 3950 Πνεῦμα
1550 3857 1768 3932 παντὶ
1822 3857 1926 3960 τῷ
1981 3857 2166 3958 λαῷ,
2227 3850 2399 3930 ἀλλ’
2451 3848 2659 3932 ἔσται

249 3985 467 4060 τοῦτο
503 3977 688 4060 κατὰ
730 4011 1036 4080 καιρους,
1074 4010 1249 4061 οταν
1285 3978 1522 4061 αὐτοῖς
1572 3977 1612 4055 6
1664 3974 1957 4059 πάντων
1993 3970 2403 4075 Δεσπότης,
2441 4008 2651 4054 τουτ-

135 4131 220 4190 30
246 4107 410 4187 έστι
461 4099 817 4209 Χριστὸς,
861 4099 947 4181 τὸ
1001 4101 1180 4182 ’ίδιον
1234 4102 1471 4185 αὐτοῖς
1526 4100 1912 4206 χαρίσηται
1970 4103 2291 4196 Πνεῦμα,
2337 4097 2658 4201 καθάπερ

243 4233 323 4312 ἐν
373 4231 673 4334 ἀπαρχῇ
728 4232 876 4306 τῶν
929 4224 1372 4332 ὀφειλόντων
1428 4231 1684 4320 λαβεῖν
1734 4231 1881 4310 τοῖς
1937 4224 2163 4325 ἁγίοις
2217 4222 2659 4307 ἀποστόλοις

317 4530 373 4585 5.
408 4537 469 4571 τε
492 4531 603 4569 om.
629 4531 689 4585 p.
857 4526 936 4566 10.
975 4510 1106 4566 ε’λδὸ
1130 4511 1196 4565 Ε.
1301 4508 1470 4580 paeda
1493 4527 1548 4580 p.
1718 4527 1738 4564 1
1755 4526 1802 4564 1.
1839 4507 2133 4565 ἐπιθέοντος
2154 4526 2211 4579 p.
2385 4524 2467 4574 19.
2504 4512 2662 4559 Μωυ-

246 4590 370 4646 σέος
395 4587 523 4658 E.p.
748 4598 834 4636 πο.
871 4582 1037 4652 μοδὰδ
1062 4600 1116 4653 p.
1141 4581 1343 4653 Μωδομ
1366 4580 1514 4637 Aub.
1731 4596 1817 4652 29.
1852 4583 2007 4636 τοῦτο
2031 4586 2371 4650 assumptum
2395 4595 2462 4633 ex
2488 4576 2552 4630 E.
2555 4593 2609 4646 p.

1411 4682 1518 4730 '1²2
