3269 5166
624 348 753 411 286
962 343 1463 410 B.CYRILL1
1516 342 2047 408 ALEXANDR.
2103 344 2671 410 FRAGMENTA
2783 369 2847 410 ι.
2875 361 2936 430 5,
2962 346 3022 409 6.

312 452 577 520 [mu-1

566 611 601 670 5
644 591 900 658 Μωσῆς
956 591 1076 679 Γάρ
1132 591 1369 680 γράφει
1422 591 1541 657 τὴν
1596 591 2009 657 δικαιοσύνην
2062 591 2180 656 τὴν
2235 592 2308 656 ὲκ
2362 597 2475 657 τοῦ
2533 592 2733 668 νόμου
2785 598 3004 661 κ.τ.λ.

744 776 997 871 Μωσῆς
1033 775 1171 884 yzit-p
1215 775 1470 884 γράφει
1510 776 1615 870 τὴν
1656 773 2058 870 δικαιοσύνην
2092 775 2198 868 τῆν
2235 778 2312 857 ἐκ
2350 779 2460 856 τοῧ
2497 779 2686 882 νόμον
2725 781 2959 882 φησὶν
2994 787 3026 858 o‘

631 903 921 995 ποιήσας
957 899 1287 1007 ἅνθρωπος
1327 902 1596 1009 ζήσεται
1636 900 1695 979 ἓν
1737 906 1923 1012 αὐτῇ
1983 901 2153 978 ἀλλ’
2192 897 2281 1000 ἦν
2317 902 2539 984 οὐδεὶς
2573 908 2949 985 παντελῶς
2984 902 3026 979 ὀ

294 1060 378 1109 Pu.
404 1058 544 1110 xviii.
633 1023 1032 1125 ἀμωμήτως
1070 1023 1289 1123 αὐτὴν
1318 1028 1774 1124 κατορθῶσαι
1814 1022 2221 1121 δυνάμενος·
2300 1033 2345 1070 “
2373 1024 2505 1107 Τίς
2543 1021 2689 1125 γὰρ
2721 1024 3029 1122 συνήσει

299 1138 375 1189 ¹³‘
635 1159 677 1196 ‘⁴
711 1148 1256 1250 παραπτώματα
1282 1148 1358 1243 ;”
1432 1148 1687 1226 οὐκοῦν
1744 1148 2051 1242 ἀμείνων
2107 1148 2152 1246 ἡ
2211 1151 2587 1226 δικαιοῦσα
2647 1147 2858 1252 χάρις
2912 1151 3028 1227 καὶ
3053 1173 3091 1233 5
3163 1209 3182 1230 .

632 1276 920 1377 γραφῆς
958 1272 1138 1370 ἡμᾶς
1176 1269 1756 1351 ἀπαλλάττουσα
1792 1275 1917 1369 τῆς
1953 1273 2029 1348 ἐν
2067 1270 2282 1378 νόμῳ.

572 1526 606 1582 6
1008 1513 1090 1576 Ἠ
1148 1512 1219 1577 δὲ
1275 1513 1347 1578 ὲκ
1403 1512 1681 1579 πίστεως
1736 1513 2110 1579 δικαιοσύνη
2166 1514 2377 1579 οὕτως
2431 1515 2625 1586 λέγει.

732 1684 1089 1787 Ὁρίζεται
1125 1684 1496 1787 χρησίμως
1535 1687 1652 1763 καὶ
1691 1684 1884 1769 ὅπως
1920 1682 2010 1765 ἂν
2044 1685 2321 1786 γένοιτο
2356 1684 2537 1784 πρὸς
2574 1684 2778 1782 ἡμῶν
2818 1683 2863 1782 ἡ
2898 1684 3022 1762 πί·

632 1842 817 1904 στις,
854 1814 911 1886 εὶ
948 1804 1032 1884 τὸ
1069 1807 1456 1905 ἀμώμητον
1492 1808 1641 1912 ἔχοι
1690 1807 1888 1910 παρὰ
1926 1813 2092 1916 Θεῷ
2147 1813 2264 1888 καὶ
2319 1807 2402 1888 τό
2458 1843 2540 1909 γε
2598 1806 2686 1906 δὴ
2743 1806 2912 1885 λίαν
2949 1805 3028 1884 εὖ

631 1934 1067 2028 πεποιῆσθαι
1122 1932 1374 2009 δοκεῖν·
1451 1930 1535 2010 τὸ
1589 1930 1721 2030 μὲν
1764 1932 1907 2033 γὰρ
1963 1931 2336 2035 ἐνδοιάζειν
2386 1931 2575 2014 ὅλως
2632 1932 2748 2008 καὶ
2805 1963 3028 2009 κατα·-
3063 1965 3135 2005 ιο

634 2055 995 2134 δονεῖσθαι
1035 2059 1276 2158 φιλεῖν
1311 2058 1409 2137 εἰς
1452 2056 1724 2154 ἀδρανῆ
1763 2056 2131 2160 διψυχίαν,
2168 2052 2591 2154 ἀπόβλητον
2625 2058 3026 2135 παντελῶς·

633 2175 963 2278 περιττὸν
1022 2174 1096 2255 δὲ
1152 2175 1329 2260 ἴσως
1385 2179 1500 2255 καὶ
1557 2183 1704 2255 τῶν
1760 2176 1866 2256 ὅτι
1921 2177 2251 2275 μάλιστα
2297 2174 2889 2284 σφαλερωτάτων
2946 2173 3031 2253 τὸ

635 2308 891 2409 χρῆναι
943 2301 1528 2406 περιεργάζεσθαι
1584 2302 1678 2384 τὰ
1732 2309 1847 2384 καὶ
1904 2305 2133 2406 λόγου
2186 2304 2369 2407 πέρα
2423 2301 2712 2400 παντὸς,
2773 2309 2899 2381 νοῦ
2955 2335 3033 2379 τε

637 2430 792 2506 ἐστὶ
829 2435 957 2506 τοῦ
994 2425 1159 2506 καθ’
1198 2427 1383 2525 ἡμᾶς
1419 2429 1495 2506 ἐν
1528 2428 1877 2523 ἀμείνοσι·
1943 2435 2098 2511 πῶς
2134 2425 2277 2530 γὰρ
2314 2426 2406 2507 ἂν
2442 2422 2578 2506 εἶεν
2614 2427 2899 2531 ἐμφανῆ
2939 2424 3032 2503 τὰ

635 2548 1052 2655 ἀποῤῥήτως
1086 2549 1284 2653 παρὰ
1313 2555 1505 2631 Θεοῦ
1543 2551 2150 2656 τεχνουργούμενα
2177 2585 2196 2649 ;
2251 2554 2366 2631 καὶ
2404 2549 2548 2650 μὴν
2585 2550 2701 2630 καὶ
2738 2549 3032 2651 καρδίας
3066 2586 3137 2645 15

636 2672 1019 2779 ὀφθαλμὸς
1044 2676 1150 2758 τίς
1186 2674 1274 2754 ἂν
1300 2674 1404 2774 εἴη
1441 2685 1785 2761 τοσοῦτος
1823 2679 1918 2760 ὡς
1949 2681 2400 2777 καταθρῆσαι
2437 2674 2787 2755 δύνασθαι
2818 2670 3031 2770 Θεὸν,

634 2804 926 2896 μᾶλλον
954 2797 1029 2877 δὲ
1066 2799 1172 2883 τίς
1211 2798 1351 2902 ἄρα
1385 2799 1712 2899 συνήσει,
1740 2797 1874 2879 κᾶν
1911 2800 1978 2878 εἴ
2006 2834 2112 2884 τις
2151 2796 2388 2878 ἕλοιτο
2423 2798 2659 2898 λε’γειν
2686 2800 2804 2875 καὶ
2842 2799 3036 2902 ἀφη-

634 2928 835 3023 γοῖτο
890 2920 981 3001 τὰ
1035 2921 1228 3002 πολὺ
1289 2924 1456 3001 λίαν
1514 2922 1694 3026 ὑπὲρ
1749 2923 1980 3022 ἡμᾶς;
2044 2925 2084 3002 ὁ
2138 2921 2269 3022 μὲν
2316 2920 2458 3023 γὰρ
2509 2922 2772 3023 Κύριος
2827 2921 3037 3018 ἡμῶν

636 3044 921 3145 Ἰησοῦς
959 3046 998 3124 ὁ
1026 3043 1350 3149 Χριστὸς
1379 3043 1769 3154 Νικοδήμῳ
1799 3043 1976 3126 ποτὲ
2011 3044 2174 3129 τοὺς
2196 3049 2358 3147 περὶ
2393 3050 2519 3145 τῆς
2555 3047 3035 3142 πνευματικῆς

300 3172 517 3303 ξῑῦθῦὓ·
539 3172 610 3223 m
638 3169 1175 3271 ἀναγεννήσεως
1211 3170 1569 3272 παρετίθει
1607 3169 1873 3273 λόγους
1910 3172 2027 3249 καὶ
2066 3167 2155 3269 δὴ
2208 3172 2322 3248 καὶ
2371 3166 2690 3275 ἔφασκεν
2746 3178 2789 3214 “
2815 3165 3036 3267 Ἀμῆν
3068 3210 3145 3251 20

303 3309 456 3374 1b.5.
640 3302 681 3338 ‘⁶
718 3291 908 3392 ἀμὴν
966 3291 1159 3394 λε’γω
1216 3295 1376 3391 ὑμῖν
1431 3291 1553 3371 ἐὰν
1600 3293 1702 3393 μή
1753 3328 1859 3377 τις
1913 3298 2222 3397 γεννηθῇ
2272 3291 2563 3387 ἄνωθεν,
2602 3291 2684 3369 οὗ
2740 3290 3038 3370 δύναται

639 3426 682 3462 “
718 3420 1066 3495 εἰσελθεῖν
1102 3422 1197 3499 εἰς
1219 3413 1350 3515 τὴν
1377 3417 1764 3511 βασιλείαν
1786 3426 1913 3497 τοῦ
1936 3418 2188 3497 Θεοῦ·”
2251 3411 2427 3521 [εἶτα
2450 3414 2726 3497 τούτοις
2761 3447 3038 3517 προσε-

636 3540 812 3619 τίθει
861 3539 953 3618 τά
1007 3539 1315 3646 ἐφεξῆς]
1372 3542 1737 3624 συνιέντος
1787 3539 1862 3620 δὲ
1911 3541 2130 3619 αὑτοῦ
2182 3545 2556 3622 παντελῶς
2614 3536 2836 3633 οὐδὲν,
2873 3537 3038 3618 τότε

638 3662 727 3764 δὴ
781 3663 944 3744 τότε
980 3661 1303 3764 Χριστὸς
1356 3667 1483 3762 τῆς
1538 3670 1684 3743 τῶν
1720 3667 2002 3745 ἐννοιῶν
2059 3663 2483 3767 ἰσχνότητος
2540 3664 2635 3745 ὡς
2676 3659 3038 3740 ἀπωτάτω

308 3808 388 3859 lb·
409 3821 485 3858 υ.
639 3791 849 3873 τιθεὶς
883 3790 1011 3886 τῆς
1048 3787 1427 3889 ἀνθρώπου
1464 3790 1774 3873 διανοίας
1810 3787 1893 3868 τὸ
1931 3786 2163 3892 πάχος
2200 3797 2245 3833 “
2275 3791 2367 3864 Εἰ
2402 3784 2494 3864 τὰ
2530 3786 2802 3886 ἐπίγεια
2837 3780 3039 3864 εἷπον
3069 3832 3145 3891 25

712 4024 765 4079 6.
804 4024 947 4079 Sunt
970 4023 1025 4077 in
1050 4023 1102 4077 A
1126 4020 1236 4076 duo
1260 4021 1459 4076 scholia
1489 4039 1681 4092 nempe
1705 4040 1758 4092 p.
1780 4035 1882 4094 417
1909 4022 2361 4091 ὅθεν-μελετάτω
2385 4019 2600 4077 σῦνεσιν
2626 4017 2831 4090 cyrino
2863 4019 3034 4074 tribu-

641 4104 760 4150 tum
786 4093 930 4162 (vide
963 4093 1201 4148 Crameri
1231 4091 1347 4147 Cat.
1384 4110 1438 4163 p.
1463 4096 1592 4163 375)
1619 4110 1730 4146 non
1752 4099 1932 4147 tamen
1964 4093 2012 4147 C
2076 4094 2225 4146 illum
2262 4102 2531 4147 auctorem
2568 4089 2806 4145 habens:
2848 4108 2903 4161 p.
2927 4092 3034 4159 418

640 4166 714 4221 σὺ
750 4166 812 4219 δι’
840 4187 929 4234 μοι
965 4160 1516 4231 σκόπει-σωθήσεται
1547 4181 1685 4235 quae
1720 4180 1888 4234 quum
1923 4164 1977 4217 in
2002 4111 2278 4217 'Hiesauro
2304 4176 2402 4232 271
2431 4160 2469 4215 b
2488 4179 2516 4215 c
2542 4161 2735 4243 partim
2759 4170 2922 4226 extat,
2945 4161 3034 4215 hie
3075 4198 3084 4209 .

642 4236 1020 4306 praetermitto.
1413 4246 1568 4304 7—p.
1596 4247 1717 4303 237,
1748 4251 1829 4288 10.
1861 4233 2010 4288 Haeo
2040 4233 2255 4287 exhibet
2276 4241 2425 4302 parte
2452 4231 2639 4285 latina
2714 4271 2728 4283 .
2757 4248 2786 4284 α
2853 4231 3034 4285 Maius

643 4306 735 4376 qui
768 4304 897 4358 haec
934 4303 1253 4374 praemittit:
1303 4303 1499 4356 Totum
1537 4304 1686 4358 bunc
1720 4303 1904 4375 cyrini
1941 4312 2168 4357 tractum
2206 4301 2564 4372 suppeditavit
2601 4319 2669 4355 no
2711 4302 2756 4354 is
2831 4344 2843 4356 .
2873 4301 3033 4355 Nice-

642 4376 845 4446 phot-us
872 4373 1493 4443 Constantinopolitanae
1517 4374 1573 4427 in
1598 4375 1927 4445 apologetico
1952 4374 2148 4445 majore
2214 4390 2272 4427 ro
2298 4391 2370 4426 ss.
2397 4371 2720 4441 imaginibus
2745 4389 2907 4441 quem
2931 4373 3034 4426 alio

642 4445 913 4499 volumine
952 4461 1051 4497 nos
1092 4441 1357 4497 edidimus
1400 4442 1572 4513 [Bibl.
1612 4444 1755 4498 Patr.
1792 4445 1947 4499 Nova
1972 4463 2023 4497 v.
2059 4459 2154 4514 137
2194 4484 2206 4497 .
2278 4444 2362 4497 En
2399 4450 2576 4496 autem
2619 4458 2810 4512 graeca
2850 4441 3036 4513 Cyn-ini

642 4518 804 4571 verba
834 4518 937 4567 Τοῦ
969 4513 1121 4582 ἁγίου
1155 4512 1419 4579 Κυρίλλου
1449 4514 1814 4582 ἀλεξανδρείιις
1853 4517 1910 4568 ἐκ
1944 4518 2034 4583 τῆς
2069 4515 2331 4603 ἑρμηνείας
2365 4515 2456 4581 τῆς
2477 4513 2608 4582 πρὸς
2642 4511 2901 4581 ῥωμαίους
2925 4512 3033 4565 ἐπι-

643 4587 843 4655 στολὴν
866 4584 938 4641 εἷς
961 4587 1019 4636 τὸ
1042 4582 1197 4652 ῥητόν
1217 4581 1286 4635 'H
1313 4585 1369 4636 δὲ
1395 4584 1449 4638 ἐκ
1474 4586 1696 4640 πίστεως
1724 4585 2018 4653 δικαιοσύνη
2045 4606 2203 4640 ουτως
2228 4582 2390 4653 λέγει.
