3269 5166
185 343 258 407 ix.
285 365 496 426 14—24.
658 347 766 412 IN
816 346 1337 412 EPISTOLAM
1388 348 1515 412 AD
1570 347 2039 414 ROMANOS.
2419 350 2543 413 231

2732 458 2809 507 M.

185 513 371 589 εἰπεῖν
396 511 489 594 ὥς
512 510 776 610 ἥκιστα
799 509 929 609 μὲν
951 516 1223 618 φαῦλοι
1244 510 1592 614 γεγόνασι
1623 512 1809 593 κατὰ
1838 512 2066 618 φύσιν
2092 509 2296 609 τινὲς,
2322 509 2546 612 ἤγουν
2599 457 2712 525 [39
2833 459 2854 521 ]

184 632 713 714 ὃιαπλοῖττονται
749 637 834 713 δι’
868 636 1109 732 αὐτοῦ,
1139 635 1362 735 σκεύη
1391 634 1470 713 δὲ
1493 642 1786 734 μᾶλλον
1821 634 2209 737 γεγόνασιν
2246 635 2547 732 ἀτιμίας,

184 753 276 833 ὅτι
324 759 544 836 καίτοι
596 755 812 854 μετὸν
849 759 1084 841 αυτοῖς
1138 759 1525 856 εὐδοκιμεῖν
1560 758 1858 838 ἕλε’σθαι
1913 757 2112 861 παρὰ
2149 759 2341 866 Θεῷ,
2399 758 2544 838 ε’θε-

180 877 452 959 λούσιον
487 880 1001 984 ἠρῤωστήκασι
1038 879 1169 979 τὴν
1205 887 1301 963 εἶς
1336 880 1426 960 τὰ
1464 890 1717 988 φαῦλα
1751 879 2032 984 ῥοπήν·
2012 942 2033 977 ,

133 1021 161 1079 5
275 1002 486 1082 ”Αλλ
538 1002 976 1106 ἐσκλήρυνεν
1021 1004 1254 1100 αὐτὸς,
1295 1008 1506 1110 φησὶ,
1542 1000 1676 1101 τὴν
1721 1005 2019 1106 καρδίαν
2055 1003 2350 1106 Φαραώ·
2431 1007 2548 1083 καὶ

181 1122 254 1222 δὴ
304 1129 411 1203 καὶ
468 1126 746 1231 ἔφασκε
802 1125 983 1227 πρὸς
1035 1127 1250 1205 αὐτόν
1292 1134 1409 1212 Εἰς
1457 1126 1616 1207 αὐτὶ
1656 1130 1841 1206 τοῦτο
1893 1126 2189 1235 ἐξήγειρά,
2234 1163 2314 1208 σε
2368 1128 2552 1212 ’ὅπως

180 1243 539 1355 ἐνδείξωμαι
598 1252 658 1329 ἐν
715 1256 817 1330 σοὶ
869 1247 977 1344 τῆν
1034 1244 1307 1354 δύναμίν
1366 1277 1521 1354 μου·
1601 1251 1855 1330 οὐκοῦν
1914 1255 1973 1329 εἶ
2034 1253 2152 1328 καὶ
2212 1249 2549 1357 σκληρύνει

178 1371 349 1455 τινὰς
400 1373 521 1452 καὶ
575 1373 1040 1480 ἐξανίστησιν
1078 1371 1331 1456 αὐτοὺς
1383 1372 1574 1480 ὀργῆς
1619 1370 1830 1455 ὄντας·
1868 1372 2097 1468 σκεύη,
2138 1374 2254 1452 καὶ
2297 1408 2541 1479 κατηρ-

176 1496 383 1575 τίσθαι
438 1496 804 1596 λεγόμενα
865 1505 956 1582 εἷς
1031 1497 1407 1595 ἀπώλειαν,
1469 1500 1542 1577 τί
1601 1495 1693 1576 ἔτι
1755 1494 2163 1604 μέμφεται,
2253 1505 2349 1604 τῷ
2413 1494 2552 1603 γέιρ

98 1637 159 1678 ¹0
176 1619 541 1727 βουλήματι
587 1624 786 1701 αὐτοῦ’
830 1624 933 1705 τίς
976 1618 1370 1716 Micam
1427 1627 1582 1705 πῶς
1626 1618 1703 1700 δὲ
1747 1620 1836 1700 ἂν
1871 1620 2164 1722 γέγονεν
2201 1619 2469 1724 ἀγαθὸς
2509 1622 2551 1700 ὁ

175 1743 319 1843 παρ’
355 1746 577 1823 αὐτοῦ
609 1743 1188 1847 σηληρυνόμενος
1213 1776 1235 1840 3

270 1868 365 1946 Τί
390 1869 523 1948 οὖν
558 1865 649 1947 ἂν
681 1868 911 1973 ἔχοιμι
954 1865 1138 1969 πρὸς·
1186 1874 1412 1947 ταῦτα
1465 1872 1730 1963 εἶπεῖν;
1789 1865 2075 1972 ἀπόχρη
2118 1868 2301 1970 πρός
2336 1904 2419 1971 γε
2465 1868 2550 1949 τὸ

175 1987 397 2068 εἰδέναι
447 1989 543 2071 τὸ
600 1989 886 2088 ἀληθὲς,
926 1986 1011 2070 r&
1057 1990 1460 2070 διακεῖσθαι’
1509 2024 1586 2069 τε
1639 1992 1754 2068 καὶ
1804 1995 2095 2097 φρονεῖν
2150 1994 2246 2076 ὥς
2297 1994 2425 2073 οὐκ
2461 1991 2552 2071 ἂν

175 2109 421 2208 γε’νοιτό
475 2147 661 2195 ποτε
722 2120 865 2193 τῶν
919 2114 1227 2219 φαύλων
1272 2111 1700 2216 δημιουργὸς
1744 2114 1785 2191 ὁ
1831 2112 2039 2198 Θεός·
2112 2114 2353 2195 πάντα
2408 2114 2551 2218 γὰρ
2574 2139 2703 2190 Gen.
2727 2139 2762 2190 i.
2791 2152 2870 2202 31.

98 2247 155 2302 Ῐ5
176 2230 302 2313 ὅσα
353 2237 679 2336 ε’ποέησε,
739 2235 929 2317 καλὰ
980 2238 1172 2316 λίαν.
1250 2242 1308 2316 εἰ
1365 2236 1497 2333 μὲν
1554 2237 1681 2315 οὖν
1740 2238 1868 2316 οὐκ
1932 2239 2315 2339 ἄνθρωπον
2375 2236 2554 2319 εἶναι

177 2356 615 2440 διατείνονται
651 2357 780 2438 τὸν
807 2359 1203 2462 Αἰγύπτιον
1234 2363 1351 2439 καὶ
1387 2364 1513 2459 τῆς
1550 2361 1768 2460 αὐτῆς
1802 2360 1973 2459 ἡμῖν
2009 2362 2301 2466 φύσεως·
2337 2396 2553 2460 μετα-

176 2487 419 2585 λαχεῖν,
455 2481 1048 2580 ἀποδεικνύντων,
1086 2487 1204 2562 καὶ
1237 2484 1436 2582 ἡμεῖς
1472 2481 1968 2583 σιωπήσομεν·
2035 2491 2094 2563 εἶ
2146 2484 2220 2564 δὲ
2255 2481 2344 2583 ἦν
2381 2488 2546 2564 καθ’

174 2601 356 2702 ἡμᾶς,
406 2604 453 2706 ἢ
503 2611 642 2706 τῆς
700 2608 887 2692 θείας·
934 2609 1249 2710 ἐναργῶς
1302 2606 1925 2711 καταγορευόντων
1982 2612 2262 2714 φωνῆς,
2319 2610 2417 2694 ὥς·
2465 2612 2550 2690 οὐ

176 2723 246 2803 τὸ
289 2728 509 2810 καλὸν
530 2729 838 2832 ὁρώσης·
881 2733 996 2810 καὶ
1036 2730 1118 2810 τὸ
1156 2729 1255 2829 μὴ
1294 2732 1517 2814 οὕτως·
1551 2731 1741 2835 ἕχον·
1817 2730 1862 2830 ἢ
1900 2735 1958 2810 εἱ
1993 2740 2205 2812 τοῦτο
2243 2767 2548 2812 καταπε-

96 2865 156 2906 ²0
175 2853 525 2952 φρίκασιν,
593 2852 1146 2953 ὁμολογούντων
1206 2850 1381 2933 εἶναι
1442 2852 1636 2933 καλὰ
1697 2852 1789 2934 τὰ
1866 2856 2032 2955 παρ’
2095 2855 2311 2934 αὐτοῦ
2367 2853 2550 2958 πρὸς

175 2972 456 3082 ὕπαρξιν
491 2974 1098 3078 παρενηνεγμένα·
1164 2978 1349 3057 οὕτω
1401 2974 1543 3079 γὰρ
1579 2974 1713 3075 τὴν
1763 2974 2322 3079 προαλεσ-τάτην
2364 2981 2546 3057 ἀπο-

172 3096 577 3193 κρούσονται
634 3097 878 3205 δόξαν.
956 3097 1042 3177 τὸ
1096 3098 1186 3177 δέ
1226 3108 1347 3185 Εἰς
1410 3098 1565 3178 αὐτο
1632 3102 1813 3181 τοῧτο
1873 3096 2179 3207 ἐξήγειρά
2233 3135 2313 3180 σε
2368 3134 2551 3201 προς

170 3248 279 3295 τον
331 3220 603 3324 Φαραὼ
663 3219 1041 3323 εἰρημένον,
1078 3223 1589 3322 κατασημαίνει
1646 3224 1730 3302 οὐ
1784 3220 1869 3302 τὸ
1924 3222 2175 3302 ε”κτισα
2229 3221 2276 3322 ἢ
2334 3226 2544 3323 δεδη-

170 3341 573 3446 μιούργηκα,
644 3343 959 3444 κέκληκα
1016 3341 1089 3423 δὲ
1142 3352 1437 3443 μᾶλλον
1489 3352 1586 3430 εἷς·
1642 3344 1725 3425 τὸ
1770 3347 2112 3443 ἐθελῆσαι
2160 3349 2304 3426 δεῖν
2350 3349 2544 3426 ἀντι-

100 3487 154 3543 25
171 3462 479 3562 πράττειν
534 3470 715 3565 ἐμοι,
775 3471 893 3546 καὶ
957 3469 1085 3547 οὐκ
1148 3469 1224 3547 ἐν
1279 3472 1467 3574 ἀρχῇ
1528 3473 1655 3567 τῆς
1710 3467 2132 3570 γεννήσεως,
2201 3471 2371 3549 ἀλλ’
2432 3503 2548 3550 οτε

176 3589 478 3689 Μωυσῆς
535 3586 1038 3672 ἆπεστελλετο
1094 3590 1642 3694 λυτρωσάμενος
1698 3625 1824 3671 τον
1866 3592 2205 3694 Ἰσραήλ·
2263 3599 2381 3672 καὶ
2435 3595 2549 3672 ε’πὶ

172 3709 371 3799 ποίοις
404 3717 625 3813 τισὶν,
665 3712 712 3814 ἢ
751 3717 871 3794 καὶ
904 3715 1073 3795 ὅτου
1108 3714 1341 3819 χάριν,
1378 3717 1419 3794 ὁ
1453 3716 1840 3820 πάνσοφος
1878 3715 2045 3815 ἡμῖν
2081 3717 2549 3817 διατρανώσει

235 3980 279 4019 1.
308 3969 430 4022 κατὰ
453 3966 629 4059 φύσιν
650 3969 902 4058 γεγόνασι
926 3968 1164 4037 φαῦλοι
1149 3984 1363 4023 mverso
1386 3966 1573 4022 ordine
1596 3967 1666 4022 A.
1878 3984 1928 4022 2.
1965 3969 2121 4023 αὐτοῦ
2145 3969 2215 4023 A.
2239 3969 2422 4024 αὐτοὺς
2445 3968 2549 4026 Ed.

171 4047 216 4099 3
246 4039 389 4101 μετὸν
410 4039 586 4096 αὐτοῖς
611 4039 685 4091 A.
709 4038 840 4107 μετὰ
862 4038 922 4091 τὸ
947 4038 1129 4096 αὐτοὺς·
1155 4038 1259 4092 Ed.
1497 4057 1549 4129 4.
1701 4036 1776 4109 ’ν]
1804 4037 1953 4107 τιμήν
1975 4041 2044 4093 A.
2291 4054 2345 4109 5.
2380 4041 2550 4109 φησὶν

171 4103 335 4161 ὠτὸς
324 4124 531 4162 mverso
554 4107 747 4163 ordine
771 4108 841 4161 A.
1069 4109 1122 4162 8.
1160 4108 1345 4165 ‹zm-oisc
1368 4109 1436 4162 A.
1463 4062 1618 4165 αὐτὸς
1730 4148 1743 4162 .
1840 4110 1921 4163 καὶ
1946 4109 2283 4180 κατηρτίσθαι
2309 4111 2377 4164 A.
2403 4131 2548 4164 κεκα-

171 4178 416 4242 murlo-Oua
442 4178 545 4233 Ed.
578 4176 1032 4265 [κε]κατηρτι’σθαι
1058 4179 1265 4251 Migne.
1498 4195 1580 4234 10.
1618 4178 1676 4232 δε
1699 4177 1788 4250 ἂν]
1817 4178 1861 4233 δ
1886 4176 1948 4234 ἂν
1971 4181 2038 4233 A.
2262 4196 2343 4234 11.
2382 4183 2549 4248 σκλη-

170 4248 419 4313 Wvolbwos·
442 4251 509 4303 A.
537 4248 929 4320 σκληροῦμενος
954 4248 1057 4303 Ed.
1324 4262 1412 4305 12.
1440 4247 1504 4302 ἂν
1527 4246 1940 4391 ἔοιμιὲῖέομεν
1964 4250 2032 4305 A.
2304 4267 2387 4336 {4
2423 4272 2548 4304 ποτε

173 4320 219 4365 et
236 4316 264 4367 ὅ
285 4316 394 4375 θεὸς
415 4335 524 4373 om.
549 4321 622 4373 A.
871 4317 954 4373 16.
989 4318 1202 4391 φύσεως·
1225 4318 1293 4374 A.
1317 4273 1620 4391 φύσεωςῖμ
2075 4337 2158 4391 19.
2195 4341 2429 4374 τοιουτου
2451 4337 2549 4390 pro

174 4414 315 4475 οὗτος
318 4421 454 4500 ἕχον
473 4422 546 4475 A.
657 4421 980 4503 πεφρίκασιν
1003 4422 1071 4477 A.
1256 4439 1342 4477 21.
1368 4404 1783 4514 προβλεστάτην
1807 4422 1931 4493 (sic)
1955 4423 2024 4478 A.
2204 4440 2291 4491 24.
2329 4424 2549 4490 θελῆσαι

176 4483 268 4550 (bin
289 4489 475 4559 citans)
502 4492 571 4544 A.
598 4499 653 4544 et
677 4491 750 4546 ita
777 4491 983 4562 Migne.
1134 4491 1220 4547 26.
1246 4495 1327 4548 καὶ
1353 4494 1437 4547 ἐπὶ
1459 4492 1710 4565 ποίοις]’
1683 4515 1769 4547 επι
1793 4494 1961 4550 ποίοις
1983 4493 2040 4547 δε
2065 4495 2133 4548 A.
2281 4507 2365 4562 27.
2389 4492 2551 4562 μέγας

177 4571 262 4622 pro
280 4562 549 4631 πάνσοφος
572 4563 646 4617 A.
