3269 5166
1941 153 1970 166 f

258 282 289 345 i.
309 303 362 370 3.
710 284 818 349 IN
876 285 1393 352 EPISTOLAM
1452 284 1581 350 AD
1643 285 2149 351 HEBBAEOS.
2496 286 2682 453 36⁷[
2825 385 2952 450 Μ]

2709 396 2801 451 107
2889 423 2903 436 .

255 450 751 550 γεγεννημένος,
825 452 934 533 ἐπ’
1011 450 1308 549 ἐσχάτου
1378 450 1504 532 τὶἶν
1572 452 1812 559 ἡμερῶν
1885 451 2117 533 τούτων
2189 453 2627 555 γεγενῆσθαι

254 574 517 675 λέγεται
562 582 925 678 σαρκικῶς
966 579 1045 656 ἐκ
1091 575 1449 678 γυναικός.
1526 574 1854 676 ἀδικήσει
1908 575 1985 656 δὲ
2040 575 2231 659 ὅλως
2284 572 2489 655 οὐδὲν
2527 578 2625 659 εἷς

253 695 665 802 ἀρχαιότητα
705 704 1063 803 θεοπρεπῆ
1108 698 1236 780 τὸν
1269 702 1495 784 οὕτως
1493 700 1790 844 a⁶⁸')(‹w·r‹1
1835 698 2020 780 κατὰ
2055 697 2288 805 φύσιν
2321 696 2409 780 τὸ
2445 697 2619 778 νεῶ-

251 854 437 923 τερον
470 825 603 921 τῆς
634 823 1032 921 οἰκονομίας
1068 857 1226 904 ουτε
1262 821 1407 923 μὴν
1439 826 1568 922 τῆς
1606 823 1977 974 ὑπάρξεως
2013 823 2232 904 αὑτοῦ
2265 821 2353 902 τὸ
2384 855 2623 924 πρεσ-

207 945 547 1037 5βύτατον
607 945 743 1045 τὴν
799 948 1058 1027 οἰκείαν
1119 948 1467 1028 ἀπολέσει
1526 945 1774 1054 δόξαν·
1855 953 2258 1103 γέγραπται
2313 943 2460 1049 γὰρ
2517 944 2628 1027 ὅτι

253 1067 641 1169 “Χριστὸς
684 1070 966 1170 Ἰησοῦς
1021 1070 1188 1174 χθὲς
1243 1073 1360 1149 καὶ
1412 1070 1736 1173 σήμερον
1790 1072 1832 1149 5
1887 1069 2101 1155 αὐτὸς
2142 1074 2261 1150 καὶ
2318 1075 2417 1154 εἷς
2463 1070 2629 1155 τοὺς
2654 1092 2800 1208 ἔπιτε
2817 1095 2922 1145 xiii.

251 1199 289 1236 “
318 1194 634 1277 αἱῶνας.”
698 1192 809 1272 ὅτι
863 1191 940 1272 δὲ
996 1196 1112 1275 καὶ
1145 1196 1222 1274 ἐν
1253 1191 1477 1295 σαρκὶ
1518 1192 1860 1298 πεφηνὸς
1894 1192 2629 1296 προσμεμαρτύρηκεν

250 1314 467 1423 εαυτῷ
496 1313 584 1395 τὸ
638 1319 735 1399 ὡς
778 1318 855 1395 ἐν
889 1316 1044 1397 θεία
1078 1316 1300 1423 φύσει
1333 1317 1863 1418 πρεσβύτατον,
1901 1315 2351 1396 πιστώσεται
2396 1315 2633 1418 λέγων

249 1470 416 1539 προς
468 1437 855 1524 Ἰουδαίους
908 1451 951 1489 “
987 1438 1202 1539 Ἀμὴν
1237 1438 1429 1538 ἀμὴν
1463 1438 1656 1541 λέγω
1715 1441 1879 1539 ὑμῖν
1918 1473 2091 1539 πριν
2126 1436 2452 1540 Ἀβρααμ.
2499 1471 2620 1539 γε·
2656 1460 2876 1513 &Joan

170 1595 231 1638 ιο
249 1561 638 1642 “νέσθαι’
600 1562 744 1665 εγῶ
771 1566 956 1659 ειμι·’
959 1563 1177 1671 ’ἔφη
1205 1561 1282 1642 δὲ
1320 1564 1436 1641 καὶ
1464 1564 1506 1641 5
1534 1560 1922 1646 θεσπέσιος
1955 1560 2362 1663 Ἰωάννης
2329 1596 2371 1641 ο
2406 1562 2625 1664 εὐαγ-
2655 1527 2762 1576 ’,ἢ
2782 1528 2862 1590 58.

516 1683 540 1713 Ι

242 1695 580 1787 γελιστης
625 1696 671 1734 “
698 1687 869 1767 εὈ
833 1687 1072 1767 οπίσω
1106 1720 1248 1784 μου
1282 1684 1660 1790 ἐρχόμενος
1706 1685 2116 1790 εμπροσθέν
2149 1718 2290 1785 μου
2335 1684 2631 1788 γέγονεν
2655 1711 2800 1764 1b.i.
2823 1725 2898 1777 15.

246 1819 286 1857 “
316 1808 426 1889 ὅτι
465 1807 749 1912 πρῶτός
801 1843 942 1910 μου
983 1808 1141 1909 ἦν·”
1215 1816 1521 1890 πλουτεῖ
1567 1805 1713 1914 γὰρ
1748 1812 1824 1889 ἐν
1870 1815 2058 1890 πᾶσι
2110 1812 2229 1889 καὶ
2281 1809 2625 1912 πρωτεύει

244 1931 585 2035 Χριστός.

853 2122 977 2188 ‘Oc
1029 2121 1123 2189 ὢν
1178 2123 1568 2200 ἁπαύΓασμα
1622 2131 1738 2189 τῆς
1792 2122 2009 2192 δόξης.
2659 2138 2695 2196 3

159 2316 223 2376 15
338 2291 634 2397 Ὥσπερ
681 2298 883 2376 ἐστὶν
920 2295 1265 2399 ἄτρωτος
1301 2299 1343 2377 5
1384 2295 1642 2399 Πατὴρ
1678 2298 1785 2377 ἀεὶ
1823 2294 2171 2396 διαμένων
2212 2297 2413 2377 τοῦθ’
2454 2295 2630 2398 ὅπερ

244 2420 419 2513 ἐστὶ,
444 2418 701 2521 Πατὴρ
737 2417 1073 2520 δηλονότι
1107 2421 1245 2525 οὐχ
1269 2417 1467 2517 Υἱὸς,
1489 2422 1677 2500 οὕτω
1714 2424 1830 2500 καὶ
1866 2421 1908 2499 5
1935 2420 2110 2504 Υἱὸς
2143 2421 2635 2525 ἐμφιλοχωρεῖ

244 2550 383 2628 τοῖς
433 2544 650 2642 ἰδίοις,
687 2540 864 2629 Υιος
903 2545 1008 2623 ἀεὶ
1051 2543 1283 2641 με’νων
1320 2546 1437 2623 καὶ
1473 2551 1566 2629 εἷς
1605 2543 1901 2649 Πατέρα
1954 2542 2056 2645 μὴ
2089 2539 2629 2643 μεθιστάμενος,

248 2667 355 2745 ἵνα
388 2668 729 2773 φαίνηται
783 2703 900 2749 και
956 2670 1104 2748 κατ’
1143 2667 1318 2748 αὐτὸ
1363 2667 1453 2768 δὴ
1498 2673 1696 2749 τουτὶ
1748 2670 2100 2776 χαρακτὴρ
2136 2668 2480 2773 ὑπάρχων
2515 2705 2633 2762 της

244 2788 677 2877 ὖποστασεως
725 2799 854 2872 τοῦ
893 2788 1203 2893 Πατρός.
1260 2789 1393 2870 ’ίδοι
1428 2789 1496 2870 δ’
1535 2792 1625 2870 οἷν
1665 2825 1773 2875 τις
1809 2792 2000 2898 αὐτῷ
2033 2795 2160 2890 τῆς
2212 2799 2341 2871 τοῦ
2375 2789 2619 2871 τεκόν-

149 2941 223 2984 ²0
242 2946 359 2998 τος
413 2915 766 3017 ὑπεροχῆς
823 2916 941 2993 καὶ
991 2913 1136 3013 μὴν
1192 2917 1309 2993 καὶ
1369 2914 1690 2997 εὐκλείας
1747 2913 2111 3016 ἐμπρέπον
2166 2913 2251 2994 τὸ
2317 2912 2618 2999 κάλλος.

241 3034 425 3121 Θεὸς
476 3036 622 3140 γάρ
658 3041 858 3117 ἐστιν
893 3035 1231 3138 ἀληθινὸς
1274 3036 1364 3144 ἐξ
1410 3039 1756 3137 ἀληθινοῦ
1793 3043 2007 3135 Θεοῦ,
2044 3044 2202 3143 φῶς
2244 3038 2323 3116 ἐκ
2361 3035 2626 3142 φωτὸς,

238 3157 377 3261 ζωή
407 3193 484 3238 τε
525 3160 781 3257 ὁμοίως
814 3162 892 3240 ἐκ
928 3160 1131 3263 ζωῆς·
1202 3160 1725 3263 ὑπερανέστηκε
1764 3158 1842 3240 δὲ
1878 3168 2230 3241 τοσοῦτον
2265 3155 2398 3258 τὴν
2429 3157 2624 3257 σύμ-

232 3318 489 3364 πασαν
521 3285 760 3363 κτίσιν
796 3283 976 3364 ὅσον
1009 3283 1099 3363 ἂν
1133 3291 1366 3364 νοοῖτο
1411 3286 1528 3363 καὶ
1580 3281 1792 3369 αὐτὸς
1829 3285 1871 3364 5
1911 3283 2191 3386 Πατήρ.
2273 3283 2431 3363 ἔστι
2483 3280 2629 3385 γὰρ

234 3406 576 3508 ἀγένητος
612 3406 700 3513 ἐξ
727 3406 1096 3508 ἀγενήτου,
1136 3411 1253 3487 καὶ
1289 3408 1373 3486 οὑ
1406 3414 1554 3490 τοῖς
1597 3406 1687 3514 ἐξ
1737 3407 1865 3487 οὐκ
1919 3404 2147 3487 ὅντων
2182 3413 2279 3491 εἰς
2331 3405 2418 3486 τὸ
2456 3402 2631 3487 εἶναι

134 3559 212 3620 25
233 3529 867 3632 παρενηνεγμένοις
894 3530 1313 3633 ἐναρίθμιος·
1370 3526 1460 3629 ἦν
1481 3528 1625 3633 γὰρ
1654 3530 1694 3608 5
1718 3531 2015 3632 Λόγος’
1979 3563 2055 3608 εν
2084 3531 2273 3636 ἀρχῇ
2303 3564 2419 3610 και
2392 3529 2630 3614 Θεὸς
2661 3556 2735 3607 1b.
2753 3556 2790 3606 i.
2812 3572 2855 3609 ι.

234 3651 327 3753 ἦν
361 3655 403 3734 5
427 3651 691 3755 Λόγος·
751 3659 905 3737 πῶς
940 3653 1146 3732 οὖν*
1091 3688 1231 3755 αρα
1267 3650 1352 3733 τό
1380 3649 1623 3734 Οὐκ’
1577 3687 1669 3752 ην
1696 3651 2043 3753 ἀληθες”
1995 3688 2201 3733 εσται
2238 3650 2631 3754 λεγόμενον

232 3779 340 3858 ἐπ’
381 3779 603 3858 αὑτοῦ
656 3775 856 3879 παρὰ
911 3783 1057 3856 τῶν
1109 3784 1262 3860 ταῖς
1318 3776 1534 3860 θείαις
1590 3776 2100 3876 πολεμούντων
2145 3783 2515 3882 γραφαῖς;
2572 3781 2630 3855 εἶ

231 3902 379 4004 γάρ
420 3903 585 3982 ἐστι
638 3898 931 4002 γενητὸς
986 3902 1137 3980 κατ’
1178 3899 1455 3992 αὐτους,
1495 3901 2089 3981 συνυποκείσεται
2142 3899 2430 3983 πάντως
2480 3906 2630 3983 τοῖς

231 4023 495 4109 ἅλλοις
530 4022 765 4105 ἅπασι
811 4027 926 4104 καὶ
970 4023 1097 4105 τὸν
1133 4027 1261 4123 τῆς
1296 4024 1618 4108 δουλείας
1667 4021 2140 4130 παραδέξεται
2177 4021 2412 4126 ζυγὸν,
2449 4025 2623 4102 διοί-

310 4305 734 4435 ιοοέεγηημίνος
757 4305 1012 4362 mendose
1037 4305 1129 4361 Cr.
1521 4306 1574 4361 6.
1607 4306 1837 4395 Χριστὸς
1859 4303 2061 4375 Ἰησοῦς
2083 4305 2187 4360 hoc
2210 4304 2397 4360 ordine
2419 4302 2635 4359 exhibet

230 4386 287 4433 et
936 4395 1018 4432 10.
1056 4373 1468 4468 εὐαγγελιστῆς]
1484 4375 1781 4445 Βπτιστ-ἦς
1804 4376 2031 4431 correxit
2054 4377 2192 4431 male
2214 4374 2536 4454 intelligens
2542 4372 2634 4426 Cr.

236 4464 386 4517 15.e
408 4467 457 4506 c.
484 4449 587 4504 fol.
616 4465 720 4520 ²39
744 4466 799 4502 v.
823 4448 916 4519 qui
950 4448 1236 4518 praemittit
1270 4450 1300 4501 ὁ
1333 4450 1581 4530 μακάριος
1614 4448 1673 4502 δὲ
1710 4446 1954 4516 κῦριλλός
1986 4448 2172 4537 φησιν.
2246 4444 2424 4498 Verba
2460 4443 2635 4512 priora

230 4519 461 4595 (15-19)
497 4519 1096 4591 ὅσπερ-νποστάσεως
1120 4520 1214 4572 τοῦ
1234 4521 1429 4588 πατρός
1451 4519 1578 4574 citat
1601 4528 1655 4573 et
1681 4516 1756 4571 H.
1967 4533 2053 4584 24.
2085 4512 2362 4586 ἆγεννῆτου
2387 4511 2526 4566 Cod.
