3269 5166
629 324 757 386 150
1233 322 1314 385 B.
1361 320 1788 385 CYRILLI
1849 319 2436 385 ALEXANDR.
2801 322 3046 392 xx.28.

630 498 676 536 “
711 489 946 572 αὐτοῖς
1019 489 1124 567 Τί
1188 488 1698 591 τεταραγμένοι
1767 484 1961 583 ἐστὲ,
2040 488 2157 565 καὶ
2229 486 2348 565 διὰ
2421 486 2498 565 τί
2565 489 3047 587 διαλογισμοὶ

568 628 605 672 ⁰
631 623 674 658 “
711 613 1298 706 ἀναβαίνουσιν’
1262 646 1337 691 εν
1372 618 1525 695 ταῖς
1563 612 1957 712 καρδιάις’
1922 616 2165 706 υμῶν·
2141 672 2166 759 ‚⁹
2228 610 2412 690 ἴδετε
2448 608 2579 693 τὰς
2615 608 2862 715 χεῖράς
2899 645 3047 707 μου

629 745 673 782 “
712 769 831 814 και
866 768 1031 819 τους
1065 733 1293 818 πόδας
1341 770 1502 831 μου,
1541 733 1651 813 ὅτι
1698 734 1841 835 ἐγώ
1884 740 2023 832 εἶμι
2073 731 2312 818 αὐτός.
2385 732 2911 885 ψηλαφήσατέ
2952 769 3043 827 με

630 868 676 907 “
709 891 824 938 και
860 858 1137 956 ἴδετε,“
1099 892 1207 938 οτι
1251 868 1530 956 πνεῦμα
1569 857 1815 960 σάρκα
1852 862 1967 938 καὶ
2007 858 2229 937 ὀστεά
2270 860 2401 937 οὐκ
2435 858 2578 961 ἔχει
2626 856 2866 941 καθὼς
2918 856 3045 954 ἐμὲ

631 991 675 1027 “
710 988 1024 1084 θεωρεῖτε
1098 980 1374 1088 ἔχοντα.
1490 987 1611 1062 καὶ
1682 990 1892 1062 τοῦτο
1965 980 2183 1061 εἰπὼν
2255 980 2518 1086 ἔδειξεν
2591 982 2832 1063 αὐτοῖς
2909 1014 3041 1064 τας
3069 1012 3107 1072 5

631 1115 676 1152 “
712 1112 953 1211 χεῖρας
1007 1108 1123 1185 καὶ
1178 1105 1343 1190 τοὺς
1399 1103 1647 1189 πόδας.
1752 1105 1854 1184 ἔτι
1913 1104 1988 1185 δὲ
2008 1110 2024 1119 ’
2052 1104 2556 1184 ἀπιστούντων
2617 1105 2855 1183 αὐτῶν
2920 1108 3045 1184 καὶ

629 1240 676 1277 “
712 1228 1214 1334 θαυμαζόντων
1249 1228 1395 1309 ἀπὸ
1450 1234 1577 1327 τῆς
1631 1235 1858 1333 χαρᾶς
1914 1224 2107 1309 εἶπεν
2140 1229 2379 1312 αὐτοῖς
2407 1224 2688 1332 Ἔχετέ
2713 1262 2785 1306 τι
2825 1227 3038 1328 βρώ-

631 1365 675 1403 “
708 1388 930 1452 σιμον
969 1351 1262 1451 ἐνθάδε,
1325 1359 1390 1433 οἱ
1441 1352 1518 1432 δὲ
1568 1354 1930 1433 ἐπέδωκαν
1965 1352 2176 1458 αὐτῷ,
2216 1356 2469 1459 φησὶν,
2515 1349 2759 1455 ἰχθύος
2805 1353 3042 1432 ὀπτοῦ

630 1490 674 1526 “
711 1480 922 1582 με’ρος
960 1482 1074 1559 καὶ
1107 1477 1252 1558 ἀπὸ
1290 1478 1680 1576 μελισσίου
1718 1477 1981 1579 κηρίου,
2021 1480 2137 1555 καὶ
2174 1476 2432 1571 λαβὼν
2457 1477 2760 1555 ἐνώπιον
2796 1478 3043 1556 αὐτῶν

630 1613 675 1651 “
713 1602 1041 1707 ἕφαγεν.”
1119 1606 1291 1710 ὁρᾷς
1341 1600 1535 1684 ὅπως
1579 1602 1619 1679 ὃ
1656 1605 1784 1700 τῆς
1828 1599 2165 1684 ἀπιστίας
2215 1601 2591 1704 ἐνδομυχεῖ
2634 1599 3033 1703 λογισμὸς,
3071 1638 3142 1680 ιο

562 1743 606 1807 d
631 1728 762 1807 οὐκ
795 1728 872 1805 ἐν
906 1726 1102 1834 μόνῳ
1135 1733 1238 1835 τῷ
1285 1727 1610 1833 μακαρίῳ
1645 1729 1905 1831 Θωμᾷ,
1943 1732 2149 1804 νοσεῖ
2190 1722 2264 1803 δὲ
2311 1723 2395 1803 τὸ
2446 1721 2677 1808 πάθος
2723 1727 2842 1804 καὶ
2889 1732 3041 1804 τῶν

630 1851 885 1953 ἑτέρων
932 1858 1272 1950 μαθητῶν
1312 1852 1352 1930 ὁ
1405 1857 1611 1943 νοῦς;
1672 1846 1825 1929 ἰδοὺ
1875 1847 2019 1951 γὰρ
2070 1846 2222 1928 ἰδοὺ
2279 1851 2393 1927 καὶ
2448 1846 2630 1946 μετὰ
2678 1847 2813 1948 τὴν
2861 1849 3042 1928 θέαν

628 1980 775 2054 τῶν
813 1977 924 2054 ἐπὶ
970 1981 1074 2083 τῷ
1116 1980 1409 2081 σταυρῷ
1463 1970 1891 2076 τραυμάτων
1938 1976 2585 2074 ὀλιγοπιστοῦντας
2643 1973 2856 2074 ὀρῶν,
2896 1975 3031 2052 ἀν-

628 2099 939 2179 απείθειν
988 2095 1165 2206 ᾤετο
1220 2102 1366 2178 δεῖν
1420 2100 1536 2177 καὶ
1594 2099 1688 2177 δι’
1758 2098 1998 2200 ἑτερου
2054 2096 2501 2199 πράγματος,
2562 2098 2716 2176 κατ’
2780 2097 3040 2177 οὐδένα

626 2221 755 2319 μὲν
790 2221 1061 2374 τρόπον
1094 2223 1440 2321 πνεύματι
1475 2221 1893 2325 πρέποντος,
1931 2218 2314 2319 ἀνήκοντος
2354 2219 2427 2299 δὲ
2465 2226 2758 2317 μᾶλλον
2797 2226 3038 2304 ἱδικῶς
3069 2262 3139 2319 15

625 2354 775 2432 τοῖς
829 2345 973 2427 ἀπο
1028 2350 1162 2447 γῆς
1218 2347 1517 2444 σώμασι
1572 2379 1689 2424 και
1733 2351 1823 2449 τῇ
1879 2351 2024 2423 τῶν
2058 2351 2356 2447 σαρκῶν
2393 2342 2639 2450 φύσει.
2721 2343 3032 2445 κατεδή-

626 2476 791 2550 δοκε
832 2469 978 2572 γὰρ
1012 2469 1096 2550 τὸ
1145 2466 1631 2572 προκομισθὲν
1668 2468 2099 2574 ἱχθύδιον,”
2044 2503 2200 2569 ητοι
2249 2502 2334 2548 το
2384 2468 2472 2574 ἐξ
2512 2470 2734 2548 αὐτοῦ
2783 2469 3029 2570 μέρος.

628 2594 945 2696 ἀνάγκης
1000 2593 1074 2673 δε
1128 2629 1377 2698 ωσπερ
1425 2595 1637 2699 ἔργον
1691 2591 2024 2698 εκάτερον
2078 2590 2253 2673 εἶναι
2310 2593 2664 2692 δώσομεν.
2747 2599 3037 2697 φθορᾶς

628 2717 772 2821 γὰρ
818 2717 1008 2802 ὅλως
1053 2718 1458 2822 σωζομένης
1504 2718 1734 2799 οὐκέτι
1786 2717 1968 2815 μετὰ
2020 2716 2152 2818 τὴν
2187 2717 2597 2797 ἀνάστασιν
2636 2722 2764 2815 τῆς
2819 2719 3037 2818 ἁγίας

570 2882 607 2925 e
628 2843 960 2944 μάλιστα
1002 2841 1293 2946 σαρκὸς,
1328 2845 1613 2946 ἐπείπερ
1650 2843 1909 2936 ἀνεβίω
1945 2841 2128 2945 πρὸς
2176 2843 2615 2949 ἀφθαρσίαν,
2655 2844 2809 2922 ἀλλ
2869 2840 3035 2922 οὐδὲ
3065 2885 3141 2928 20

626 2972 899 3075 τροφῆς
938 2972 1064 3066 τῆς
1106 2965 1463 3067 συνήθους
1509 2969 1888 3065 δεδεῆσθαι
1924 2968 2510 3067 πεπιστευμένης,
2549 2966 2875 3069 καθάπερ
2914 2971 3037 3047 καὶ

624 3093 994 3197 πρότερον,
1033 3091 1296 3175 τύπους
1342 3091 1541 3192 ἥλων
1573 3090 1904 3197 ἐπέδειξε,
1943 3094 2058 3170 καὶ
2108 3094 2384 3197 τροφῆς
2429 3097 2865 3194 μεταλαχεῖν
2901 3092 3035 3171 οὐκ

627 3219 1018 3315 ἀνένευσεν,
1067 3217 1184 3296 ἵνα
1230 3215 1314 3295 τὸ
1363 3215 1549 3318 μέγα
1600 3219 1729 3314 τῆς
1777 3213 2247 3299 ἀναστάσεως
2289 3213 2560 3319 ῥιζώσῃ
2608 3217 3035 3317 μυστήριον,

629 3346 746 3423 καὶ
801 3341 932 3441 τὴν
985 3343 1102 3421 ἐπὶ
1159 3339 1391 3447 τούτῳ
1444 3340 1696 3420 πίστιν
1750 3346 1902 3422 ταῖς
1960 3337 2298 3418 ἁπάντων
2351 3338 2556 3438 ἡμῶν
2609 3338 3036 3444 ἐμφυτεύσῃ

625 3472 924 3571 ψυχαῖς.
1006 3464 1363 3569 ἐργάζεται
1420 3462 1495 3544 δὲ
1537 3461 1629 3542 τὰ
1679 3467 1805 3615 τῆς
1852 3468 1996 3541 τῶν
2029 3462 2452 3561 πνευμάτων
2490 3463 2782 3567 φύσεως
2836 3497 3027 3543 παν·
3065 3505 3144 3566 ²³

626 3597 853 3676 τελῶς
919 3589 1295 3693 ἀλλότρια.
1398 3588 1605 3670 τύποι
1673 3586 1815 3691 γὰρ
1884 3587 2104 3688 ἥλων,
2165 3589 2280 3667 καὶ
2339 3586 2768 3689 τραυμάτων
2844 3623 3036 3692 ιχνη,

626 3719 743 3797 καὶ
799 3719 1076 3821 τροφῆς
1129 3713 1412 3820 μέθεξις
1468 3716 1901 3811 σωματικῆς,
1939 3707 2245 3790 πόθεν
2202 3746 2292 3789 αν
2346 3709 2392 3812 ἢ
2442 3717 2597 3794 πῶς
2640 3712 3037 3817 ἐνυπάρχοι

625 3841 975 3942 πνεύματι
1013 3844 1264 3945 γυμνῷ
1298 3873 1377 3918 τε
1411 3834 1836 3918 παντάπασι
1892 3837 2009 3916 καὶ
2065 3833 2522 3943 ἀσυμπλόκω
2559 3838 2801 3937 σαρκὶ,
2847 3832 3037 3941 ᾗπερ

286 3988 451 4043 1109
472 3984 548 4041 A
570 4000 607 4040 a
628 3964 717 4046 ἂν
770 3965 1031 4069 πρέποι
1088 3961 1271 4044 κατά
1324 3996 1408 4065 γε
1449 3996 1576 4041 τον
1612 3957 1838 4063 λόγον
1873 3963 2001 4059 τῆς
2058 3958 2238 4043 ιδίας
2293 3958 2585 4066 φύσεως
2641 3961 2759 4038 καὶ
2809 3958 2898 4038 τὸ
2956 3962 3040 4041 ἐν

626 4089 902 4173 τούτοις
966 4091 1296 4190 γίνεσθαι
1358 4092 1653 4192 φιλεῖν;
1741 4085 1994 4164 οὐκοῦν
2059 4083 2176 4162 ἵνα
2238 4081 2339 4182 μὴ
2405 4091 2684 4180 πνεῦμα
2761 4083 3038 4164 λεπτὸν
3067 4133 3148 4191 30

628 4215 918 4296 οἴωνταί
974 4247 1157 4296 τινες
1220 4209 1598 4314 ἐγηγέρθαι
1660 4206 1786 4289 τὸν
1851 4206 2140 4312 Κύριον,
2206 4206 2381 4307 μήτε
2446 4206 2590 4307 μὴν
2655 4208 3040 4314 ἀνέπαφον

702 4379 877 4448 ιὸ-ρ
842 4396 895 4448 p.
939 4391 1058 4448 151,
1097 4375 1297 4444 4citat
1333 4371 1572 4428 collectio
1608 4370 2036 4426 testimoniorum
2076 4368 2287 4440 Syriaco
2324 4386 2489 4439 supra
2521 4369 2612 4423 oit.
2642 4386 2673 4423 e
2712 4367 2851 4424 cod.
2877 4370 3039 4428 Mus.

630 4451 764 4506 Brit.
793 4447 960 4520 (Add.
968 4391 1188 4574 5414552)
1216 4447 1309 4501 fol.
1336 4443 1406 4511 46
1433 4462 1483 4498 v.
1521 4459 1732 4497 necnon
1757 4442 1826 4497 ad
1851 4459 1961 4498 ver.
1990 4455 2058 4512 25
2082 4440 2220 4494 infra
2247 4438 2474 4494 Severus
2505 4449 2692 4494 contra
2722 4440 2931 4495 Julian.
2967 4460 3036 4497 ex

622 4522 774 4577 Bibl.
793 4452 981 4575 eadem
1011 4518 1158 4590 (Ad
1199 4515 1395 4587 12158)
1422 4514 1643 4580 fol.124
1666 4532 1718 4568 v.
2047 4527 2132 4579 24.
2170 4510 2263 4580 τὴν
2287 4520 2628 4581 assumptum
2656 4528 2723 4564 ex
2751 4511 2817 4566 E.
2925 4518 3039 4568 τῶν

628 4611 726 4665 pro
751 4595 862 4648 ταῖς
888 4591 1094 4663 Migne.
2621 4613 2630 4620 ·
