3269 5166
248 355 362 398 xx.
388 347 492 416 17.
806 332 923 398 IN
982 333 1052 400 S.
1099 332 1620 401 JOANNEM.
1711 333 1907 401 LIB.
1953 333 2118 400 XII.
2542 331 2670 397 119

247 503 382 577 τοῦ
436 494 647 599 ἁγίου
691 496 1033 598 σώματος
1075 497 1456 596 ἅπτεσθαι,
1505 496 1859 602 καθαροὺς
1917 496 1991 577 δὲ
2045 504 2339 597 μᾶλλον
2395 494 2664 576 ἀποδε-

249 618 686 722 δειγμένους,
759 620 876 703 διὰ
962 625 1091 722 τῆς
1179 624 1255 704 ἐν
1328 621 1682 723 πνεύματι
1744 623 2160 776 νοουμένης
2250 624 2661 725 περιτομῆς·
2727 668 2732 675 ·

247 744 685 848 “περιτομὴ
727 744 874 851 γὰρ
911 746 1280 850 καρδίας’
1243 782 1320 827 εν
1355 746 1762 848 πνεύματι,”
1804 745 1991 828 κατὰ
2024 745 2158 848 τὴν
2195 753 2323 826 τοῦ
2364 746 2669 827 Παύλου
2758 757 2909 873 {2⁰¹³-
2926 757 2980 807 ἱὶ·

250 866 530 974 φωνήν.
585 872 919 952 ἀλλὀὐκ
957 869 1047 951 ἂν
1086 873 1163 952 ἓν
1198 871 1368 972 ἡμῖν
1402 872 1448 972 ἡ
1475 874 1551 952 ἐν
1585 872 1938 972 πνεύματι
1974 871 2250 975 γένοιτο
2286 867 2664 974 περιτομὴ,
2792 837 2825 889 ⁹

179 1019 223 1081 5
249 991 355 1091 μὴ
406 994 919 1079 ἐνοικισθέντος
969 996 1046 1075 ἐν
1093 995 1264 1101 ἡμῖν
1307 1003 1437 1077 τοῦ
1470 994 1730 1100 Ἀγίου
1768 996 2209 1094 Πνεύματος,
2249 993 2366 1073 διά
2419 1027 2494 1073 τε
2541 996 2670 1093 τῆς
2694 1019 3004 1078 αΙΟΒΘΔ.

247 1116 567 1202 πίστεως
617 1123 736 1199 καὶ
786 1126 916 1200 τοῦ
961 1119 1171 1224 ἁγίου
1220 1119 1757 1221 βαπτίσματος·
1842 1126 1999 1205 πῶς
2035 1120 2161 1204 οὖν
2197 1119 2325 1199 οὐκ
2362 1115 2501 1198 ἔδει
2538 1115 2672 1218 τὴν

254 1241 574 1345 Μαριὰμ
629 1243 1080 1351 ἐξείργεσθαι
1142 1243 1316 1329 τέως
1379 1248 1509 1345 τῆς
1572 1251 1702 1325 τοῦ
1767 1243 2108 1343 σώματος
2172 1246 2475 1350 ἐπαφῆς,
2542 1249 2670 1322 τοῦ

250 1365 466 1465 ἁγίου
521 1364 597 1446 δὲ
646 1369 1011 1469 δηλονότι,
1053 1376 1438 1466 λαβοῦσαν
1475 1369 1676 1450 οὔπω
1725 1402 1811 1450 το
1851 1372 2202 1469 Πνεῦμα·
2183 1429 2204 1465 ,
2274 1402 2334 1446 ει
2369 1364 2514 1470 γὰρ
2549 1367 2669 1446 καὶ

249 1487 603 1594 ἐγήγερτο
639 1490 969 1595 Χριστος
1017 1494 1095 1574 ἐκ
1146 1499 1435 1596 νεκρῶν,
1486 1494 1657 1573 ἀλλ’
1699 1495 1899 1574 οὔπω
1951 1526 2036 1572 το
2073 1496 2375 1589 Πνεῦμα
2423 1490 2670 1571 δέδοτο

135 1652 226 1694 ιο
250 1618 348 1719 τῇ
384 1614 886 1718 ἀνθρωπότητι
918 1615 1119 1720 παρὰ
1158 1615 1450 1722 Πατρος
1493 1618 1578 1697 δι’
1618 1617 1865 1701 αὐτοῦ.
1932 1612 2260 1697 ἀνελθων
2295 1613 2440 1719 γὰρ
2487 1613 2669 1718 πρὸς

249 1734 385 1818 τὸν
422 1737 614 1819 Θεὸν
657 1744 775 1821 καὶ
814 1737 1128 1861 Πατερα,
1176 1741 1716 1849 κατέπεμψεν
1676 1745 1841 1842 ημῖν
1880 1738 2078 1840 αὐτο,
2132 1739 2244 1821 διὸ
2298 1742 2414 1820 καὶ
2461 1735 2670 1841 ελεγε

253 1871 301 1909 “
254 1863 796 2035 ι6Συμφερει”
758 1870 923 1966 υμῖν
975 1866 1094 1946 ἵνα
1140 1865 1282 1972 ἐγὼ
1338 1866 1661 1966 ἀπέλθω,
1718 1864 1842 1946 ἐὰν
1895 1862 2040 1970 γαρ
2093 1863 2195 1966 μὴ
2251 1864 2669 1962 ἀπέλθω,ο
2640 1864 2660 1889 ‘

254 1985 806 2091 παράκλητος
876 1991 961 2071 οὐ
1034 1988 1135 2092 μὴ
1208 1986 1394 2096 ’ἔλθῃ
1454 1988 1641 2149 πρὸς
1700 1992 1908 2091 υμᾶς·
2015 1987 2140 2071 ἐὰν
2206 1988 2284 2069 δὲ
2347 1988 2669 2087 ἀπέλθω,

258 2110 617 2219 “πε’μψω
652 2110 872 2194 αὐτον
905 2148 1087 2218 προς
1125 2116 1354 2215 15μᾶςῖ
1449 2115 1653 2196 οὔπω
1689 2122 2074 2219 τοιγαροῦν
2109 2113 2665 2220 καταπεμφθέν-
2692 2115 2738 2183 b

150 2271 174 2310 1
190 2270 233 2327 5
259 2270 387 2322 τος
420 2235 591 2335 ἡμῖν
630 2245 761 2318 τοῦ
803 2237 1060 2341 Ἀγίου
1099 2239 1540 2339 Πνεύματος,
1578 2241 1779 2320 οὔπω
1827 2237 1973 2343 γὰρ
2009 2235 2443 2338 ἀναβεβήκει
2487 2234 2673 2341 πρὸς

255 2356 392 2440 τὸν
448 2360 761 2466 Πατέρα,
820 2366 916 2447 ὡς
972 2365 1172 2444 οὔπω
1230 2362 1315 2445 τὸ
1357 2369 1657 2465 Πνεῦμα
1712 2371 2104 2459 λαβοῦσαν
2161 2363 2484 2466 ἀπείργει
2537 2359 2672 2460 τὴν

262 2483 600 2588 Μαριὰμ,
637 2484 877 2590 λέγων
926 2487 1046 2583 Μῆ
1097 2525 1231 2597 μου
1281 2484 1532 2581 ἅπτου,
1594 2485 1776 2570 οὔπω
1829 2485 1970 2597 ‘step
2025 2488 2450 2585 ἀναβέβηκα
2503 2484 2670 2594 πρὶς

256 2614 368 2690 τὶν
420 2607 714 2719 Πατέρα,
760 2612 1152 2713 τουτέστιν,
1209 2615 1411 2696 οὔπω
1464 2611 1550 2695 τὸ
1583 2612 1851 2717 Ἀγιον
1887 2617 2190 2710 Πνεῦμα
2238 2611 2670 2718 κατέπεμψα

256 2730 447 2838 πρὸς
509 2737 713 2833 ὑμᾶς.
795 2738 1115 2819 ἐντεῦθεν
1178 2746 1333 2824 ταῖς
1399 2738 1816 2840 ἐκκλησίαις
1874 2738 1916 2818 ὃ
1973 2736 2220 2822 τύπος.
2300 2736 2670 2839 τοιγάρτοι

145 2892 232 2936 20
258 2862 384 2938 καὶ
433 2861 564 2959 τῆς
612 2864 800 2964 ἱερᾶς
854 2861 1202 2968 τραπέζης
1247 2862 1658 2970 ἐξείργομεν
1706 2865 1825 2943 καὶ
1877 2859 2044 2946 τοὺς
2092 2860 2491 2964 ἐγνωκότας
2539 2858 2671 2958 μὲν

258 2983 485 3063 αὐτοῦ
555 2982 690 3083 τὴν
762 2983 1069 3088 θεότητα
1141 2990 1259 3068 καὶ
1326 2985 1933 3091 ὁμολογήσαντας
1994 2987 2131 3088 ἤδη
2201 2983 2335 3085 τὴν
2395 2985 2666 3081 πίστιν,

258 3104 616 3200 τουτέστι,
676 3107 844 3195 τοῦς
903 3110 1007 3191 ἔτι
1062 3108 1652 3218 κατηχουμένους,
1719 3109 1821 3211 μὴ
1879 3107 2024 3211 μὴν
2085 3110 2203 3190 καὶ
2267 3105 2351 3189 τὸ
2403 3105 2669 3210 “Αγιον
2697 3141 2734 3188 ο

262 3236 569 3329 Πνεῦμα
607 3234 1190 3337 πλουτήσαντας.
1270 3243 1418 3321 τοῖς
1455 3234 1597 3341 γὰρ
1636 3238 1835 3318 οὔπω
1884 3231 2493 3334 βεβαπτισμένοις
2541 3232 2671 3313 οὐκ

257 3357 531 3436 ἐνοικεῖ.
599 3356 781 3439 ἐπὰν
816 3357 892 3439 δὲ
928 3368 1059 3441 τοῦ
1092 3359 1352 3463 Ἀγίου
1389 3361 1809 3460 Πνεύματος
1846 3362 2323 3465 ἀποδειχθεῖεν
2357 3358 2669 3463 μέτοχοι,

152 3511 233 3572 ²5
259 3475 428 3559 τότε
477 3483 593 3561 καὶ
641 3482 1001 3566 ἅπτεσθαι
1049 3493 1179 3566 τοῦ
1230 3488 1568 3589 Σωτῆρος
1621 3484 1826 3585 ἡμῶν
1858 3490 2191 3588 Χριστοῦ
2247 3480 2332 3563 τὸ
2388 3479 2673 3562 κωλύον

262 3603 494 3686 οὐδέν.
573 3605 937 3712 τοιγάρτοι
988 3611 1103 3690 καὶ
1146 3615 1294 3694 τοῖς
1328 3614 1720 3716 μετασχεῖν
1755 3607 2137 3691 ἐθέλουσιν
2172 3607 2508 3711 εὐλογίας
2542 3608 2675 3706 τῆς

261 3734 642 3831 μυστικῆς,
695 3736 761 3813 οἱ
823 3739 971 3813 τῶν
1026 3734 1235 3815 θείων
1288 3733 1711 3838 μυστηρίων
1769 3740 2299 3840 προσφωνοῦσι
2351 3743 2673 3834 λειτουρ-

261 3855 393 3957 γοί
456 3859 599 3935 ΤΑ
666 3856 939 3938 ἈΓῙΑ
1013 3860 1264 3937 ΤΟΙΣ
1337 3856 1742 3956 ἈΓΙΟῙΣ,
1814 3852 2428 3960 πρεπωδεστάτην
2495 3851 2671 3935 εἶναι

261 3978 729 4064 διδάσκοντες
789 3988 935 4062 τῶν
1005 3980 1231 4085 ἁγίων
1293 3978 1428 4080 τὴν
1489 3980 1781 4088 μέθεξιν
1850 3987 1996 4066 τοῖς
2059 3977 2526 4084 ἡγιασμένοις
2596 3982 2674 4059 ἐν

156 4141 234 4199 3ο
264 4108 341 4186 Π
344 4102 664 4204 νεύματι-

2757 1857 2925 1990 Eup-⁷3

2697 4201 2744 4270 d

332 4338 386 4394 5.
425 4324 484 4381 b
506 4331 853 4395 assumptum
874 4340 942 4378 ex
967 4322 1016 4379 1.
1336 4323 1516 4397 6-30
1537 4325 1666 4382 citat
1688 4342 1744 4396 p.
2064 4322 2117 4379 8.
2155 4321 2214 4378 δὲ
2218 4322 2477 4412 expungi
2498 4321 2672 4379 voluit

260 4397 474 4470 Migne,
497 4395 641 4452 forte
662 4403 846 4450 tamen
868 4402 1075 4466 praeter
1097 4394 1484 4452 necesmtatem.
1717 4412 1805 4453 22.
1840 4393 1961 4453 τους
1982 4392 2086 4467 ἔτι]
2114 4393 2285 4450 ουκέτι
2308 4394 2428 4451 τοὺς
2449 4393 2527 4449 ἔτι
2555 4393 2601 4449 I.
