3269 5166
324 426 347 491 [
494 426 555 476 Μ
594 331 777 491 ]414
995 329 1073 393 Β.
1115 327 1491 393 CYRILLI
1546 322 2075 392 ALEXANDR.
2133 326 2696 391 FRAGMENTA
2834 323 3004 387 xii.2.

378 438 470 488 ¹²4
558 464 570 476 .

965 559 1081 626 Ἐν
1137 561 1319 653 δεξιᾷ
1375 585 1446 628 τε
1500 565 1613 627 τοῦ
1665 562 1901 650 θρόνου
1955 565 2066 626 τοῦ
2122 558 2293 625 Θεοῦ
2349 559 2706 625 κεκάθικεν.

760 731 1046 832 Δανιὴλ
1094 742 1272 835 γοῦν
1317 735 1648 817 θεοπτίας
1691 734 1860 832 ἡμῖν
1896 731 2341 836 ἀναγράφων
2383 733 2500 811 καὶ
2536 727 2816 831 ὁράσεις
2846 759 3006 828 προ·

307 877 441 991 {³5¹²-
458 892 544 926 vn.
573 891 620 942 9
648 855 971 963 φητικὰς,
1012 857 1270 960 καθίζει
1307 858 1438 956 μὲν
1472 860 1586 938 ἐπὶ
1624 856 1883 959 θρόνου
1931 855 2059 937 τὸν
2094 853 2409 937 παλαιὸν
2447 855 2750 957 ἡμερῶν·
2805 851 3010 951 περιί-

647 1014 876 1079 στησι
941 979 1016 1061 δὲ
1076 983 1268 1088 αὐτῷ
1332 980 1569 1084 χιλίας
1632 1015 1765 1080 μεν
1828 980 2158 1084 χιλιάδας
2222 986 2368 1058 τῶν
2431 975 2868 1077 τεταγμένων
2933 979 3019 1058 εἷς

646 1106 1126 1207 λειτουργίαν,
1168 1104 1419 1206 μυρίας
1459 1101 1535 1183 δὲ
1572 1104 1919 1206 μυριάδας
1956 1109 2102 1184 τῶν
2137 1109 2650 1205 παραστατῶν·
2726 1098 3017 1180 Ἡσαΐας
3041 1125 3070 1182 5

309 1239 551 1289 Es.vi.1.
647 1226 722 1307 δὲ
759 1227 887 1307 οὐκ
923 1229 1000 1306 ἐν
1033 1228 1258 1324 μείονι
1295 1225 1477 1334 δόξῃ
1501 1229 1894 1307 τεθεᾶσθαί
1924 1234 2116 1333 φησι
2150 1226 2278 1306 τὸν
2307 1224 2487 1306 Υὶόν
2522 1236 2567 1273 “
2591 1221 2864 1320 Εἶδον,”
2893 1254 3021 1323 γαρ

646 1349 808 1454 ἔφη,
865 1361 908 1398 “
926 1350 1055 1430 τὸν
1109 1349 1379 1453 Κύριον
1434 1350 1749 1446 σαβαὼθ
1808 1350 2207 1449 καθήμενον
2264 1353 2379 1431 ἐπὶ
2434 1350 2696 1452 θρόνου
2751 1351 3023 1452 ὑψηλοῦ

672 1478 845 1554 ‘ocal
887 1473 1302 1578 ἐπηρμένου,
1339 1478 1457 1554 καὶ
1504 1474 1791 1578 πλήρης
1837 1477 1877 1554 5
1920 1472 2112 1560 οἶκος
2153 1478 2282 1574 τῆς
2320 1473 2537 1580 δόξης
2575 1474 2840 1552 αὑτοῦ.ἱ
2922 1473 3026 1549 καὶ

306 1628 389 1678 lb.
408 1642 453 1676 α.
646 1607 691 1645 “
729 1602 1062 1705 Σεραφιμ
1106 1597 1563 1699 εἶστήκεισαν
1606 1599 1850 1708 κύκλω
1897 1597 2174 1699 αὑτοῦ,”
2236 1603 2353 1679 καὶ
2402 1597 2881 1701 ἐκεκράγεσαν
2915 1593 3028 1674 τὸν

305 1750 384 1800 1b.
401 1766 450 1813 3.
644 1724 720 1802 ἐν
774 1724 1035 1829 τριττῷ
1086 1721 1218 1821 μὲν
1275 1725 1350 1802 ἐν
1405 1725 1617 1828 ἀρχῇ,
1656 1721 2162 1826 καταλήγοντα
2217 1722 2293 1802 δὲ
2356 1728 2455 1806 εἰς
2500 1720 2723 1801 ἑνάδα
2779 1723 2894 1800 καὶ
2944 1723 3028 1801 εἰς
3055 1750 3112 1791 10

646 1843 1022 1948 κυριότητα
1076 1847 1268 1943 μίαν,
1325 1846 1709 1949 ἁγιασμόν.
1786 1843 1930 1949 ἆρά
1986 1880 2110 1926 σοι
2169 1851 2363 1927 δοκεῖ
2412 1844 2498 1925 τὸ
2561 1840 2913 1945 ἶσοπαγὲς
2965 1843 3033 1919 ἐν

647 1968 825 2076 δόξῃ
861 1971 1003 2077 ἰδίᾳ
1039 1975 1429 2075 κεκτῆσθαι
1466 1970 1726 2052 λοιπὸν
1762 1973 1802 2049 5
1831 1968 2004 2055 Υἱός
2029 2004 2052 2069 3
2116 1970 2299 2051 ὅπου
2327 1967 2473 2072 γὰρ
2511 1967 2768 2072 θρόνος
2803 1969 2842 2048 5
2868 1971 3035 2046 ἀνω-

644 2094 860 2192 τάτω,
898 2095 1015 2173 καὶ
1071 2092 1470 2191 ἰσοδασμὸς
1529 2095 1574 2194 ἡ
1633 2094 1970 2200 ὑπεροχὴ,
2008 2098 2127 2174 καὶ
2183 2101 2328 2175 τῶν
2364 2095 2440 2173 ἐν
2486 2094 2771 2201 οὐρανῷ
2827 2088 3029 2171 δυνά·

644 2253 834 2315 μεων
873 2219 916 2317 ἡ
961 2221 1057 2302 ὡς
1102 2221 1178 2297 ἐν
1213 2217 1456 2327 κύκλῳ
1502 2219 1791 2317 στάσις,
1828 2216 1912 2299 τὸ
1968 2222 2096 2318 τῆς
2152 2217 2476 2301 δουλείας
2529 2224 2678 2296 τῶν
2732 2221 3037 2318 γενητῶν

645 2338 1134 2448 ἐμφανίζουσα
1168 2340 1446 2445 μέτρον,
1474 2346 1592 2423 καὶ
1627 2342 1761 2443 τὴν
1797 2347 1924 2442 τῆς
1961 2339 2371 2444 κυριότητος
2408 2338 2632 2448 δόξαν
2670 2373 3039 2444 προσμαρ-
3065 2364 3122 2424 15

644 2473 962 2567 τυροῦσα
1017 2471 1118 2573 τῷ
1168 2467 1563 2574 καθημένῳ,
1602 2473 1811 2546 ποῖον
1861 2463 1952 2545 ἂν
1999 2465 2149 2570 ἔχοι
2198 2462 2421 2544 τόπον
2458 2468 2914 2564 ἐνδοιασμοῦ,
2949 2460 3039 2560 μὴ

645 2595 736 2693 τῇ
788 2597 913 2668 τοῦ
956 2594 1025 2668 Π
1031 2588 1244 2692 ατρὸς
1292 2589 1648 2693 κυριότητι
1686 2597 1963 2698 φυσικῇ
2000 2588 2604 2693 καταγλαΐᾷσθαι
2644 2588 2778 2669 τὸν
2816 2582 3037 2682 Υἱόν,

646 2710 845 2811 πλὴν
899 2714 1124 2792 καίτοι
1167 2714 1505 2815 ἲσοκλεὴς
1560 2718 1677 2795 καὶ
1734 2713 2122 2819 ὁμόθρονος
2177 2713 2275 2793 ὧν
2325 2716 2365 2792 5
2408 2711 2695 2816 Κύριος,
2738 2715 2839 2796 ὡς
2882 2709 3047 2793 Υἱὸς

653 2837 892 2937 Πατρὶ
951 2841 1068 2916 καὶ
1127 2837 1314 2923 Θεὸς
1372 2841 1559 2946 Θεῷ,
1609 2840 1989 2942 μονονουχὶ
2046 2841 2163 2916 καὶ
2229 2844 2325 2919 εἷς
2386 2834 2612 2942 ἀρχὰς
2675 2841 2807 2935 τῆς
2870 2835 3045 2914 οὕτω

647 2966 1081 3063 περιφανοῦς
1129 2966 1243 3041 καὶ
1293 2963 1778 3065 ὑπερκοσμίου
1829 2960 2046 3068 δόξης
2084 2959 2654 3062 ἀναβιβάζεσθαι
2699 2965 2903 3040 δοκεῖ
2941 2956 3049 3036 διὰ
3071 2998 3130 3037 20

647 3083 779 3183 τὴν
815 3083 1057 3187 σάρκα
1095 3088 1211 3165 καὶ
1249 3084 1380 3185 τὴν
1418 3083 1597 3185 μετὰ
1631 3085 1904 3188 σαρκὸς
1942 3087 2367 3185 οἰκονομίαν,
2405 3083 2687 3164 ἀκούων
2726 3094 2772 3129 “
2807 3081 3049 3163 Κάθου

648 3218 693 3256 “
729 3213 807 3288 ἐκ
859 3210 1112 3316 δεξιῶν
1145 3245 1285 3307 μου
1321 3210 1450 3293 ἕως
1489 3207 1578 3290 ἂν
1615 3215 1720 3289 θῶ
1759 3209 1921 3294 τοῦς
1961 3207 2256 3315 ἐχθρούς
2303 3243 2444 3288 σου
2481 3206 2882 3288 ὑποπόδιον
2915 3212 3051 3287 τῶν

648 3343 691 3379 “
727 3338 972 3412 ποδῶν
1007 3336 1223 3413 σου.”
1293 3332 1334 3413 ὃ
1369 3332 1516 3436 γὰρ
1551 3331 1642 3413 ἂν
1679 3333 2234 3436 ὑποστορέσειεν
2267 3334 2482 3438 ἑαυτῇ
2522 3328 3054 3435 κατευνάζουσα

646 3455 691 3554 ἡ
749 3458 901 3535 θεία
959 3456 1205 3563 φύσις,
1267 3466 1478 3538 τοῦτο
1543 3455 1631 3558 δὴ
1698 3456 1987 3542 πάντως
2050 3464 2197 3541 τοῖς
2263 3466 2389 3537 τοῦ
2447 3459 2794 3559 Σωτῆρος
2854 3455 3051 3555 ἡμῶν

649 3580 1076 3684 ὑποφέρεται
1130 3585 1376 3679 ποσὶν,
1434 3583 1562 3662 οὐκ
1617 3581 2080 3685 ἀνθρωπίνως
2135 3580 2628 3684 ἐνηργηκότος,
2688 3578 2857 3659 οὐδὲ
2911 3575 3060 3658 ἐπεί
3075 3605 3136 3666 25

646 3735 758 3782 τοι
805 3704 1051 3806 γε’γονε
1105 3704 1323 3812 σὰρξ,
1362 3704 1479 3785 διὰ
1527 3714 1741 3785 τοῦτο
1797 3712 2079 3810 κρατεῖν
2115 3712 2261 3784 τῶν
2315 3703 2814 3805 ἠπειθηκότων
2851 3700 3054 3807 ἶσχό-

648 3854 874 3910 οντος·
952 3831 1123 3908 ἀλλ’
1164 3829 1272 3909 ὅτι
1327 3834 1454 3930 τῆς
1508 3827 2058 3932 ἀνθρωπότητος
2106 3827 2191 3908 τὸ
2237 3827 2772 3931 σμικροπρεπὲς
2825 3833 2922 3912 εἷς
2975 3821 3054 3905 τὸ

647 3957 775 4050 τῆς
811 3951 1152 4034 ἀνωτάτω
1191 3952 1483 4059 φύσεως
1517 3955 1797 4038 ἀναθεὶς
1836 3952 2145 4060 ἀξίωμα,
2188 3959 2302 4032 καὶ
2350 3958 2498 4035 τοῖς
2534 3955 2662 4050 τῆς
2721 3949 3055 4051 θεότητος

648 4076 902 4161 θώκοις
956 4076 1332 4180 ἐνιδρύσας
1384 4074 1637 4158 ἑαυτὸν
1692 4079 1808 4157 καὶ
1857 4076 2038 4176 μετὰ
2074 4074 2346 4180 σαρκὸς
2385 4077 2425 4155 5
2466 4074 2900 4178 Μονογενὴς
2934 4079 3055 4154 τοῦ

649 4206 841 4280 Θεοῦ
877 4199 1140 4303 Λόγος,
1177 4200 1651 4305 κατακυριεύει
1686 4207 1831 4280 τῶν
1869 4200 2065 4281 ὅλων
2101 4202 2185 4281 οὐ
2223 4200 2386 4305 δίχα
2426 4196 2748 4303 Πατρός·
2822 4196 3054 4279 πάντα
3075 4228 3142 4287 3ο

647 4323 793 4428 γὰρ
830 4327 914 4405 δι’
956 4328 1228 4432 ἀμφοῖν
1262 4327 1339 4405 ἐν
1374 4324 1538 4433 ἴσω,
1574 4327 2027 4430 ἐνεργοῦντος
2077 4323 2209 4424 μὲν
2243 4333 2373 4404 τοῦ
2415 4321 2727 4425 Πατρὸς,
2769 4322 3057 4428 ἔχοντος

648 4518 853 4627 Μέιεέε
843 4505 1029 4575 τριττῷ
1053 4501 1216 4560 habet
1241 4501 1893 4574 Cod.13.
1931 4502 2224 4573 ἴσοδασμος
2248 4500 2386 4558 Cod.
2413 4500 2726 4571 ῖσοδῦναμος
2750 4498 3055 4556 emendavit
