3269 5166
634 363 763 427 338
984 359 1061 425 B.
1110 358 1483 424 CYRILLI
1536 312 2059 421 ALEXANDR.
2117 355 2682 419 FRAGMENTA
2807 352 2900 415 iii.
2936 352 3034 414 18.

314 462 581 529 [91M·]

538 618 859 699 ΙὸἫμεῖε
914 621 986 686 δὲ
1040 622 1279 687 πάντες
1333 620 1933 703 ἀνακεκαλυμμένῳ
1987 617 2328 708 προσώπῳ
2380 616 2498 683 τήν
2553 617 2754 685 δόξαν
2804 615 3038 704 Κυρίου

739 747 1304 837 κατοπτριζόμενοι
1348 746 1466 813 τιὶν
1504 744 1707 847 αῦτι-ὶν
1745 741 1965 810 εἰκόνα
2015 744 2610 832 μεταμορφούμεθα
2649 743 2785 809 ἀπὸ
2839 742 3037 809 δόξης

737 870 830 937 εἰς
884 873 1103 950 δόξαν,
1159 874 1453 962 καθάπερ
1507 871 1642 938 ἀπὸ
1699 871 1925 959 Κυρίου
1981 872 2367 946 πνεύματος.

755 1064 1040 1160 Μωσῆς
1094 1058 1224 1160 μὲν
1278 1059 1424 1163 γὰρ
1478 1061 1775 1139 ἐπετίθει
1829 1060 2057 1167 ἑαυτῷ
2107 1057 2449 1157 κάλυμμα
2493 1057 2610 1139 διά
2647 1092 2760 1137 τοι
2806 1056 2893 1138 τὸ
2937 1056 3040 1157 μὴ

298 1185 465 1313 ξῗΡη
478 1201 583 1236 '⁰¹²
642 1181 994 1263 δύνασθαι
1031 1181 1193 1268 τοὺς
1232 1184 1419 1268 υἱοὺς
1456 1181 1764 1285 Ἰσραὴλ
1803 1188 2106 1263 κατιδεῖν
2144 1194 2186 1230 “
2209 1182 2342 1283 τὴν
2377 1180 2599 1288 δόξαν
2635 1190 2764 1261 τοῦ
2801 1215 3042 1285 προσ-
3067 1207 3103 1265 5

643 1317 687 1355 “
723 1306 923 1387 ὥπου
958 1309 1243 1387 αὑτοῦ·”
1321 1309 1620 1412 ψυχικοὶ
1671 1305 1815 1409 γὰρ
1851 1305 2046 1407 ἦσαν
2081 1309 2199 1387 καὶ
2243 1309 2572 1409 σαρκικοὶ
2610 1308 2728 1385 καὶ
2765 1307 3041 1389 ἀτελεῖς

640 1435 739 1515 εἷς
792 1430 1068 1511 πίστιν·
1147 1430 1343 1530 ἡμεῖς
1399 1432 1476 1510 δὲ
1521 1436 1588 1509 οἱ
1632 1433 1885 1510 πιστοὶ
1939 1429 2058 1510 διὰ
2098 1433 2227 1529 τῆς
2261 1438 2390 1509 τοῦ
2431 1429 2851 1527 Πνεύματος
2906 1434 3038 1535 δᾳ·

641 1557 928 1660 δουχίας
997 1554 1554 1659 πεφωτισμένην
1615 1555 1897 1659 ἔχοντες
1971 1552 2103 1653 τὴν
2167 1555 2463 1657 καρδίαν
2526 1557 2643 1634 καὶ
2708 1560 3044 1654 καθαρῶς

641 1679 939 1776 βλέπειν
974 1677 1206 1758 εἰδότα
1253 1683 1379 1777 τῆς
1436 1678 1745 1762 διανοίας
1799 1676 1925 1758 τόν
1961 1676 2349 1784 ὀφθαλμὸν
2398 1674 3042 1786 ἀνακεκαλυμμένῳ

643 1801 984 1912 προσώπῳ
1040 1801 1427 1900 τεθεάμεθα
1492 1800 1620 1880 τὸν
1681 1799 1972 1904 Κύριον·
2052 1800 2414 1903 λελάληκε
2481 1799 2625 1903 γὰρ
2685 1801 2859 1900 ἡμῖν
2924 1803 3042 1880 καὶ
3074 1841 3151 1881 ιο

645 1924 858 2032 ὤφθη
912 1927 987 2004 ἐν
1047 1922 1225 2031 δόξῃ
1291 1930 1408 2004 καὶ
1467 1926 1780 2030 ὑπεροχῇ
1834 1930 1925 2029 τῇ
1980 1924 2586 2031 θεοπρεπεστάτῃ·
2650 1925 2843 2005 Θεὸν
2898 1923 3046 2028 γὰρ

645 2046 861 2129 αὑτὸν
916 2049 1323 2151 ἐγνώκαμεν
1376 2053 1792 2153 χαρακτῆρα
1849 2054 1977 2147 τῆς
2033 2048 2509 2133 ὑποστοίσεως
2550 2057 2678 2129 τοῦ
2720 2048 3039 2150 Πατρός.

647 2176 744 2257 ὡς
807 2175 882 2252 ἐν
947 2170 1280 2280 ἐσόπτρῳ
1344 2173 1470 2253 οὖν
1533 2180 1932 2277 θεωροῦμεν
2001 2171 2134 2273 τὴν
2203 2175 2400 2253 θείαν
2459 2176 2574 2252 καὶ
2634 2172 3049 2275 ἀπόῤῥητον

647 2298 898 2448 φύσιν,
936 2294 1509 2396 μεταπλάττεται
1563 2296 1708 2400 γὰρ
1763 2293 2013 2399 ὥσπερ
2068 2302 2214 2376 τῶν
2256 2295 2743 2377 πιστευόντων
2789 2298 2830 2376 ὁ
2882 2304 3049 2381 νοῦς

646 2423 725 2501 ἐκ
752 2425 1039 2520 νομικῆς
1061 2421 1432 2520 εὐμαθείας
1458 2426 1556 2505 εἷς
1590 2421 1969 2501 παίδευσιν
1999 2418 2487 2522 εὖαγγελικὴν,
2526 2424 2641 2499 καὶ
2677 2453 3041 2523 μεταμορ-
3076 2461 3153 2519 15

648 2550 910 2652 φοῦται
962 2543 1231 2649 τρόπον
1276 2541 1434 2625 τινὰ
1490 2549 1587 2630 εἷς
1645 2543 1917 2645 εἴδησιν
1973 2542 2106 2642 τὴν
2164 2542 2663 2644 πνευματικὴν,
2721 2550 2937 2630 σκιᾶς
3000 2541 3048 2645 ἢ

646 2668 893 2750 τύπων
946 2670 1071 2750 οὐκ
1122 2666 1568 2773 ἀνεχόμενος,
1630 2670 1800 2748 ἀλλ’
1855 2670 1933 2747 ἐκ
1989 2662 2180 2775 δόξης·
2234 2672 2364 2767 Τῆς
2414 2666 2599 2748 κατὰ
2646 2666 2776 2748 τὸν
2826 2669 3050 2767 νόμον

651 2801 745 2878 εἰς
801 2788 1002 2900 δόξαν
1049 2793 1293 2896 ἑτέραν
1342 2793 1475 2891 τὴν
1510 2796 1586 2873 ἐν
1621 2796 1928 2899 Χριστῷ
1985 2791 2100 2871 διὰ
2154 2790 2545 2898 Πνεόματος
2601 2799 3051 2898 μεταφοιτᾶν

648 2915 1016 3021 ᾑρημένος.
1106 2918 1361 2997 οὐκοῦν
1416 2912 1522 3010 τῆν
1582 2913 1776 3010 αὐτῆν
1833 2917 2051 2996 εἶκὸνα
2104 2914 2748 3023 μεταμορφούμεθα·
2836 2923 3042 3016 μεθι-

650 3039 953 3125 στάντες
1009 3039 1150 3142 γὰρ
1188 3038 1349 3124 τοὺς
1398 3039 1661 3123 τύπους
1706 3044 1804 3124 εἷς
1854 3038 2216 3139 ἀλήθειαν,
2257 3041 2371 3119 καὶ
2407 3042 2485 3119 ἐκ
2526 3044 2654 3138 τῆς
2700 3040 2887 3120 κατὰ
2919 3040 3052 3121 τὸν
3078 3080 3162 3120 20

651 3163 871 3260 νόμον
912 3170 1122 3248 σκιᾶς
1178 3163 1260 3243 τὸ
1315 3168 1646 3266 Χριστοῦ
1701 3162 2097 3266 μυστήριον
2141 3169 2231 3268 τῇ
2284 3170 2430 3243 τῶν
2467 3165 2752 3244 ἐννοιῶν
2787 3164 3043 3268 ἰσχνό-

650 3321 810 3388 τητι
855 3291 1441 3392 διαμορφοῦντες,
1486 3291 1582 3372 ὡς
1625 3290 1699 3367 ἐν
1735 3288 1897 3367 ε’ίδει
1941 3285 2074 3387 τὴν
2111 3285 2332 3387 αὐτὴν
2362 3287 2759 3390 εὑρήσομεν
2796 3290 3045 3396 δόξαν·

653 3416 714 3490 εἰ
769 3408 913 3515 γὰρ
952 3414 1227 3492 δέδοται
1284 3410 1465 3519 δόξα
1507 3418 1654 3497 τοῖς
1700 3415 2110 3492 διακονοῦσι
2165 3408 2292 3490 τὸν
2343 3408 2580 3512 νόμον,
2616 3412 2877 3515 μείζων
2932 3420 3053 3495 καὶ

655 3536 1104 3638 ἀσυγκρίτως
1141 3536 1596 3638 ὑπερκειμένη
1632 3533 1765 3635 τὴν
1801 3536 2094 3640 πρώτην
2130 3535 2174 3634 ἡ
2210 3541 2356 3615 τῶν
2390 3535 2616 3637 ἁγίων
2643 3540 3056 3639 ἱερουργῶν,

319 3678 484 3796 {upra
502 3694 607 3730 ver.
657 3658 726 3740 οἳ
779 3663 896 3740 καὶ
939 3657 1311 3740 ἱκάνωνται
1360 3659 1557 3762 παρὰ
1594 3664 1784 3740 Θεοῦ
1842 3658 2151 3739 διάκονοι
2207 3668 2251 3706 “
2273 3663 2516 3759 καινῆς
2571 3657 2914 3761 διαθήκης
2967 3662 3054 3741 οὐ
3087 3693 3164 3752 25

358 3782 370 3795 ’
657 3794 702 3831 “
739 3782 1158 3888 γράμματος
1194 3780 1397 3862 ἀλλὰ
1431 3782 1900 3881 πνεύματος.”
1967 3781 2337 3887 πρόδηλον
2374 3781 2604 3882 δήπου
2652 3788 2772 3864 καὶ
2824 3785 3059 3866 οὐδενὶ

655 3914 801 3989 τῶν
837 3908 1063 3988 ὄντων
1100 3904 1546 4014 ἄσυμφανὲς,
1588 3906 1700 3987 ὅτι
1734 3904 1968 4007 πάντη
2006 3942 2082 3986 τε
2119 3910 2236 3987 καὶ
2271 3906 2556 3992 πάντως
2594 3911 2660 3986 οἱ
2713 3910 2793 3987 ἐκ
2845 3943 3049 4008 νομι-

656 4037 783 4131 κῆς
838 4031 1277 4116 παιδεύσεως
1330 4029 1833 4131 μεθιστάμενοι
1887 4033 2068 4135 πρὸς
2125 4031 2491 4134 ἀκρίβειαν
2556 4032 3058 4134 εὐαγγελικὴν,

728 4239 1397 4329 4-14,Μωσῆς-φύσιν
1419 4248 1759 4309 assumptum
1785 4257 1850 4293 ex
1880 4238 1953 4295 H.
2273 4256 2355 4306 1.4
2501 4249 2865 4322 ‘assumptum
2887 4259 2954 4296 ex
2981 4239 3058 4295 H.

661 4326 744 4380 15.
782 4309 1051 4377 εὐμαθείας
1072 4309 1234 4365 habet
1257 4319 1310 4365 et
1332 4309 1405 4364 H.
1626 4308 1710 4364 16.
1747 4312 1943 4397 τρόπον
1965 4313 2076 4365 τινὰ
2101 4328 2209 4365 om.
2233 4310 2308 4365 H.
2425 4310 2573 4364 tatim
2596 4312 2730 4379 πρὸς
2755 4329 2858 4380 pro
2881 4313 2955 4400 εἷς
2979 4313 3058 4367 H.

656 4397 688 4505 ἑ
696 4395 744 4451 7.
780 4381 870 4435 τὸν
878 4398 1043 4506 ἢοῐῙιΗ
1044 4380 1118 4435 H.
1439 4380 1519 4435 18.
1558 4380 1644 4433 διὰ
1666 4402 1950 4450 πνευματος
1974 4380 2343 4452 μεταφοιτᾶν“
2312 4379 2560 4466 ῃρημένος
2612 4383 2744 4450 μετὰ
2767 4382 3063 4451 πνεὺμστος

656 4453 1052 4665 ξιὲἷῗὲἓῖθὲιέἔ]
1067 4522 1253 4662 2pelgit
1277 4521 1333 4575 ἐκ
1357 4521 1511 4589 δόξης
1532 4467 1623 4589 ιτῆς
1647 4450 2686 4592 ῆΐωὲῆυῖὴτῆξίἴόῗίικῆἶῗίίζοῗῖΐὲἐῗτέραεν
2699 4452 3064 4594 μγέρτῐεὲῧμειθία
