3269 5166
676 336 765 399 50
1286 332 1366 398 B.
1412 331 1825 399 cYRILLI
1885 332 2468 399 ALEXANDR.
2641 333 2818 400 xviii.
2839 353 2950 420 31,
2975 352 3088 420 32.

676 508 723 547 ‘⁴
756 496 869 579 ὅτι
917 495 1300 598 ἠσέβησαν
1336 503 1430 581 εἷς
1479 497 1628 596 ε’μέ·
1688 495 1832 602 ἐγὼ
1882 495 1957 578 δὲ
2005 496 2533 600 ε’λυτρωσάμην
2568 494 2844 595 αὐτοὺς,
2882 498 3090 577 αὐτοὶ

674 633 721 671 “
756 620 833 703 δὲ
870 656 1041 704 κατε
1118 619 1143 647 ’
1296 657 1386 702 αν
1421 619 1573 703 κατ’
1610 624 1785 722 ἐμοῦ
1819 619 2127 726 ψευδῆ.’-’

573 872 647 933 31
752 842 950 916 Εἶπεν
1003 846 1116 916 οὖν
1171 843 1395 916 αὐτοῖς
1446 849 1485 916 ὁ
1538 848 1826 915 Πιλᾶτος
1877 848 2121 928 Λάβετε
2174 848 2373 916 αὐτὸν
2429 842 2633 930 ὑμεῖς,
2689 847 2798 914 καὶ
2852 848 3021 914 κατὰ
3081 922 3090 927 ,

1277 972 1391 1042 τὸν
1448 972 1649 1051 νόμον
1704 973 1886 1052 ὑμῶν
1941 972 2203 1065 κρίνατε
2257 974 2481 1044 αὐτόν.

784 1136 940 1219 Τὸν
1004 1139 1113 1220 ἐπ’
1175 1140 1428 1238 οὐδενὶ,
1491 1140 1704 1246 φησὶ,
1765 1144 1910 1219 τῶν
1966 1135 2258 1219 ἀτόπων
2310 1139 2812 1240 ἐληλεγμένου,
2870 1137 3082 1217 ἀδιά-
3111 1159 3142 1219 5

674 1298 917 1367 κριτον
972 1261 1049 1345 δὲ
1103 1264 1272 1367 παρ’
1333 1264 1532 1362 ὑμῶν
1587 1261 2035 1362 ὑπομένοντα
2098 1261 2232 1364 τὴν
2286 1260 2733 1366 κατάῤῥησιν
2784 1268 2945 1347 ταῖς
3007 1264 3087 1341 ἐκ

675 1386 914 1487 νόμων
986 1389 1353 1469 ὑποθεῖναι
1422 1392 1724 1485 ποιναῖς,
1787 1389 1942 1486 ἐμοὶ
2018 1385 2148 1486 μὲν
2222 1387 2306 1468 οὐ
2377 1388 2596 1485 θέμις,
2678 1388 2936 1493 κρίναιτε
3008 1385 3086 1466 δὲ

606 1528 651 1593 d
672 1518 967 1611 μᾶλλον
1032 1513 1234 1592 αὐτοὶ
1296 1508 1489 1592 mre}
1543 1510 1648 1591 τὶν
1716 1511 2052 1615 ὑμέτερον
2113 1511 2315 1617 νόμον,
2374 1509 2570 1613 εἴπερ
2635 1510 2797 1612 ἄρα,
2861 1512 3081 1616 φησὶ,

673 1636 793 1715 καὶ
856 1633 986 1717 τὸν
1050 1634 1466 1714 ἀνυπαίτιον
1527 1640 1905 1719 παντελῶς
1969 1633 2405 1738 κολάζεσθαι
2470 1638 2616 1714 δεῖν
2675 1632 3079 1738 διετάξατο.

670 1756 908 1861 γέλως
972 1756 1049 1839 δὲ
1113 1756 1337 1842 ὅντως
1402 1759 1486 1838 οὐ
1550 1756 1822 1862 μικρὸς,
1886 1765 2183 1858 μᾶλλον
2250 1758 2326 1839 δὲ
2392 1756 2661 1863 θρήνου
2725 1763 3086 1860 διηνεκοῦς
3111 1791 3169 1830 10

670 1882 900 1990 ἄξιον,
937 1886 997 1962 εἰ
1049 1887 1116 1964 οἱ
1163 1880 1296 1982 μὲν
1344 1884 1512 1986 παρ’
1539 1878 1874 1982 Ἕλλησι
1931 1885 2287 1963 δικαιοῦσι
2343 1879 2548 1981 νόμοι
2601 1880 2733 1963 τὸν
2772 1880 3079 1985 Κύριον,

672 2010 771 2092 ὡς
819 2010 934 2089 καὶ
983 2004 1309 2112 κολάζειν
1353 2007 1661 2108 ὀκνῆσαι
1708 2004 2039 2087 Πιλάτον
2081 2003 2301 2087 αὐτόν
2349 2009 2455 2088 ἐπ’
2497 2005 2808 2108 ἀσήμοις
2856 2009 3084 2090 οὕτως

670 2132 1082 2235 ἐγκλήμασι
1123 2131 1659 2236 προσηγμένον,
1705 2136 1772 2212 οἱ
1827 2128 1905 2211 δὲ
1961 2133 2079 2212 καὶ
2135 2134 2281 2212 δεῖν
2325 2130 2803 2212 ἀποτεθνάναι
2851 2133 3078 2239 φασὶ,

671 2257 898 2338 καίτοι
935 2256 1133 2366 νόμῳ
1169 2261 1273 2364 τῷ
1306 2257 1474 2366 θείῳ
1509 2260 2128 2359 παιδαγωγεῖσθαι
2162 2257 2852 2362 μεγαλαυχούμενοι.

678 2474 879 2548 Εἶπον
953 2477 1065 2546 οὗν
1139 2480 1318 2565 αὐτῷ
1389 2477 1449 2547 οἶ
1511 2476 1827 2546 Ἰουδαῖοι
1887 2478 2084 2557 Ἠμῖν
2165 2481 2283 2546 οὐκ
2360 2482 2612 2550 ἔξεστιν
2694 2478 3080 2548 ἀποκτεῖναι
3109 2498 3169 2558 ¹5
3225 2480 3226 2547 l

570 2626 644 2688 32
776 2606 1033 2688 οὐδένα,
1087 2607 1193 2672 ἴνα
1247 2606 1284 2675 ὁ
1339 2606 1533 2682 λοι-οε
1588 2611 1700 2673 τοῦ
1741 2607 1958 2673 Ἰησοῦ
2012 2611 2357 2699 πληρωθῇ,
2408 2609 2485 2673 ὃν
2539 2601 2684 2673 εἷπε
2739 2608 3078 2686 σημαίνων

773 2731 945 2817 ποίῳ
999 2733 1260 2816 θανάτῳ
1314 2733 1596 2809 ἧμελλεν
1653 2732 2110 2803 ἀποθνήσκειν.

786 2897 1115 2997 Κώλυμα
1153 2895 1490 2999 γενέσθω
1528 2899 1763 3001 φασὶν
1798 2897 2057 2993 αὐτοῖς,
2096 2900 2212 2976 καὶ
2249 2896 2502 3000 ὥσπερ
2547 2932 2619 2977 τι
2659 2895 3082 2993 βιαιότατον

663 3021 1190 3126 παραπόδισμα
1227 3025 1355 3122 τῆς
1391 3019 1692 3101 ἀνοσίου
1736 3022 2170 3126 μιαιφονίας,
2206 3018 2333 3100 τὸν
2370 3022 2489 3101 ἐπὶ
2531 3030 2662 3101 τοῦ
2703 3021 3081 3124 προβάτου

663 3151 929 3253 σφαγῇ
963 3145 1470 3249 πληρούμενον
1505 3143 1889 3247 ἁγνισμὸν,
1927 3144 2122 3247 εἴπερ
2158 3179 2270 3229 τις
2310 3143 2401 3245 ἦν
2437 3143 2632 3230 ὅλως
2679 3144 2880 3248 παρὰ
2930 3152 3079 3231 τοῖς
3108 3179 3169 3218 20

666 3270 893 3351 ἐκεῖνα
945 3267 1495 3371 τετολμηκόσιν.
1574 3267 1620 3370 ἦ
1678 3267 1823 3374 γὰρ
1878 3266 1967 3349 ἂν
2013 3273 2130 3350 καὶ
2183 3269 2352 3350 λίαν
2398 3270 2696 3369 ἑτοίμως
2746 3276 2843 3354 εὶς
2895 3270 3070 3350 ἆσέ·

663 3399 872 3487 βειαν
941 3390 1135 3492 ἦσαν
1216 3396 1616 3496 αὐτουργοὶ,
1691 3398 1817 3494 τῆς
1900 3394 2143 3498 ἑτέρου
2227 3395 2637 3493 συμπνοίας
2714 3394 3080 3495 δεηθέντες

666 3518 1019 3615 οὐδαμῶς.
1112 3515 1625 3601 εὖπετέστατος
1681 3517 1827 3622 γὰρ
1884 3524 2029 3598 τῶν
2080 3519 2445 3599 Ἰουδαίων
2502 3520 2542 3598 ὃ
2600 3524 2765 3602 νοῦς
2829 3524 2927 3603 εἲς
2991 3516 3078 3597 τὸ

329 3661 589 3720 1086Δ.
608 3676 645 3718 a
666 3646 815 3721 πᾶν
851 3642 1090 3721 ὁτιοῦν
1125 3636 1548 3746 ἐργάζεσθαι
1584 3639 1926 3744 πονηρὸν,
1964 3644 2081 3722 καὶ
2129 3640 2429 3741 μηδενὸς
2481 3641 2886 3749 φείσασθαι
2931 3649 3079 3723 τῶν

666 3762 1005 3863 ἐκτάττων,
1081 3764 1308 3868 ἤγουν
1373 3767 1893 3869 ε’περυθριᾶσαί
1960 3799 2099 3845 τινι
2162 3771 2308 3845 τῶν
2381 3764 2808 3873 ἀπᾳδόντων
2873 3772 3067 3874 Θεῷ.
3104 3799 3170 3854 ²5

664 3887 955 3995 ἀξιοῦσι
1026 3898 1406 3993 τοιγαροῦν
1479 3892 1803 3970 δανεῖσαι
1878 3889 2208 3969 Πιλάτον
2280 3889 2520 3974 αὐτοῖς
2604 3888 2738 3988 τὴν
2812 3893 3076 3971 οἰκείαν

662 4012 1019 4113 ὠμότητα,
1079 4018 1194 4093 καὶ
1258 4017 1384 4113 τῆς
1441 4015 1834 4113 Ἰουδαῖκῆς
1897 4011 2239 4096 ἀπονοίας
2312 4012 2655 4115 γενέσθαι
2720 4014 3068 4115 μιμητὴν,

663 4138 1106 4239 ὑπηρετῆσαι
1162 4136 1237 4217 δὲ
1291 4136 1562 4243 σφίσιν
1612 4134 1689 4215 ἕν
1737 4170 1823 4238 γε
1878 4142 1981 4243 τῷ
2033 4131 2341 4238 παρόντι
2395 4134 2619 4241 τυχὸν
2675 4137 2805 4216 οὐκ
2860 4140 3070 4219 ε’λευ-

661 4258 877 4363 θέραν
933 4295 1089 4345 πως
1151 4259 1401 4365 ἔχουσι
1457 4260 1592 4359 τὴν
1653 4265 1751 4344 εὶς
1807 4261 2069 4358 μανίαν
2127 4259 2576 4362 α’ποδρομήν.
2684 4259 2892 4341 ἀλλὰ
2956 4266 3077 4343 καὶ

729 4441 782 4497 6.
820 4443 961 4512 ὑμῶν
986 4442 1114 4497 RF.
1139 4442 1218 4499 ἶσ.
1245 4442 1386 4513 ἡμῶν
1411 4441 1516 4499 Ed.
1543 4460 1656 4512 mg.
1728 4442 1998 4497 Neutrum
2024 4442 2188 4498 habet
2215 4441 2318 4498 Ed.
2636 4457 2719 4515 17.
2757 4444 2980 4512 ἔμελλεν
3005 4445 3071 4501 Ε.

660 4531 746 4569 20.
783 4512 845 4582 ἦν
868 4531 976 4568 om.
1005 4513 1212 4585 Migne.
1479 4512 1566 4569 26.
1604 4514 1838 4568 Πιλάτου
1865 4513 1929 4567 Ε.
1959 4513 2164 4586 Migne.
2190 4516 2427 4569 Πιλάτου
2453 4514 2599 4571 Aub.
2885 4517 2971 4571 28.
3009 4539 3074 4589 γε

657 4595 996 4658 assumptum
1024 4602 1089 4640 ex
1118 4584 1181 4640 E.
