3269 5166
443 325 810 390 CONTRA
854 308 1443 390 THEoDoRUM
1496 325 1770 390 Erlsc.
1823 324 2089 390 Mors,
2137 273 2312 389 Lm.
2357 324 2412 389 1.
2503 328 2632 389 523

221 486 412 550 dices.
504 487 726 572 Elegit
754 487 923 553 enim
958 488 1235 571 corporis
1262 488 1730 572 perfectionem,
1756 493 1822 552 et
1853 510 1979 552 non
2008 486 2114 553 alii
2146 487 2353 572 magis
2374 487 2627 565 factam,

220 590 330 653 sed
368 589 495 654 sibi
534 590 876 655 secundum
913 593 1103 656 verba
1143 591 1360 675 ipsine,
1392 613 1613 674 corpus
1658 591 1829 655 enim
1873 590 2211 674 perfecisti,
2241 590 2433 655 dicit:
2480 590 2630 655 licet

218 691 495 757 audieris
523 693 794 758 Paulum
825 693 1145 759 dicentem
1173 693 1253 758 de
1270 688 1422 758 'Deo
1450 694 1665 758 Verbo
1697 702 1737 733 “
1760 694 1939 779 Ergo
1968 693 2116 778 quia
2147 693 2263 757 filii
2293 693 2631 778 participes
2654 698 2793 750 Hob.
2813 699 2868 750 ii.
2894 714 2974 766 14·

219 801 445 859 “sunt
495 796 825 881 sanguinis
875 803 944 863 et
992 796 1216 876 carnis,
1265 803 1333 861 et
1381 798 1517 882 ipse
1576 796 1870 862 similiter
1918 797 2233 881 particeps
2277 797 2484 862 factus
2532 803 2631 861 est

156 906 257 964 5“
290 920 357 962 ez
365 899 700 978 rundem,”
744 906 812 965 et
860 900 951 965 sic
1001 899 1253 984 sapiens
1298 900 1341 963 J
1343 900 1622 965 ohannes
1681 899 1970 965 scribit‘
1976 900 2105 964 ‘Et
2149 900 2434 965 Verbum
2485 921 2627 965 caro
2652 902 2703 952 8.
2716 903 2855 954 Joan
2887 903 2923 952 i.

217 1000 534 1066 “factum
584 1008 683 1066 est
740 1008 807 1067 et
856 1002 1177 1067 habitavit
1228 1002 1296 1067 in
1355 1004 1573 1067 nobis:
1591 1002 1626 1030 '’
1690 1025 1880 1087 surge
1932 1008 2153 1069 contra
2196 1025 2300 1067 eos
2349 1003 2629 1068 clamans
2658 982 2737 1034 ¹⁴

217 1150 258 1180 „
293 1103 450 1168 Non
509 1126 623 1188 pro
681 1104 901 1169 debita
949 1105 1305 1190 gratiarum
1356 1106 1601 1171 actione
1661 1129 1700 1170 a
1759 1107 1939 1170 nobis
1989 1105 2342 1190 injurietur.
2453 1106 2630 1170 Deus

218 1207 575 1283 „Verbum
629 1230 755 1272 non
808 1209 1012 1273 factus
1063 1214 1162 1273 est
1211 1230 1373 1283 caro,
1421 1208 1595 1272 Deus
1630 1209 1915 1273 Verbum
1967 1231 2095 1273 non
2146 1209 2462 1291 particeps
2503 1208 2628 1273 fuit

237 1331 435 1387 ,vere
464 1310 796 1394 sanguinis
826 1316 893 1375 et
919 1312 1162 1375 carnis.
1208 1311 1502 1376 similiter
1543 1312 1728 1376 nobis
1767 1333 1894 1375 non
1934 1316 2125 1375 natus
2159 1316 2257 1375 est
2286 1310 2628 1377 secundum

123 1434 239 1490 10,
243 1434 549 1489 ,carnem
593 1436 672 1477 ex
702 1413 986 1491 muliere,
1014 1435 1145 1477 non
1191 1413 1543 1529 appellatus
1590 1419 1691 1477 est
1734 1413 1901 1477 filius
1931 1410 2162 1478 David.
2256 1414 2402 1478 Hoc
2435 1413 2626 1492 enim,

219 1515 456 1598 „quod
495 1522 563 1580 et
602 1516 919 1580 nominari
962 1538 1105 1580 eum
1150 1517 1490 1580 minimum
1532 1521 1647 1593 est,
1680 1522 1747 1582 et
1790 1538 1918 1580 non
1962 1519 2304 1581 secundum
2335 1516 2626 1581 volunta-

223 1623 419 1693 „tem
468 1618 685 1702 ipsius,
716 1619 1025 1703 quomodo
1069 1619 1206 1702 pati
1238 1618 1574 1683 voluisset.
1558 1619 1651 1667 ‘³²’
1743 1618 1868 1683 Sed
1898 1642 2031 1697 nos,
2063 1642 2101 1683 o
2131 1620 2398 1702 sapiens,
2429 1619 2627 1703 glori-

221 1719 404 1785 ficare
447 1721 885 1785 consuevimus
926 1721 1134 1785 Deum
1178 1725 1245 1784 et
1286 1721 1557 1799 Patrem,
1602 1722 1752 1806 quia
1794 1745 2020 1806 corpus
2063 1722 2391 1806 perfecerit
2427 1723 2626 1787 Filio:

221 1830 286 1885 et
339 1823 549 1906 ipsum
590 1845 740 1888 vero
785 1824 1057 1888 dicimus
1101 1823 1337 1887 Filium
1390 1825 1631 1888 factum
1686 1848 1957 1903 carnem,
2005 1825 2072 1888 id
2123 1831 2241 1904 est,
2286 1827 2628 1904 hominem,

124 1942 192 2000 15
222 1948 475 2008 passum
504 1926 757 2010 quidem
802 1950 934 1992 esse
977 1932 1235 2010 propter
1276 1950 1391 1990 nos
1436 1928 1959 2005 exinanitionem,
1990 1935 2055 1992 et
2086 1932 2334 1991 nostrae
2363 1950 2628 2011 pauper-

219 2029 378 2092 tatis
416 2029 658 2093 subisse
688 2030 1138 2106 humilitatem,
1171 2031 1584 2113 permansisse
1616 2054 1761 2094 vero
1791 2038 1856 2095 et
1901 2032 1989 2094 sic
2020 2030 2246 2107 Deum,
2290 2035 2357 2094 et
2399 2031 2629 2094 Filium

222 2130 463 2194 Verum
495 2131 618 2195 Dei
647 2137 714 2196 et
744 2131 972 2196 Patris.
1067 2131 1400 2196 Quomodo
1443 2132 1649 2216 igitur
1687 2156 1814 2196 non
1845 2134 2050 2197 voluit
2079 2132 2280 2196 Filius
2316 2134 2632 2197 nominari

226 2232 457 2312 David,
488 2235 542 2298 si
570 2234 957 2300 humanatus
988 2240 1105 2314 est,
1136 2240 1203 2299 et
1231 2235 1350 2299 hoc
1378 2257 1507 2299 non
1538 2235 1831 2300 invitus?

315 2471 417 2534 Ex
446 2471 653 2555 primo
684 2472 879 2537 Libro
907 2478 1161 2537 sanctae
1192 2474 1526 2537 memoriae
1555 2472 1788 2557 Cyrilli
1828 2475 1906 2537 de
1946 2496 2018 2537 eo
2047 2475 2212 2558 quod
2246 2496 2408 2537 unus
2438 2479 2536 2538 est

121 2594 197 2633 20
915 2575 1231 2656 Christus,
1272 2581 1492 2641 contra
1521 2575 1936 2641 Theodorum.

309 2712 481 2774 Sunt
524 2712 715 2791 enim,
758 2720 908 2777 sunt
947 2715 1057 2798 qui
1100 2715 1588 2797 Redemptorem
1632 2719 1699 2777 et
1741 2714 2092 2777 Dominum
2138 2737 2320 2777 suum
2367 2723 2627 2799 negant,

219 2821 287 2877 et
322 2813 560 2878 Filium
604 2815 859 2898 quidem
901 2838 1122 2880 verum
1170 2815 1289 2879 Dei
1335 2816 1543 2879 Patris
1589 2838 1719 2879 non
1766 2815 1990 2879 dicunt
2033 2837 2178 2878 eum
2222 2838 2372 2892 esse,
2406 2816 2514 2899 qui
2561 2818 2628 2879 in

220 2916 466 2980 ultimis
495 2918 688 2981 seculi
719 2918 1109 3002 temporibus
1146 2941 1226 2982 ex
1254 2918 1514 2982 muliere
1551 2919 1890 2981 secundum
1929 2939 2179 2980 carnem
2223 2918 2628 2981 nativitatem

220 3027 478 3103 propter
506 3042 621 3085 nos
651 3021 993 3085 sustinuit:
1040 3022 1403 3105 apparuisse
1432 3027 1648 3085 autem
1680 3020 1887 3103 magis
1916 3019 2050 3083 orbi
2086 3025 2394 3083 terrarum
2419 3019 2628 3083 Deum

118 3153 195 3213 25
224 3129 541 3187 recentem
593 3128 661 3188 et
711 3129 1058 3208 posterum,
1110 3123 1435 3188 filiationis
1493 3123 1764 3207 gloriam
1819 3122 2204 3186 extrinsecus
2261 3121 2629 3204 acquisitam

220 3225 562 3290 habentem
607 3226 774 3291 sicut
815 3232 883 3291 et
926 3249 1061 3305 nos,
1093 3232 1159 3291 et
1198 3227 1378 3310 quasi
1413 3224 1789 3310 quibusdam
1833 3223 2205 3288 adulterinis
2247 3223 2630 3308 gloriantem

221 3330 587 3406 honoribus,
630 3336 705 3394 ut
737 3332 874 3416 jam
934 3330 1436 3415 anthropolatria
1481 3334 1548 3393 et
1598 3329 1759 3394 nihil
1815 3329 1986 3393 aliud
2036 3333 2214 3406 esset,
2235 3334 2302 3392 et
2338 3329 2632 3392 adoretur

221 3432 414 3496 homo
464 3432 694 3516 aliquis
745 3456 887 3498 cum
940 3438 1160 3498 sancta
1208 3433 1523 3496 Trinitate
1568 3439 1702 3496 tam
1746 3454 1785 3495 a
1827 3431 2027 3510 nobis,
2081 3454 2268 3514 quam
2313 3454 2353 3494 a
2396 3431 2631 3495 sanctis

231 3534 516 3618 Angelis.
597 3535 775 3600 Haec
797 3535 1056 3619 quidam
1080 3534 1259 3598 valde
1282 3533 1552 3618 superbi,
1577 3540 1645 3597 et
1672 3557 1909 3617 magna
1939 3535 2254 3617 sapientes
2283 3533 2352 3597 in
2383 3533 2629 3598 divina-

115 3668 199 3725 30
225 3658 366 3699 rum
407 3638 859 3721 scripturarum
904 3638 1186 3715 scientia,
1233 3637 1365 3700 suis
1409 3637 1663 3720 scriptis
1707 3638 2125 3716 inseruerunt,
2157 3644 2224 3700 et
2267 3637 2432 3702 sicut
2474 3638 2632 3702 dicit

224 3738 513 3803 omnium
559 3739 876 3805 Dominus
916 3762 1028 3825 per
1072 3762 1270 3802 unum
1315 3745 1678 3803 sanctorum
1724 3739 2183 3822 Prophetarum
2235 3748 2275 3779 “
2302 3740 2627 3824 Laqueum
2654 3759 2763 3811 σοι,
2783 3776 2829 3809 v.
2860 3757 2935 3809 26.

225 3851 264 3879 ‘⁶
294 3842 528 3906 statuit
569 3842 651 3906 ad
693 3842 1180 3926 corrumpendos
1222 3841 1570 3906 homines.''
1662 3840 1835 3906 Quid
1874 3842 2044 3906 enim
2084 3841 2256 3905 aliud
2295 3843 2401 3920 sit,
2442 3866 2631 3927 qnam

300 4000 572 4056 1.dicens
600 4002 716 4066 D,
721 4002 977 4057 ‘Veteres
1002 4002 1179 4057 libri”
1211 4002 1400 4057 Baluz.
1901 4019 1948 4056 2.
1990 4002 2280 4074 perfecisti]
2315 4010 2372 4067 -Ι-
2402 4004 2532 4059 mihi
2563 4006 2631 4059 D.

222 4089 277 4142 3.
313 4072 532 4126 audires
559 4072 631 4126 D.
1129 4086 1183 4143 5.
1221 4072 1479 4126 iohannes
1508 4072 1579 4136 D,
1607 4073 1821 4136 Surius,
1845 4073 2083 4127 Joannes
2115 4073 2213 4128 Ed.
2321 4075 2534 4145 scripsit
2563 4077 2634 4130 D.

225 4157 278 4212 7.
316 4159 348 4195 a
372 4140 531 4195 nobis
555 4160 654 4195 om.
683 4142 756 4195 D.
1173 4159 1256 4197 11.
1294 4143 1557 4195 nominari
1583 4141 1735 4213 eum]
1763 4144 2121 4197 nominarium
2148 4145 2271 4212 (sic)
2299 4144 2370 4199 D.
2477 4148 2632 4198 mini-

222 4229 374 4265 mum
406 4211 524 4274 D,‘
528 4211 786 4266 ‘Veteres
809 4211 979 4266 libri”
1009 4211 1191 4266 Baluz.
1198 4213 1492 4284 ,injurium
1519 4212 2630 4294 Surius‚Ed512.ipsius]

223 4283 341 4335 eius
370 4281 442 4335 D.
733 4299 816 4352 13.
855 4282 946 4353 qui
978 4282 1046 4335 D.
1322 4297 1382 4348 15
1352 4297 1404 4348 5.
1441 4300 1557 4336 esse
1620 4282 1798 4336 uidem
1829 4282 2033 4336 inverso
2056 4282 2237 4336 ordine
2263 4283 2375 4345 D,
2382 4285 2464 4335 ‘V
2468 4296 2635 4338 eteres

222 4351 398 4405 libri”
431 4350 616 4405 Baluz.
789 4352 872 4407 18.
911 4350 983 4423 si]
1011 4351 1104 4405 sed
1134 4352 1205 4406 D.
1314 4352 1545 4407 invitans
1574 4302 1646 4407 ὃ.
1820 4368 1900 4423 19.
1944 4353 1996 4406 D
2023 4353 2114 4406 fol.
2142 4369 2258 4422 150.
2285 4355 2408 4407 Sur.
2437 4373 2487 4423 p.
2510 4369 2633 4423 534.

1927 4432 2179 4471 rasum-acc.
2195 4424 2426 4472 manasen
2442 4426 2534 4464 md.

228 4487 314 4525 21.
354 4480 485 4524 sunt
508 4473 604 4526 alt.
630 4490 727 4525 om.
757 4471 828 4525 D.
1003 4487 1088 4536 24.
1271 4488 1298 4524 s
1322 4489 1421 4525 ont.
1451 4472 1521 4527 D.
1703 4485 1788 4542 27.
1824 4472 2074 4527 adoretur
2561 4474 2632 4528 D.

225 4558 316 4612 31.
354 4541 609 4596 dominus
634 4542 878 4597 omnium
902 4541 1105 4594 inverso
1131 4559 1192 4593 or
1228 4540 1313 4594 ine
1339 4542 1410 4595 D.
1698 4559 1784 4612 32.
1820 4541 2271 4612 corrumpendum
2301 4542 2372 4596 D.

1334 4647 1516 4711 3x2
