3269 5166
231 350 356 417 xvii.
380 372 470 433 24.
564 353 672 418 IN
732 354 801 418 S.
850 354 1370 419 JOANNEM.
1464 354 1662 419 LIB.
1710 355 1833 420 XI.
1928 355 2138 421 cAP.
2187 354 2346 419 XII.
2548 354 2587 416 7

227 524 265 562 ‘⁶
293 519 470 600 αὐτοὶ
505 519 634 603 τόν
671 518 864 602 Θεὸν
902 521 1282 627 &xpum-ac?
1329 518 1481 602 εἶτα
1516 523 1698 607 τίνες
1728 519 1819 602 ἂν
1854 518 1989 602 εἷεν
2027 524 2093 601 οἱ
2134 518 2265 622 τὴν
2299 523 2594 622 καρδιαν

224 638 475 745 ἔχοντες
532 645 877 749 καθαρὰν,
915 651 975 725 εἰ
1020 642 1122 744 μὴ
1160 648 1404 726 ἐκεῖνοι
1460 644 1549 745 δὴ
1598 644 1883 730 πάντως
1941 652 2005 726 οἱ
2050 651 2140 752 τῇ
2184 644 2366 749 πρὸς
2404 641 2596 725 Θεὸν

221 764 435 847 ἑνώσει
488 773 581 876 τῇ
639 772 724 850 δι’
771 775 955 850 Υἱοῦ
1008 773 1084 851 ἐν
1124 769 1512 870 Πνεύματι,
1570 773 2058 878 φιλοσαρκίας
2113 769 2245 867 μὲν
2301 766 2593 874 ἀποὶσῃς

219 889 809 996 ἀναχωρήσαντες,
883 891 1145 994 ἡδονὴν
1219 890 1294 973 δὲ
1368 897 1466 978 ὡς
1530 893 1969 998 ποῤῥωτάτω
2042 893 2173 994 τὴν
2238 890 2593 993 κοσμικὴν
2617 915 2833 971 21005
2843 914 2927 970 Δ.

163 1030 195 1088 5
217 1015 682 1117 ποιησάμενοι,
720 1020 836 1100 καὶ
886 1014 1019 1118 τὴν
1063 1016 1195 1117 μὲν
1236 1019 1497 1099 οἰκείαν
1543 1015 1796 1122 ὥσπερ
1838 1016 2323 1124 ἀρνησάμενοι
2372 1013 2586 1121 ζωὴν,

214 1138 564 1226 ἀναθέντες
617 1141 694 1224 δὲ
738 1140 924 1249 μόνῃ
981 1148 1071 1249 τῇ
1128 1142 1423 1244 θελήσει
1476 1151 1607 1223 τοῦ
1645 1143 2092 1243 Πνεύματος,
2142 1148 2471 1243 καθαρῶς
2516 1175 2595 1221 τε

211 1263 315 1340 καὶ
365 1264 781 1368 ὁλοτρόπως
841 1264 1442 1365 πολιτευσάμενοι
1506 1272 1611 1373 τῷ
1658 1271 1986 1374 Χριστῷ,
2044 1264 2286 1351 ὁποῖός
2342 1300 2450 1350 τις
2504 1262 2595 1366 ἦν

208 1388 312 1467 καὶ
347 1389 386 1467 ὁ
425 1394 749 1487 Παῦλος,
786 1393 860 1470 ε’κ
919 1393 1207 1489 πολλῆς
1261 1386 1452 1491 ἄγαν
1504 1393 1632 1490 τῆς
1688 1388 1989 1490 ἐνούσης
2037 1391 2229 1498 αὐτῷ
2278 1387 2588 1493 καθαρό-

209 1539 399 1606 τητος
434 1514 521 1592 οὖ
565 1515 992 1599 καταδείσας
1039 1518 1254 1594 εἰπεῖν
1296 1524 1340 1560 “
1365 1518 1671 1622 Χριστῷ
1705 1515 2328 1618 συνεσταύρωμαι·
2382 1513 2476 1618 ζῶ
2517 1511 2593 1593 δὲ
2681 1503 2796 1621 ῗξι·
2822 1503 2877 1555 ii·

121 1668 185 1708 10
210 1642 247 1679 “
279 1635 500 1717 οὐκέτι
540 1633 703 1739 ἐγὼ,
743 1637 830 1745 ζῇ
867 1637 945 1718 δὲ
993 1641 1067 1719 ἐν
1103 1640 1258 1737 ἐμοὶ
1295 1635 1693 1743 Χριστός.”
1770 1638 2005 1719 ἀκούω
2051 1637 2127 1719 δὲ
2183 1644 2299 1720 καὶ
2354 1639 2593 1743 ἑτέρου

206 1757 379 1844 τινὸς
438 1768 589 1840 τῷν
663 1763 888 1863 ἁγίων
952 1761 1382 1868 ψάλλοντός
1439 1797 1518 1843 τε
1582 1765 1700 1844 καὶ
1764 1765 2108 1865 λέγοντος
2182 1774 2224 1811 “
2267 1765 2593 1869 Καρδίαν
2681 1762 2862 1889 {²222-

204 1890 243 1925 “
278 1884 595 1989 καθαρὰν
646 1888 900 1967 κτίσον
944 1889 1020 1967 ἐν
1055 1888 1231 1986 ἐμοὶ,
1272 1888 1311 1966 ὁ
1351 1885 1559 1986 Θεὸς,
1597 1891 1714 1969 καὶ
1762 1896 2045 1986 πνεῦμα
2098 1887 2294 1973 εὖθὲς
2347 1890 2588 1991 ε’γκαί-

202 2014 242 2059 -“
275 2040 474 2089 νισον
535 2011 613 2089 ἐν
665 2018 813 2095 τοῖς
864 2009 1188 2113 ἐγκάτοις
1240 2045 1406 2111 μου·
1477 2009 1578 2112 μὴ
1639 2013 2052 2119 ἀποῤῥίψῃς
2108 2047 2200 2113 με
2258 2010 2403 2094 ἀπὸ
2465 2021 2596 2094 τοῦ

203 2139 242 2174 “
274 2133 674 2233 προσώπου
699 2169 863 2233 σου,
891 2138 1009 2215 καὶ
1043 2135 1128 2215 τὸ
1160 2132 1462 2235 Πνεῦμά
1496 2170 1640 2217 σου
1666 2133 1751 2216 τὸ
1776 2134 2043 2238 Ἀγιον
2071 2136 2171 2238 μὴ
2202 2137 2594 2245 ἀντανὲλῃς
2616 2144 2661 2208 b

115 2286 178 2345 15
201 2264 240 2299 ‘⁶
274 2258 389 2337 ἀπ’
428 2262 628 2358 ἐμοῦ·
707 2258 974 2346 ἀπόδος
1021 2293 1145 2359 μοι
1189 2258 1323 2360 τὴν
1359 2260 1809 2361 ἀγαλλίασιν
1857 2270 1987 2342 τοῦ
2035 2263 2397 2364 σωτηρίου
2432 2296 2597 2360 σου,

202 2388 241 2425 “
272 2386 385 2462 καὶ
436 2383 794 2482 πνεύματι
846 2384 1244 2492 ἡγεμονικῷ
1297 2381 1649 2492 στήριξόν
1701 2386 1863 2485 με.”
1951 2386 2399 2489 ἀγαλλίασιν
2453 2385 2598 2490 γὰρ

200 2509 548 2612 σωτηρίου
606 2507 707 2589 το
734 2513 1035 2608 Πνεῦμα
1092 2514 1319 2608 καλεῖ,
1376 2508 1499 2590 ἅτε
1555 2506 1645 2610 δὴ
1695 2512 1812 2590 καὶ
1867 2509 2193 2619 ὑπάρχον
2244 2508 2599 2618 πρόξενον

202 2638 414 2733 χαρᾶς
449 2632 586 2732 μὲν
637 2633 1108 2734 ἀτελευτήτου
1145 2636 1262 2714 καὶ
1300 2638 1681 2734 διηνεκοῦς,
1718 2635 2095 2737 ἡγεμονίας
2134 2632 2208 2715 δὲ
2254 2640 2379 2736 τῆς
2415 2634 2601 2716 κατὰ

201 2761 441 2836 παθῶν
498 2764 653 2838 τῶν
708 2759 785 2837 ἐν
844 2756 1099 2865 κόσμῷ
1152 2755 1601 2861 παρεκτικόν·
1695 2762 1996 2859 Πνεῦμα
2052 2760 2196 2864 γοὶρ
2251 2762 2412 2840 ἐστι
2471 2769 2601 2841 τοῦ

119 2903 179 2943 20
204 2880 372 2959 κατὰ
421 2880 777 2984 ἀλήθειαν
839 2882 1224 2983 σωτηρίου,
1284 2879 1616 2962 τουτέστι
1671 2886 2032 2984 Χριστοῦ.
2101 2882 2604 2987 ’πολυτρόπως

202 3005 417 3105 γεμὴν
470 3003 847 3110 ὀνομάζων
892 3002 1090 3104 αὐτὸ,
1127 3008 1244 3086 καὶ
1296 3006 1595 3108 καρδίαν
1640 3007 2071 3108 προσείρηκε
2116 3005 2439 3111 καθαρὰν
2487 3011 2606 3087 καὶ

201 3139 467 3231 πνεῦμα
523 3128 881 3212 ἐκάλεσεν
937 3129 1153 3228 εῦθὲς,
1204 3128 1329 3210 ἅτε
1386 3125 1476 3227 δὴ
1532 3129 1662 3209 οὐκ
1716 3127 2027 3236 ἐχόντων
2085 3131 2417 3231 εὐθυτενῆ
2472 3130 2605 3232 τὴν

202 3256 508 3356 καρδίαν,
586 3251 940 3354 σκαμβὴν
1015 3252 1090 3334 δὲ
1163 3260 1455 3354 μᾶλλον
1529 3255 1647 3335 καὶ
1721 3254 2316 3357 διεστραμμένην,
2391 3257 2486 3341 ὡς
2561 3256 2600 3336 ὃ
2628 3290 2663 3333 ο
2688 3288 2773 3340 Ps.
2793 3303 2835 3339 c.
2855 3300 2900 3350 3,

201 3378 515 3479 ψάλλων
570 3381 791 3486 φησὶ,
848 3384 994 3459 τῷν
1047 3380 1249 3459 οὔπω
1313 3376 1917 3481 προσενωθέντων
1969 3381 2074 3487 τῷ
2131 3382 2299 3488 Θεῷ
2354 3382 2473 3460 καὶ
2526 3383 2602 3463 ἐν

112 3530 177 3591 ²5
199 3502 465 3612 μεθέξει
539 3498 950 3608 γεγονότων
1010 3505 1140 3604 τῆς
1212 3502 1544 3607 εὐλογίας
1607 3508 1941 3607 Χριστοῦ
1998 3507 2126 3604 τῆς
2180 3504 2299 3584 διὰ
2356 3504 2597 3586 Πνεύ·

201 3660 433 3720 ματος.

300 3752 430 3839 Ὠς
477 3755 557 3834 ἐν
615 3751 994 3859 κεφαλαίῳ
1029 3758 1412 3852 τοιγαροῦν
1451 3756 1691 3848 εἰπεῖν,
1730 3749 2092 3856 ἐξαίρετον
2146 3759 2294 3838 τοῖς
2349 3755 2603 3833 ἑαυτοῦ

206 3880 574 3982 γνωρίμοις
622 3878 1162 3975 ἂπονεμηθῆνοιι
1210 3873 1343 3974 τὴν
1389 3872 1602 3979 χάριν
1652 3871 2012 3975 ἠθέλησεν
2061 3877 2102 3956 ὃ
2155 3874 2434 3980 Σωτὴρ,
2470 3876 2604 3977 τὴν

206 4000 274 4077 ἐκ
307 4011 431 4083 τοῦ
467 4002 807 4083 συνεῖναί
851 4034 928 4079 τε
973 4001 1165 4106 αὐτῷ
1220 4000 1337 4079 καὶ
1394 4000 1571 4101 ὁρᾶν
1625 3996 1733 4092 τῆν
1790 3994 1988 4108 (δόξαν
2024 4001 2267 4081 αὐτοῦ·
2327 4001 2605 4104 ἧγοιπῆ-

120 4146 185 4202 30
206 4130 359 4205 σθαι
416 4128 506 4207 δέ
557 4135 759 4233 φησι
818 4126 934 4203 καὶ
993 4124 1117 4232 προ
1182 4121 1589 4219 καταβολῆς
1654 4127 1930 4230 κόσμου,
1992 4124 2470 4230 ἀρχαιοτάτην
2529 4129 2606 4205 ἐν

206 4249 465 4337 τούτοις
524 4252 607 4332 εὖ
674 4249 883 4353 μα’λα
946 4246 1216 4332 δεικνὺς
1282 4245 1416 4347 τὴν
1475 4257 1603 4329 τοῦ
1670 4249 1834 4329 καθ’
1897 4247 2149 4330 ἑαυτὸν
2208 4251 2608 4354 μυστηρίου

275 4554 353 4593 10.
380 4537 594 4621 ,ἀκούων
616 4538 690 4593 Ε.
1018 4534 1206 4607 13-16.
1242 4535 1474 4627 μιῇ-ἀπ’
1500 4534 1625 4604 ἐμοῦ
1650 4544 1772 4606 post
1797 4534 2046 4606 στῆριξόν
2068 4557 2132 4606 με
2158 4542 2520 4606 transponunt
2545 4533 2611 4588 E.

213 4604 466 4681 Georgms
488 4609 727 4681 Trapez.
1078 4623 1164 4661 20.
1202 4628 1297 4662 κατ
1339 4606 1544 4678 Mlgne.
