3269 5166
234 345 584 430 xviii..4-6
669 347 786 413 IN
839 348 909 413 S.
952 347 1462 415 JOANNEM.
1554 348 1749 415 LIB.
1794 350 1919 416 XI.
2009 348 2214 416 CAP.
2261 346 2422 413 XII.
2559 346 2639 415 17

235 514 567 599 δοθέντος·
614 516 809 624 αὐτῷ
845 518 1243 623 φροντίσας
1280 516 1705 624 ἀξιώματος,
1743 523 1858 599 καὶ
1896 519 2348 626 ἁπαξαπλῶς
2385 523 2603 597 εἰπεῖν
2609 576 2633 614 ,

233 637 580 719 ἁπάντων
641 643 823 740 ὁμοῦ
884 647 1031 721 τῶν
1095 643 1395 722 αἰωνίων
1460 644 1758 744 ἀγαθῶν
1813 642 1897 724 τὸ
1957 642 2209 747 μικρὸν
2273 644 2458 722 οὕτω
2521 643 2638 721 καὶ
2662 668 2699 713 0

228 762 512 848 εὐτελὲς
568 768 860 868 προθεὶς
919 764 1280 869 ἀργύριον,
1341 768 1457 845 καὶ
1516 764 1720 869 πάγη
1781 771 1898 848 καὶ
1959 771 2163 848 λίνον
2224 763 2640 862 διαβολικὸν

228 889 633 991 εὑρίσκεται
688 896 792 997 τῷ
842 896 1167 998 Χριστῷ,
1223 893 1339 970 καὶ
1396 894 1522 990 τῆς
1577 890 1941 972 Ἰουδαίων
1997 890 2379 992 ἀθεότητος
2430 925 2630 992 πρω-

154 1047 195 1108 5
229 1011 594 1112 τοστάτης
634 1047 712 1092 τε
746 1010 896 1110 ἅμα
932 1016 1047 1094 καὶ
1083 1013 1453 1117 συνεργός.

329 1134 638 1216 Ἔπεισι
675 1139 761 1217 δέ
798 1173 922 1237 μοι
957 1140 1237 1217 κάκεῖνο
1272 1137 1454 1242 πρὸς
1490 1138 1766 1224 τούτοις
1806 1142 1890 1220 οὐ
1926 1140 2228 1241 μετρίως
2265 1144 2634 1241 διαγελᾶν.

224 1258 445 1365 ὄχλοι
496 1259 629 1358 μὲν
664 1262 808 1365 γὰρ
846 1268 911 1341 οἱ
963 1268 1067 1369 τῷ
1113 1261 1431 1368 προδότῃ
1464 1263 1886 1349 συνθέοντες
1921 1262 2053 1362 τὴν
2090 1262 2274 1344 κατὰ
2308 1268 2640 1366 Χριστοῦ

226 1391 642 1481 μελετῶσιν
696 1386 979 1490 ἔφοδον,
1036 1385 1301 1494 φανοὺς
1356 1386 1433 1466 δὲ
1488 1392 1604 1467 καὶ
1662 1391 1885 1493 δᾷδας
1942 1386 2325 1495 ἁψάμενοι.
2398 1421 2633 1492 παρῃ-

230 1517 491 1588 τοῦντο
523 1509 668 1612 γὰρ
705 1507 920 1609 οἶμαι,
957 1510 1143 1590 κατα’
1177 1546 1260 1612 γε
1296 1509 1380 1591 τὸ
1415 1510 1617 1609 εἰκὸς,
1652 1511 1743 1591 τὰ
1781 1515 1878 1596 ὡς
1915 1515 1991 1593 ἐν
2025 1510 2271 1619 σκότῳ
2307 1512 2634 1591 διαπταί·

112 1675 206 1717 10
231 1667 487 1732 σματα
542 1637 661 1714 καὶ
716 1634 800 1715 τὸ
854 1633 1146 1736 βόθροις
1203 1635 1555 1719 ἀκουσίως
1611 1638 2143 1736 ἐγκαταπηδᾶν·
2244 1642 2452 1742 φιλεῖ
2498 1633 2642 1737 γάρ

227 1793 391 1841 πως
426 1760 505 1836 ἐν
545 1755 791 1866 σκότῳ
834 1756 929 1838 τὰ
982 1767 1273 1838 τοιαῦτα
1328 1761 1779 1857 συμβαίνειν.
1859 1762 2031 1840 ἀλλ’
2074 1759 2132 1839 ὦ
2186 1765 2313 1858 τῆς
2368 1761 2633 1842 ἀνοίας·
2664 1769 2708 1833 d

226 1884 369 1987 οὐχ
425 1884 696 1985 ὁρῶσιν
750 1888 814 1962 οἱ
866 1883 1172 1966 τάλανες
1203 1883 1278 1961 ἐκ
1316 1887 1605 1983 πολλῆς
1653 1884 1963 1980 ἀμαθίας
2013 1890 2117 1993 τῷ
2171 1885 2354 1991 λίθῳ
2403 1917 2638 1985 προσ-

224 2006 629 2103 πταίοντες,
662 2010 825 2110 περὶ
880 2007 964 2086 οὗ
1007 2014 1241 2115 φησιν
1277 2008 1318 2085 ὁ
1356 2005 1544 2091 Θεὸς
1593 2012 1711 2087 καὶ
1763 2009 2023 2111 Πατήρ
2076 2020 2121 2056 “
2156 2008 2344 2089 Ἰδοὺ
2394 2009 2636 2108 τίθημι
2724 2023 2974 2077 Rom-11·

231 2142 281 2178 “
318 2133 399 2209 ἐν
436 2129 629 2210 Σιὼν
664 2133 875 2210 λίθον
907 2130 1472 2233 προσκόμματος
1508 2134 1624 2211 καὶ
1661 2130 1934 2235 πέτραν
1963 2133 2451 2213 σκανδάλου.”
2521 2135 2638 2212 καὶ
2726 2105 2804 2155 ³³⁶

110 2286 201 2347 15
229 2258 300 2335 οἱ
348 2253 607 2355 μικρὸν
642 2256 808 2335 ἔσθ’
848 2254 964 2335 ὅτε
1017 2257 1615 2363 καταφρίττοντες
1666 2256 1959 2359 βόθρον,
1996 2263 2095 2341 εἶς
2127 2254 2368 2356 πηγὰς
2405 2256 2640 2349 ἀβύσ-

228 2414 381 2460 σου
418 2382 533 2459 καὶ
571 2386 667 2464 εὶς
703 2379 797 2458 τὰ
833 2381 1207 2460 κατώτατα
1243 2383 1371 2478 τῆς
1414 2384 1549 2482 γῆς
1598 2387 2143 2481 καταπηδῶντες
2197 2383 2323 2461 οὐκ
2376 2382 2638 2461 αἰσθά-

229 2537 504 2602 νονται,
555 2504 670 2583 καὶ
730 2508 795 2583 οἱ
854 2503 988 2604 τὴν
1043 2508 1171 2603 τῆς
1227 2503 1535 2608 ἑσπέρας
1592 2504 1828 2610 ἀχλὺν
1880 2505 2452 2610 παραιτούμενοι,
2512 2509 2640 2604 τῆς

230 2632 598 2728 διηνεκοῦς
650 2631 767 2708 καὶ
806 2625 1308 2728 ἀκαταλήκτου
1364 2625 1613 2713 νυκτὸς
1671 2629 1922 2710 οὐδένα
1974 2639 2338 2712 ποιοῦνται
2386 2630 2632 2732 λόγον.

232 2757 554 2851 ἔμελλον
588 2757 731 2857 γὰρ
768 2764 870 2864 τῷ
905 2759 1069 2865 θείῳ
1100 2757 1286 2862 φωτὶ
1323 2759 1710 2852 δυσσεβῶς
1745 2756 2412 2852 ἐπιβουλεύσαντες,
2436 2790 2640 2836 τουτ·

107 2919 201 2963 20
230 2882 397 2961 ε’στι
434 2886 766 2990 Χριστῷ,
812 2887 1222 2982 περιπατεῖν
1273 2882 1347 2959 ἐν
1382 2881 1627 2989 σκότῳ
1667 2884 1780 2959 καὶ
1832 2882 2078 2987 ἀωρία,
2116 2878 2302 2959 κατὰ
2348 2878 2481 2979 τὴν
2514 2887 2643 2959 τοῦ
2664 2914 2700 2956 e
2729 2892 2977 2964 E..nx.9.

227 3004 623 3109 προφήτου
671 3004 947 3111 φωνήν·
1021 3008 1135 3084 καὶ
1191 3006 1349 3109 οὐχὶ
1399 3014 1613 3084 τοῦτο
1660 3004 1901 3103 μόνον,
1940 3005 2142 3083 ἀλλὰ
2185 3008 2300 3082 καὶ
2337 3009 2433 3086 εἷς
2470 3002 2643 3081 αὐτὸ

222 3128 323 3209 τὸ
384 3129 733 3235 ἐξώτερον
789 3128 1355 3234 κατοιχήσεσθαι
1414 3129 1702 3224 σκότος,
1764 3131 1911 3207 ε’κεΐ
1966 3132 2096 3226 τῆς
2160 3131 2257 3209 εἶς
2313 3124 2644 3229 Χριστὸν

224 3253 581 3347 ἀσεβείας
617 3253 1080 3337 ἀποτίσοντες
1117 3249 1281 3335 τοὺς
1318 3252 1602 3355 λόγους,
1640 3257 1757 3332 καὶ
1792 3257 2016 3360 πικρᾷ
2050 3254 2164 3330 καὶ
2200 3249 2643 3358 ἀτελευτήτῳ

220 3375 911 3479 παραδοθησόμενοι
947 3376 1196 3480 κρίσει.

104 3644 485 3716 25Ἰι4σοῦε
556 3636 669 3706 οὖν
732 3638 931 3706 εἰδὼς
1000 3641 1212 3707 πάντα
1276 3641 1355 3706 τὰ
1415 3641 1736 3730 ἐρχόμενα
1806 3642 1897 3707 ἐπ’
1965 3641 2184 3721 αὐτὸν,
2238 3641 2474 3709 ἐξῆλθε
2531 3638 2700 3704 καὶ4

337 3767 518 3841 λέπει
579 3761 801 3833 αὐτοῖς
869 3766 1031 3831 Τίνα
1103 3761 1385 3857 ςι-ιτεῖτες
1463 3767 1910 3857 ἀπεκρίθησαν
1972 3767 2152 3852 αὐτῷ
2199 3767 2456 3832 Ἰησοῦν
2522 3766 2701 3837 τὸνὸ

339 3888 739 3982 Ναζωραῖον.
806 3894 976 3966 λὲι-ει
1027 3887 1247 3959 αὐτοῖς
1289 3895 1327 3960 ὁ
1363 3893 1610 3959 Ἰησοῦς
1652 3892 1832 3967 ’ξι-ὠ
1877 3890 2029 3969 εἰμι.
2093 3890 2380 3958 εἱστήκει
2417 3890 2490 3957 δὲ
2530 3889 2695 3956 mia
2720 3888 2976 3947 1013ss

326 4019 584 4086 Ἰούδας
625 4019 663 4086 ὁ
706 4017 1112 4108 παραδιδοὺς,
1159 4018 1356 4085 αὐτὸν
1403 4021 1528 4095 μετ’
1581 4019 1818 4088 αὐτῶν.
1884 4019 1979 4084 ὡς
2026 4016 2140 4083 οὖν
2184 4011 2365 4083 εἶπεν
2416 4011 2638 4084 αὐτοῖς
2666 4018 2703 4075 6

318 4144 479 4210 Ὀτι
532 4142 662 4220 ὲΓώ
714 4142 867 4226 εἰμι,
921 4144 1217 4210 ἀπῆλθον
1271 4141 1365 4209 εἷο
1419 4144 1497 4210 τὰ
1552 4144 1772 4210 ὀπίσω
1827 4144 1932 4209 καί
1985 4144 2225 4210 ἔπεσον
2278 4142 2497 4231 χαμαί.

103 4355 192 4412 30
344 4318 494 4400 Διά
532 4318 784 4404 νυκτὸς
821 4320 861 4398 ὃ
896 4319 1252 4423 προδότης
1287 4316 1455 4402 τοὺς
1492 4325 1637 4398 τῶν
1673 4316 2038 4398 Ἰουδαίων
2076 4320 2425 4421 ὑπηρέτας
2461 4319 2642 4415 ὁμοῦ

304 4543 359 4583 2.
393 4526 598 4582 πάντων
620 4525 836 4598 Migne.
1028 4524 1081 4578 8.
1116 4524 1175 4578 δὲ
1198 4541 1307 4579 om.
1334 4522 1401 4580 Ε.
1622 4523 1705 4579 16.
1742 4523 2048 4579 ε’σθιίνονται
2075 4523 2141 4578 Ε.
2325 4538 2412 4592 23.
2448 4520 2642 4576 ἀποτό-

226 4620 420 4655 σοντες
443 4597 565 4668 (sic)
594 4598 659 4654 E.
1403 4625 1412 4634 ·

318 4699 461 4744 voL.
492 4700 597 4745 111.
1435 4697 1478 4740 D
