3269 5166
579 351 667 413 74
1165 349 1246 414 B.
1291 347 1720 415 CYRILLI
1777 346 2364 413 ALEXANDB.
2715 346 2855 410 xix.
2886 364 3000 413 12.

581 516 1073 597 ιἠτονοοτοῦσι
1126 515 1641 622 ψευδομυθίαν,
1695 516 2225 617 δημαγωγῆσαι
2238 512 2615 659 ωλέγοντες
2668 508 2800 591 τὸν
2842 512 3003 609 Ἰη-

583 646 788 737 σοῦν,
824 639 1363 740 πλημμελῆσαί
1402 673 1481 720 τε
1529 639 1686 719 κατ’
1725 640 1944 738 αὐτῆς
1988 643 2119 738 τῆς
2163 641 2275 719 τοῦ
2327 638 2678 746 Καίσαρος
2726 637 2999 740 ἀρχῆς,

524 796 563 841 ο
586 767 704 843 καὶ
756 769 884 864 τῆς
927 764 1304 864 Ρωμαίων
1361 761 2143 867 καταστρατεύσασθαι
2195 762 2605 858 βασιλείας,
2657 760 2844 840 ὅσον
2898 764 3006 844 εἷς

583 886 883 987 δύναμιν
925 888 1459 995 ἐγχειρήματος·
1519 889 1840 981 βασιλέα
1894 886 2060 991 γὰρ,
2096 889 2354 994 φησὶν,
2393 886 2623 967 ἐαυτὶν
2663 884 2994 983 ἐποίησε.

583 1014 704 1093 καὶ
764 1012 900 1117 ὅρα
954 1012 1043 1094 τὸ
1107 1012 1577 1119 δυσμήχανόν
1636 1047 1715 1094 τε
1773 1015 1892 1093 καὶ
1957 1009 2502 1114 δυσοργότατον
2557 1015 2706 1091 τῶν
2770 1040 3001 1088 συκο-
3029 1035 3074 1096 5

584 1142 880 1242 <partein
932 1138 1290 1239 ἑλομένων
1344 1138 1627 1238 κίνημα.
1697 1143 1992 1240 πρῶτον
2043 1135 2180 1235 μὲν
2235 1134 2403 1237 γὰρ,
2439 1131 2628 1214 κατὰ
2679 1137 2811 1232 τῆς
2867 1139 3005 1212 τοῦ

591 1261 961 1363 Καίσαρος
1019 1264 1247 1368 ἀρχῆς
1305 1267 1699 1366 δεδρᾶσθαι
1761 1259 1847 1341 τὸ
1910 1258 2254 1360 τόλμημα
2317 1258 2737 1339 διετείνοντο
2795 1292 3004 1354 παμ-

584 1387 824 1491 ψηφεὶ
862 1390 1174 1481 βοῶντες
1225 1391 1292 1467 οἱ
1338 1387 1662 1468 δείλαιοι.
1738 1386 1910 1467 ἀλλ’
1951 1388 2050 1470 ὦς
2097 1386 2183 1464 οὐ
2232 1384 2533 1489 σφόδρα
2585 1382 2996 1483 κατηγωνί-

250 1513 489 1645 ξξξῖῑὸᾰ
585 1507 810 1613 ζοντο,
860 1508 992 1609 τὴν
1046 1511 1301 1590 ἑαυτοῦ
1352 1512 1742 1605 βασιλείαν
1797 1511 1925 1589 οὐκ
1979 1509 2292 1611 ἐπίγειον
2346 1504 2524 1587 εἶναι
2575 1505 3006 1614 φάσκοντος

585 1640 716 1713 τοῦ
772 1638 1125 1736 Χριστοῦ,
1176 1634 1403 1715 καίτοι
1462 1632 1590 1718 τάς
1632 1635 2013 1733 Ῥωμαίων
2066 1631 2279 1733 τιμὰς
2333 1635 2799 1713 διεκδικοῦντι
2859 1634 3007 1708 Πι-
3035 1671 3119 1714 10

252 1783 510 1844 1058ss
528 1800 565 1842 a
588 1754 789 1865 λάτῳ
842 1755 976 1857 τὴν
1031 1762 1128 1841 εἷς
1182 1755 1358 1838 αὐτό
1412 1754 1498 1838 τὸ
1552 1764 1741 1838 θεῖον
1794 1757 2152 1860 ἁμαρτίαν
2202 1755 2602 1860 εἰσήγαγον
2656 1753 3006 1856 λέγοντες

588 1891 632 1927 “
669 1879 851 1960 Υὶὸν
922 1885 1117 1961 Θεοῦ
1189 1878 1443 1962 ἑαυτὸν
1514 1882 1918 1981 ἐποίησεν.”
2015 1876 2244 1988 ᾤοντο
2326 1879 2473 1984 γὰρ
2548 1886 2613 1961 οἱ
2689 1878 3006 1963 τάλανες

589 2002 968 2106 ἀκονήσειν
1027 2006 1146 2085 διὰ
1207 2005 1466 2086 τούτου
1537 2011 1656 2086 καὶ
1724 2007 1859 2111 οὐχ
1920 2005 2178 2085 ἑκόντα
2239 2002 2573 2086 Πιλάτον
2632 2009 2731 2089 εἰς
2795 2000 3006 2081 ἀδιά-

589 2162 832 2232 κριτον
866 2128 1114 2233 ὀργὴν,
1150 2129 1680 2230 εὖτολμότατον
1715 2128 1791 2211 δὲ
1829 2127 2320 2230 καταστήσειν
2352 2135 2447 2215 εἶς
2480 2127 2568 2210 τὸ
2614 2130 3006 2231 καθορίσαι

590 2262 718 2334 τοῦ
790 2258 1126 2357 Σωτῆρος
1199 2253 1327 2336 τὸν
1385 2253 1714 2349 θάνατον,
1773 2259 1903 2355 τῆς
1968 2260 2064 2339 εἷς
2124 2252 2317 2335 Θεὸν
2375 2255 2743 2349 εὐσεβείας
2814 2251 3003 2356 πρό·
3036 2292 3115 2352 ¹5

589 2412 866 2484 σχημα,
908 2377 1042 2479 τὴν
1097 2385 1196 2466 εἶς
1249 2387 1462 2460 τοῦτο
1519 2380 1805 2481 κίνησιν
1857 2376 2376 2480 ποιησάμενον·
2456 2379 2629 2458 ἀλλ’
2671 2381 2769 2463 ὡς
2823 2374 3006 2477 ἀνῆ·

589 2537 800 2583 νυτον
847 2504 1085 2589 αὐτοῖς
1138 2500 1223 2586 τὸ
1279 2504 1767 2608 κακουργηθέν
1815 2505 2293 2603 ἀπεδείκνυτο,
2329 2502 2559 2586 πάλιν
2603 2505 2718 2585 ἐπὶ
2775 2499 2860 2582 τὸ
2915 2501 3014 2610 ἐξ

584 2631 813 2734 ἀρχῆς
876 2628 1260 2710 ἀναθέουσι
1328 2629 1625 2732 θράσος,
1690 2629 1875 2709 κατὰ
1938 2634 2069 2729 τῆς
2133 2637 2263 2709 τοῦ
2327 2629 2707 2732 Καίσαρος
2772 2629 3008 2731 ἀρχῆς

587 2757 1081 2854 τετολμῆσθαι
1119 2753 1451 2856 λέγοντες
1487 2752 1581 2833 τὰ
1616 2752 2120 2859 ἐγχειρήματα,
2156 2756 2273 2833 καὶ
2318 2757 2447 2854 τῆς
2483 2753 2746 2833 ἐκείνου
2783 2756 3008 2831 καθο-

519 2899 564 2966 b
588 2875 975 2979 πλίζεσθαι
1039 2875 1256 2985 δόξης
1328 2876 1457 2959 τὸν
1522 2878 1875 2978 δικαστὴν
1938 2877 2195 2979 ἀνέδην
2257 2881 2708 2972 ἐπιβοῶντες,
2770 2881 2828 2954 εἶ
2899 2874 3006 2977 μὴ
3036 2917 3122 2959 20

587 3001 933 3096 βούλοιτο
970 3006 1331 3083 διεκδικεῖν
1368 3006 1482 3083 καὶ
1534 3009 1624 3108 τῇ
1674 3002 2055 3107 πρεπούσῃ
2108 3007 2613 3082 καθυποθεῖναι
2662 3000 2823 3107 δίκῃ
2873 2997 3010 3080 τὸν

590 3125 1054 3232 ἀντειρηκότα
1118 3131 1411 3235 Καίσαρι
1473 3130 1624 3208 κατ’
1682 3125 1960 3225 αὐτοὺς,
2016 3125 2134 3206 διὰ
2191 3133 2322 3206 τοῦ
2386 3129 2503 3207 καὶ
2570 3125 2763 3210 ὅλως
2829 3123 3000 3204 ἀνέ-

587 3259 853 3359 χεσθαι
908 3259 1166 3348 λαβεῖν
1208 3260 1337 3331 τοῦ
1389 3250 1759 3347 βασιλέως
1813 3250 1946 3350 τὴν
1996 3255 2284 3351 κλῆσιν,
2332 3251 2563 3330 καίτοι
2618 3256 2750 3330 τοῦ
2811 3250 3001 3329 Καί·-

588 3411 816 3481 σαρος
877 3378 960 3457 οὐ
1025 3376 1159 3475 τὴν
1212 3374 1632 3480 ἐπουράνιον
1687 3379 2197 3460 διεκδικοῦντος
2261 3375 2516 3481 ἀρχὴν,
2576 3373 2661 3475 ἧς
2730 3373 2820 3475 δὴ
2888 3377 3012 3455 καὶ

586 3501 920 3602 μάλιστα
955 3498 1285 3604 Χριστὸς
1322 3499 1410 3601 ἦν
1448 3499 1829 3600 δεσπότης,
1868 3498 2070 3580 ἀλλὰ
2105 3498 2238 3601 τὴν
2275 3498 2470 3580 κάτω
2508 3504 2626 3578 καὶ
2669 3499 3008 3604 ἐπίγειον,
3039 3537 3120 3598 ²5

252 3626 463 3755 Qvi&
589 3626 638 3728 ἣ
697 3629 816 3707 καὶ
869 3629 998 3727 τῆς
1057 3625 1392 3734 ἐξουσίας
1453 3625 1721 3730 ἤρτητο
1777 3633 1906 3705 τοῦ
1966 3630 2323 3728 Χριστοῦ.
2425 3625 2512 3704 δι’
2576 3625 2795 3705 αὐτοῦ
2859 3626 3010 3730 γὰρ

259 3765 333 3816 16.
530 3781 567 3826 e
588 3759 924 3849 βασιλεῖς·
978 3750 1487 3849 βασιλεύουσι,
1544 3748 1728 3830 κατὰ
1783 3749 1867 3831 τὸ
1926 3748 2445 3852 γεγραμμένον,
2496 3752 2614 3829 καὶ
2670 3750 3013 3853 τύραννοι

592 3879 677 3958 δι’
757 3880 975 3959 αὐτοῦ
1057 3884 1405 3981 κρατοῦσι
1487 3879 1645 3978 γῆς.
1768 3877 2410 3977 ἀθυρογλωττοῦσι
2487 3883 2870 3976 τοιγαροῦν
2942 3883 3012 3958 οἶ

591 3999 884 4085 πάντων
932 4001 1332 4106 ἀνθρώπων
1382 3998 1879 4096 ἀνοσιώτατοι,
1918 4002 2035 4078 καὶ
2089 3997 2221 4098 τὴν
2266 4006 2396 4078 τοῦ
2447 4002 2788 4101 Σωτῆρος
2845 4005 3003 4081 δια-

591 4128 904 4233 σύρουσι
953 4126 1176 4235 δόξαν
1220 4130 1297 4207 ἐκ
1347 4130 1638 4224 πολλῆς
1687 4124 1877 4227 ἄγαν
1914 4121 2358 4230 ἀφιλοθεΐας,
2398 4121 2504 4207 οἷς
2553 4126 2672 4203 καὶ
2723 4124 3013 4211 δικαίως
3041 4147 3124 4205 30

256 4229 476 4365 {alviz
596 4256 635 4333 ὁ
672 4252 1016 4357 μακάριος
1050 4249 1432 4359 προφήτης
1467 4247 1793 4334 Ἡσαΐας
1830 4246 2254 4349 ἐπιπλήττει
2292 4246 2529 4351 λε’γων
2565 4258 2610 4296 “
2636 4249 2888 4349 ’Υμεῖς
2935 4249 3014 4330 δὲ

669 4559 719 4619 7.
754 4567 866 4616 παμ
997 4545 1014 4598 ἶ
1043 4544 1106 4599 Ε.
1524 4558 1603 4596 12.
1642 4542 1891 4597 τάλαντές
1918 4539 1980 4594 Ε.
2400 4556 2482 4605 14.
2522 4538 2918 4606 εὖτολμῶτατον
2943 4539 3010 4594 Ε.

598 4634 682 4673 22.
721 4617 943 4688 ἀνι-ηρηκ
1003 4639 1037 4669 α
1063 4614 1130 4669 Ε.
