3269 5166
616 344 749 408 254
845 343 919 406 B.
971 341 1345 408 CYRILLI
1390 340 1919 407 ALEXANDR.
1971 343 2537 410 FRAGMENTA
2695 345 2739 413 i.
2776 366 2858 415 22
2889 370 3023 434 sqq.

388 457 408 495 1
439 445 515 494 M.

303 445 380 511 [⁵
542 442 566 508 ]
615 507 869 609 ὀλίγου
932 506 1170 586 τοίνυν
1226 512 1598 589 παντελῶς
1663 506 2028 614 ἀξιοῦντες
2092 506 2326 612 λόγου
2387 506 2518 594 τὰς
2582 516 2730 588 τῶν
2796 511 3030 612 ἁγίων

612 628 881 736 φωνὰς,
917 631 1005 710 δι’
1045 626 1147 709 ὦν
1181 628 1273 731 ἦν
1307 628 1487 715 εἰκὸς
1524 628 1776 715 αὐτοὺς
1809 630 2167 712 δύνασθαι
2210 638 2463 729 μαθεῖν
2500 631 2612 713 ὅτι
2665 632 2881 718 αὐτὸς
2932 633 3026 736 ἦν

618 756 659 834 5
708 754 1054 856 Χριστὸς,
1105 755 1498 854 θεοσημίας
1553 751 1861 856 ἐζήτουν·
1935 754 2099 836 ὅθεν
2155 754 2404 857 ἐ’λεγεν
2460 759 2501 837 5
2560 755 2820 860 Σωτὴρ
2873 765 3027 842 τοῖς

280 888 539 1017 {iffa-&h-
619 879 1148 960 ἀποσταλεῖσιν
1241 875 1379 959 ὑπὸ
1456 878 1793 958 Ἰωάννου
1872 888 1917 926 “
1951 878 2436 964 Ἀπελθόντες
2528 883 3027 983 ἀπαγγείλατε

339 992 351 1004 ’
473 991 486 1005 ’
619 1014 664 1051 “
699 1001 999 1110 Ἰωάννῃ
1025 999 1074 1082 ἃ
1102 1000 1390 1082 ἀκούετε
1420 1005 1534 1082 καὶ
1561 1001 1888 1096 βλέπετε·
1948 1006 2216 1110 τυφλοὶ
2243 1004 2765 1103 ἀναβλέπουσι,
2793 1008 3027 1110 χωλοὶ
3053 1044 3090 1104 5

619 1138 663 1175 “
696 1129 1224 1231 περιπατοῦσι”
1272 1163 1337 1208 κ.
1364 1161 1428 1209 τ.
1453 1137 1528 1209 λ.
1603 1131 1722 1207 καὶ
1768 1132 1832 1207 οἰ
1889 1126 2189 1228 ’ἔλληνες
2231 1126 2365 1228 τὴν
2411 1130 2486 1208 ἐν
2540 1129 2734 1236 λέξει
2778 1164 2858 1209 τε
2903 1133 3026 1211 καὶ

619 1251 866 1356 λόγοις
914 1253 1280 1358 ζητοῦντες
1328 1250 1832 1354 λαμπρότητα,
1881 1251 2219 1353 ἡγοῦνται
2274 1251 2350 1333 δὲ
2401 1254 2519 1332 καὶ
2567 1253 2842 1355 μωρίαν
2892 1259 3025 1353 τῆς

617 1376 798 1475 μετὰ
845 1375 1118 1481 σαρκὸς
1167 1376 1568 1474 οἰκονομίας
1604 1372 1734 1456 τὸν
1768 1374 2062 1478 τρόπον,
2098 1377 2222 1455 καί
2260 1382 2451 1480 φασι
2487 1377 2591 1458 Τί
2633 1375 2778 1481 γὰρ
2827 1378 3022 1463 ὅλως

618 1500 754 1580 ἔδει
793 1497 983 1581 Θεόν
1019 1499 1194 1581 ὄντα
1242 1499 1424 1580 κατὰ
1474 1500 1706 1606 φύσιν
1741 1499 1870 1578 τὸν
1907 1500 1985 1579 ἐκ
2023 1504 2216 1580 Θεοῦ
2256 1499 2522 1601 Λόγον,
2560 1500 2862 1600 θελήσει
2902 1506 3020 1582 καὶ

619 1622 910 1723 νεύματι
946 1630 1341 1729 κατορθοῦν
1378 1622 1726 1729 ἰσχύοντα
1762 1622 1855 1703 τὰ
1893 1622 2076 1734 κατὰ
2112 1624 2409 1725 γνώμην
2444 1625 2655 1732 αὐτῷ,
2678 1626 3020 1727 γενέσθω
3045 1667 3132 1708 ‘10

619 1745 999 1849 ἄνθρωπον
1035 1752 1149 1828 καί
1190 1749 1561 1846 ὑπομεῖναι
1599 1746 1960 1841 θάνατον;
2016 1753 2171 1832 πῶς
2207 1750 2267 1826 δ’
2307 1745 2401 1828 ἀν
2437 1750 2735 1851 γε’νοιτο,
2765 1755 3021 1856 φασὶν,

617 1872 982 1952 ἀποτεκεῖν
1038 1872 1444 1974 παρθένους
1524 1877 1679 1956 πῶς
1733 1870 1808 1952 δὲ
1865 1874 1981 1952 καὶ
2037 1870 2536 1972 ἀναστήσεται·
2590 1870 2676 1953 τὸ
2732 1872 3021 1982 θανάτῳ

620 1995 1250 2099 κατεφθαρμένονς
1308 1998 1479 2075 ἀλλ’
1530 1993 1735 2077 οὐδὲν
1778 1994 2034 2080 αὐτοῦς
2089 1994 2374 2079 ἀπεικὸς
2435 2004 2727 2076 τοιαῦτα
2782 1996 3022 2099 λέγειν
3103 2021 3118 2032 “

282 2137 492 2189 Infraii.
518 2151 596 2202 14·
621 2130 664 2167 “
699 2119 1021 2224 Ψυχικὸς
1084 2119 1229 2222 γὰρ
1294 2120 1672 2223 ἅνθρωπος
1738 2122 1821 2201 οὐ
1888 2119 2165 2224 δέχεται
2228 2119 2320 2199 τὰ
2379 2128 2507 2201 τοῦ
2569 2121 3017 2219 Πνεύματος·
3103 2163 3120 2172 ·

621 2254 664 2292 “
697 2244 928 2348 μωρία
975 2242 1119 2347 γὰρ
1158 2246 1350 2352 αὐτῷ
1396 2245 1659 2344 ε’στιν,”
1718 2242 1890 2325 ἀλλ’
1929 2244 2098 2342 ἡμῖν
2136 2247 2308 2325 Θεοῦ
2345 2238 2628 2349 δύναμίς
2677 2246 2835 2324 ἐστι
2894 2253 3018 2325 καὶ
3055 2279 3132 2338 15

620 2370 863 2474 σοφία·
924 2369 1207 2449 σε’σωκε
1263 2366 1407 2473 γὰρ
1464 2370 1549 2447 δι’
1599 2370 1817 2449 αὐτοῦ
1873 2366 2005 2469 τὴν
2062 2369 2176 2449 ὑπ’
2217 2365 2521 2473 οὐρανὸν
2564 2370 2605 2447 5
2655 2367 2839 2452 Θεὸς
2901 2372 3023 2449 καὶ

625 2490 903 2594 Πατὴρ,
961 2495 1057 2577 ὡς
1118 2489 1235 2572 διὰ
1293 2490 1651 2593 δυνάμεως
1707 2497 1837 2595 τῆς
1891 2491 2189 2593 ἐνούσης
2244 2494 2435 2602 αὐτῷ
2496 2499 2844 2600 φυσικῶς,
2901 2497 3020 2574 καὶ

390 2644 477 2699 52
504 2642 598 2699 Η.
622 2619 749 2716 τῆς
794 2617 1200 2723 α’ποῤῥήτου
1243 2618 1532 2722 σοφίας,
1569 2622 1697 2717 τῆς
1748 2619 1999 2698 ἑαυτοῦ
2035 2614 2389 2717 δηλονότι·
2451 2621 2670 2726 σοφῖοι
2707 2617 2851 2722 γὰρ
2892 2626 3017 2700 καὶ

624 2734 904 2848 δύναμις
944 2744 1055 2823 τοῦ
1091 2744 1263 2823 Θεοῦ
1295 2746 1415 2822 καὶ
1455 2739 1746 2846 Πατρὸς
1783 2743 1823 2822 5
1859 2741 2053 2841 Υἱὸς,
2092 2740 2179 2823 δι’
2218 2742 2301 2843 ἧς
2337 2740 2431 2822 τά
2464 2741 2706 2823 πάντα
2738 2747 3018 2845 παρῆκ-

621 2898 739 2944 ται
792 2863 974 2969 πρὸς
1029 2866 1335 2968 γε’νεσιν,
1379 2871 1497 2947 καὶ
1550 2866 1992 2966 πεποιημένα
2047 2864 2406 2969 σώζεται.·
2456 2869 2574 2946 καὶ
2627 2870 2688 2945 εἰ
2740 2864 2831 2965 δή
2887 2900 3021 2965 τις,
3052 2913 3135 2953 20

622 2991 881 3093 φησὶν,
924 2988 1160 3070 ἕλοιτο
1196 2997 1350 3074 ταῖς
1386 2988 1789 3093 ἀνθρώπων
1825 2989 2215 3088 δυνάμεσιν
2250 2987 2721 3097 ἀντεξετάσαι
2772 2988 2906 3090 τὴν
2941 2992 3022 3070 ἐν

623 3117 810 3220 Θεῷ,
848 3111 1288 3218 καταθρήσει
1336 3112 1426 3214 δὴ
1461 3113 1750 3197 πάντως
1788 3112 1896 3193 ὅτι
1947 3112 2031 3193 τὸ
2066 3118 2319 3193 δοκοῦν
2354 3120 2501 3194 τῶν
2539 3115 2747 3194 θείων
2784 3114 3022 3218 ἔργων

620 3239 715 3320 ὡς
752 3239 829 3317 ἐν
863 3239 1197 3348 ἀσθενείᾳ
1248 3237 1660 3343 πεπράχθαι
1704 3234 1949 3343 τυχὸν,
1990 3239 2105 3317 καὶ
2155 3235 2305 3317 οἷον
2356 3239 2490 3343 οὐχ
2538 3237 2676 3343 ὅλῃ
2726 3238 3021 3337 δυνάμει

617 3370 747 3441 τοῦ
796 3361 1282 3463 πεποιηκότος,
1316 3360 1609 3462 ἀπάσης
1668 3363 1868 3449 ἐστὶν
1902 3359 2219 3441 ἐπέκεινά
2272 3396 2350 3442 τε
2395 3364 2513 3441 καὶ
2568 3362 2856 3460 ἄμεινον
2888 3367 3020 3462 τῆς

618 3486 1064 3589 ἀνθρωπίνης
1121 3486 1392 3592 ἰσχύος·
1472 3487 1622 3566 κατ’
1670 3483 1888 3565 αὐτὸν
1942 3484 2019 3566 δὲ
2075 3489 2352 3565 τουτονὶ
2406 3483 2533 3565 τὸν
2582 3485 2852 3589 τρόπον
2897 3489 3016 3567 καὶ
3052 3521 3134 3581 25

617 3611 734 3689 ἐπὶ
779 3614 907 3709 τῆς
951 3610 1218 3718 σοφίας
1261 3607 1564 3710 νοήσεις,
1601 3609 1710 3690 ὅτι
1762 3609 1832 3691 τὶ
1879 3607 2086 3717 μωρὶν
2122 3607 2297 3689 εἰναι
2342 3614 2617 3705 δοκοῦν,
2658 3611 3021 3718 σοφώτερον

619 3733 743 3814 τῶν
788 3731 1126 3841 ἀνθρώπων
1174 3735 1369 3815 ἐστίν.
1450 3737 1658 3814 οἱονεὶ
1702 3733 1886 3837 πρὸς
1928 3732 2020 3812 τὰ
2074 3733 2343 3835 μεγέθη
2400 3737 2514 3813 καί
2572 3731 2813 3834 κάλλη
2872 3742 3022 3814 τῶν

617 3858 1013 3964 στοιχείων,
1042 3859 1346 3961 οὐρανοῦ
1374 3892 1449 3938 τε
1478 3860 1668 3965 φημὶ
1695 3860 1811 3937 καὶ
1844 3858 2052 3958 ἡλίου
2088 3861 2204 3938 καὶ
2242 3863 2388 3936 τῶν
2416 3863 2696 3937 λοιπῶν
2722 3858 3024 3961 ἄστρων

616 3985 730 4062 καὶ
768 3981 991 4087 πυρὸς
1028 3987 1145 4063 καὶ
1181 3984 1434 4066 ὕδατος
1474 3986 1590 4062 καὶ
1625 3987 1771 4061 τῶν
1813 3982 2088 4081 ἄλλων,
2112 3982 2502 4085 συγκρῖναί
2530 4016 2637 4066 τις
2673 3980 3023 4077 βούλοιτο

613 4106 705 4186 τὰ
757 4106 976 4212 μικρὰ
1020 4115 1165 4188 τῶν
1211 4105 1628 4206 κτισμάτων
1677 4110 1792 4185 καὶ
1846 4104 2225 4211 ἐλάχιστα,
2267 4108 2482 4209 ὀλίγη
2537 4113 2918 4191 παντελῶς
2975 4108 3023 4207 ἦ
3054 4142 3143 4199 30

611 4234 688 4311 ἐν
724 4231 997 4316 τούτοις
1034 4229 1491 4335 εὑρεθήσεται
1535 4231 1829 4331 δύναμίς
1879 4265 1956 4310 τε
2010 4234 2128 4311 καὶ
2169 4233 2420 4337 σοφία,
2460 4234 2577 4312 καὶ
2616 4232 2714 4316 ὡς
2751 4233 2900 4312 ἀπό
2935 4267 3023 4336 γε

678 4455 730 4511 6.
769 4478 815 4511 κ.
832 4458 952 4512 τ.λ.
980 4455 1129 4511 deesiz
1151 4456 1207 4511 in
1233 4456 1282 4511 A
1309 4456 1470 4527 (linea
1497 4475 1604 4512 non
1633 4459 1939 4528 completa).
2549 4474 2635 4512 22.
2675 4457 2739 4524 δὴ
2764 4456 2928 4512 habet
2951 4458 3023 4513 A.

613 4525 701 4652 26¹..
717 4524 933 4652 1ζωρὸν]
960 4534 1017 4592 -1-
1042 4525 1223 4653 Roscia]
1253 4528 1328 4583 sic
1354 4529 1410 4582 in
1437 4528 1588 4584 uncis
1614 4529 1887 4584 inclusum
1912 4528 2060 4583 addit
2088 4527 2217 4596 Mai,
2244 4525 2337 4583 sed
2363 4528 2518 4582 omisi
2542 4529 2657 4599 ipse
2685 4546 2857 4600 quum
2884 4529 3020 4584 nihil

611 4613 668 4652 es
768 4614 935 4653 cunae
959 4614 1016 4653 m
1095 4639 1108 4653 .
