<?xml version="1.0" encoding="UTF-8"?>
<!DOCTYPE html PUBLIC "-//W3C//DTD XHTML 1.0 Transitional//EN"
    "http://www.w3.org/TR/xhtml1/DTD/xhtml1-transitional.dtd">
<html xmlns="http://www.w3.org/1999/xhtml" xml:lang="en" lang="en">
 <head>
  <title>
</title>
<meta http-equiv="Content-Type" content="text/html;charset=utf-8" />
  <meta name='ocr-system' content='tesseract 3.04.00' />
  <meta name='ocr-capabilities' content='ocr_page ocr_carea ocr_par ocr_line ocrx_word'/>
</head>
<body>
  <div class='ocr_page' id='page_1' title='image "./indjoannisevang00pusegoog_0193.png"; bbox 0 0 3269 5166; ppageno 0'>
   <div class='ocr_carea' id='block_1_1' title="bbox 237 325 2900 497">
    <p class='ocr_par' dir='ltr' id='par_1_1' title="bbox 237 323 2900 497">
     <span class='ocr_line' id='line_1_1' title="bbox 237 325 2612 412; baseline 0.002 -25"><span class='ocrx_word' id='word_1_1' title='bbox 237 340 564 412; x_wconf 81' lang='lat'>11127,31.</span> <span class='ocrx_word' id='word_1_2' title='bbox 722 326 830 391; x_wconf 86' lang='lat' dir='ltr'>IN</span> <span class='ocrx_word' id='word_1_3' title='bbox 881 325 1400 392; x_wconf 78' lang='lat' dir='ltr'>EPIsToLAM</span> <span class='ocrx_word' id='word_1_4' title='bbox 1451 325 1581 390; x_wconf 87' lang='lat' dir='ltr'>AD</span> <span class='ocrx_word' id='word_1_5' title='bbox 1636 325 2104 391; x_wconf 79' lang='lat' dir='ltr'>ROMANOS.</span> <span class='ocrx_word' id='word_1_6' title='bbox 2485 329 2612 394; x_wconf 86' lang='lat'>179</span> 
     </span>
     <span class='ocr_line' id='line_1_2' title="bbox 2685 431 2900 497; baseline 0 0"><span class='ocrx_word' id='word_1_7' title='bbox 2685 431 2900 497; x_wconf 66' lang='lat' dir='ltr'>[au-J</span> 
     </span>
    </p>
   </div>
   <div class='ocr_carea' id='block_1_2' title="bbox 2538 496 2571 514">
    <p class='ocr_par' dir='ltr' id='par_1_2' title="bbox 2538 496 2571 514">
     <span class='ocr_line' id='line_1_3' title="bbox 2538 496 2571 514; baseline 0 -2"><span class='ocrx_word' id='word_1_8' title='bbox 2538 496 2571 514; x_wconf 50' lang='lat' dir='ltr'>ss</span> 
     </span>
    </p>
   </div>
   <div class='ocr_carea' id='block_1_3' title="bbox 139 487 2930 2311">
    <p class='ocr_par' dir='ltr' id='par_1_3' title="bbox 139 487 2930 2311">
     <span class='ocr_line' id='line_1_4' title="bbox 237 487 2612 599; baseline 0.003 -30"><span class='ocrx_word' id='word_1_9' title='bbox 237 497 277 535; x_wconf 78' lang='lat'>‘⁶</span> <span class='ocrx_word' id='word_1_10' title='bbox 309 490 519 571; x_wconf 85' lang='grc' dir='ltr'>αὐτοῦ</span> <span class='ocrx_word' id='word_1_11' title='bbox 552 487 821 576; x_wconf 71' lang='grc' dir='ltr'>ἐ’λεος·”</span> <span class='ocrx_word' id='word_1_12' title='bbox 888 490 1101 577; x_wconf 80' lang='grc' dir='ltr'>αὐτὸς</span> <span class='ocrx_word' id='word_1_13' title='bbox 1136 491 1280 594; x_wconf 80' lang='grc' dir='ltr'>γὰρ</span> <span class='ocrx_word' id='word_1_14' title='bbox 1316 489 1406 591; x_wconf 86' lang='grc' dir='ltr'>ἦν</span> <span class='ocrx_word' id='word_1_15' title='bbox 1441 493 1481 572; x_wconf 81' lang='grc' dir='ltr'><em>ὃ</em></span> <span class='ocrx_word' id='word_1_16' title='bbox 1522 495 1639 572; x_wconf 85' lang='grc' dir='ltr'>καὶ</span> <span class='ocrx_word' id='word_1_17' title='bbox 1672 492 1904 572; x_wconf 74' lang='grc' dir='ltr'>πάλαι</span> <span class='ocrx_word' id='word_1_18' title='bbox 1940 492 2178 594; x_wconf 87' lang='grc' dir='ltr'>λέγων</span> <span class='ocrx_word' id='word_1_19' title='bbox 2214 490 2331 572; x_wconf 81' lang='grc' dir='ltr'>διὰ</span> <span class='ocrx_word' id='word_1_20' title='bbox 2367 498 2612 599; x_wconf 89' lang='grc' dir='ltr'>φωνης</span> 
     </span>
     <span class='ocr_line' id='line_1_5' title="bbox 229 615 2877 723; baseline 0.002 -32"><span class='ocrx_word' id='word_1_21' title='bbox 229 620 612 719; x_wconf 79' lang='grc' dir='ltr'>προφητῶν</span> <span class='ocrx_word' id='word_1_22' title='bbox 657 627 700 662; x_wconf 89' lang='lat'>“</span> <span class='ocrx_word' id='word_1_23' title='bbox 731 615 930 718; x_wconf 81' lang='grc' dir='ltr'>Ἐγώ</span> <span class='ocrx_word' id='word_1_24' title='bbox 984 620 1123 715; x_wconf 82' lang='grc' dir='ltr'>εἶμι</span> <span class='ocrx_word' id='word_1_25' title='bbox 1159 618 1200 696; x_wconf 86' lang='grc' dir='ltr'><strong>ὁ</strong></span> <span class='ocrx_word' id='word_1_26' title='bbox 1236 616 1641 723; x_wconf 77' lang='grc' dir='ltr'>ἐξαλείφων</span> <span class='ocrx_word' id='word_1_27' title='bbox 1676 615 1807 701; x_wconf 79' lang='grc' dir='ltr'>τὰς</span> <span class='ocrx_word' id='word_1_28' title='bbox 1843 618 2138 715; x_wconf 80' lang='grc' dir='ltr'>ἀνομίας</span> <span class='ocrx_word' id='word_1_29' title='bbox 2174 650 2335 713; x_wconf 93' lang='grc' dir='ltr'>σου,</span> <span class='ocrx_word' id='word_1_30' title='bbox 2376 620 2491 697; x_wconf 82' lang='grc' dir='ltr'>καὶ</span> <span class='ocrx_word' id='word_1_31' title='bbox 2529 618 2611 697; x_wconf 87' lang='grc' dir='ltr'>οὐ</span> <span class='ocrx_word' id='word_1_32' title='bbox 2638 637 2724 686; x_wconf 72' lang='lat' dir='ltr'>Es.</span> <span class='ocrx_word' id='word_1_33' title='bbox 2752 635 2877 686; x_wconf 82' lang='lat' dir='ltr'><strong>xliii.</strong></span> 
     </span>
     <span class='ocr_line' id='line_1_6' title="bbox 229 712 2718 845; baseline 0.002 -25"><span class='ocrx_word' id='word_1_34' title='bbox 229 745 272 781; x_wconf 87' lang='lat'>“</span> <span class='ocrx_word' id='word_1_35' title='bbox 298 735 397 837; x_wconf 81' lang='grc' dir='ltr'>μὴ</span> <span class='ocrx_word' id='word_1_36' title='bbox 449 739 1040 841; x_wconf 86' lang='grc' dir='ltr'>μνησθήσομαι·”</span> <span class='ocrx_word' id='word_1_37' title='bbox 1130 739 1390 821; x_wconf 80' lang='grc' dir='ltr'>διάττει</span> <span class='ocrx_word' id='word_1_38' title='bbox 1437 739 1667 840; x_wconf 84' lang='grc' dir='ltr'>γεμὴν</span> <span class='ocrx_word' id='word_1_39' title='bbox 1723 741 1769 840; x_wconf 84' lang='grc' dir='ltr'><strong><em>ἡ</em></strong></span> <span class='ocrx_word' id='word_1_40' title='bbox 1826 745 2201 821; x_wconf 86' lang='grc' dir='ltr'>δικαιοῦσα</span> <span class='ocrx_word' id='word_1_41' title='bbox 2254 740 2461 845; x_wconf 81' lang='grc' dir='ltr'>χάρις</span> <span class='ocrx_word' id='word_1_42' title='bbox 2514 746 2613 824; x_wconf 76' lang='grc' dir='ltr'>εἶς</span> <span class='ocrx_word' id='word_1_43' title='bbox 2639 712 2718 763; x_wconf 55' lang='lat'>²⁵⁸</span> 
     </span>
     <span class='ocr_line' id='line_1_7' title="bbox 223 860 2614 973; baseline 0.004 -34"><span class='ocrx_word' id='word_1_44' title='bbox 223 860 490 946; x_wconf 86' lang='grc' dir='ltr'>πάντας</span> <span class='ocrx_word' id='word_1_45' title='bbox 523 866 600 943; x_wconf 86' lang='grc' dir='ltr'>ἐν</span> <span class='ocrx_word' id='word_1_46' title='bbox 634 864 796 973; x_wconf 76' lang='grc' dir='ltr'>ἴσῳ,</span> <span class='ocrx_word' id='word_1_47' title='bbox 828 865 1174 948; x_wconf 82' lang='grc' dir='ltr'>ἶουδαίους</span> <span class='ocrx_word' id='word_1_48' title='bbox 1211 863 1295 943; x_wconf 85' lang='grc' dir='ltr'>τέ</span> <span class='ocrx_word' id='word_1_49' title='bbox 1322 870 1508 970; x_wconf 92' lang='grc' dir='ltr'>φημι</span> <span class='ocrx_word' id='word_1_50' title='bbox 1546 868 1663 945; x_wconf 82' lang='grc' dir='ltr'>καὶ</span> <span class='ocrx_word' id='word_1_51' title='bbox 1698 865 2029 964; x_wconf 83' lang='grc' dir='ltr'>ἕλληνας,</span> <span class='ocrx_word' id='word_1_52' title='bbox 2059 863 2169 944; x_wconf 78' lang='grc' dir='ltr'>ὅτι</span> <span class='ocrx_word' id='word_1_53' title='bbox 2203 867 2318 944; x_wconf 79' lang='grc' dir='ltr'>καὶ</span> <span class='ocrx_word' id='word_1_54' title='bbox 2359 864 2614 950; x_wconf 69' lang='grc' dir='ltr'>πάντες</span> 
     </span>
     <span class='ocr_line' id='line_1_8' title="bbox 171 983 2615 1096; baseline -0.002 -23"><span class='ocrx_word' id='word_1_55' title='bbox 171 1013 203 1073; x_wconf 86' lang='grc'><strong>5</strong></span> <span class='ocrx_word' id='word_1_56' title='bbox 226 985 503 1093; x_wconf 62' lang='grc' dir='ltr'>ἥμαρτον</span> <span class='ocrx_word' id='word_1_57' title='bbox 564 997 684 1068; x_wconf 70' lang='grc' dir='ltr'>καὶ</span> <span class='ocrx_word' id='word_1_58' title='bbox 746 991 1148 1096; x_wconf 69' lang='grc' dir='ltr'>ὑστεροῦνται</span> <span class='ocrx_word' id='word_1_59' title='bbox 1214 987 1330 1082; x_wconf 56' lang='grc' dir='ltr'>τῆς</span> <span class='ocrx_word' id='word_1_60' title='bbox 1387 983 1578 1096; x_wconf 65' lang='grc' dir='ltr'>δόξης</span> <span class='ocrx_word' id='word_1_61' title='bbox 1636 991 1744 1069; x_wconf 83' lang='grc' dir='ltr'>τοῧ</span> <span class='ocrx_word' id='word_1_62' title='bbox 1799 992 1988 1070; x_wconf 82' lang='grc' dir='ltr'>Θεοῧ·</span> <span class='ocrx_word' id='word_1_63' title='bbox 2055 987 2238 1095; x_wconf 82' lang='grc' dir='ltr'>δόξα</span> <span class='ocrx_word' id='word_1_64' title='bbox 2294 993 2486 1069; x_wconf 80' lang='grc' dir='ltr'>Θεοῦ</span> <span class='ocrx_word' id='word_1_65' title='bbox 2538 987 2615 1069; x_wconf 77' lang='grc' dir='ltr'>δὲ</span> 
     </span>
     <span class='ocr_line' id='line_1_9' title="bbox 228 1109 2609 1217; baseline 0.002 -28"><span class='ocrx_word' id='word_1_66' title='bbox 228 1112 424 1189; x_wconf 86' lang='grc' dir='ltr'>νοοῖτ’</span> <span class='ocrx_word' id='word_1_67' title='bbox 465 1110 557 1191; x_wconf 78' lang='grc' dir='ltr'>ἂν</span> <span class='ocrx_word' id='word_1_68' title='bbox 591 1109 896 1210; x_wconf 77' lang='grc' dir='ltr'>εἰκότως,</span> <span class='ocrx_word' id='word_1_69' title='bbox 932 1112 1017 1192; x_wconf 83' lang='grc' dir='ltr'>τὸ</span> <span class='ocrx_word' id='word_1_70' title='bbox 1065 1111 1243 1213; x_wconf 83' lang='grc' dir='ltr'>μήτε</span> <span class='ocrx_word' id='word_1_71' title='bbox 1280 1111 1530 1192; x_wconf 78' lang='grc' dir='ltr'>εἰδέναι</span> <span class='ocrx_word' id='word_1_72' title='bbox 1567 1111 1749 1211; x_wconf 86' lang='grc' dir='ltr'>μήτε</span> <span class='ocrx_word' id='word_1_73' title='bbox 1795 1112 1897 1213; x_wconf 87' lang='grc' dir='ltr'>μὴ</span> <span class='ocrx_word' id='word_1_74' title='bbox 1932 1112 2325 1217; x_wconf 80' lang='grc' dir='ltr'>πεφυκέναι</span> <span class='ocrx_word' id='word_1_75' title='bbox 2359 1123 2609 1213; x_wconf 85' lang='grc' dir='ltr'>πλημ-</span> 
     </span>
     <span class='ocr_line' id='line_1_10' title="bbox 226 1234 2618 1343; baseline 0 -29"><span class='ocrx_word' id='word_1_76' title='bbox 226 1242 489 1330; x_wconf 84' lang='grc' dir='ltr'>μελεῖν·</span> <span class='ocrx_word' id='word_1_77' title='bbox 568 1235 866 1318; x_wconf 82' lang='grc' dir='ltr'>κατόπιν</span> <span class='ocrx_word' id='word_1_78' title='bbox 921 1236 995 1317; x_wconf 78' lang='grc' dir='ltr'>δὲ</span> <span class='ocrx_word' id='word_1_79' title='bbox 1053 1235 1335 1320; x_wconf 78' lang='grc' dir='ltr'>πάντως</span> <span class='ocrx_word' id='word_1_80' title='bbox 1391 1243 1538 1316; x_wconf 92' lang='grc' dir='ltr'>τῶν</span> <span class='ocrx_word' id='word_1_81' title='bbox 1594 1241 1725 1336; x_wconf 84' lang='grc' dir='ltr'>τῆς</span> <span class='ocrx_word' id='word_1_82' title='bbox 1777 1234 2111 1338; x_wconf 80' lang='grc' dir='ltr'>θεότητος</span> <span class='ocrx_word' id='word_1_83' title='bbox 2166 1236 2618 1343; x_wconf 83' lang='grc' dir='ltr'>αὐχημάτων,</span> 
     </span>
     <span class='ocr_line' id='line_1_11' title="bbox 226 1359 2623 1464; baseline 0.002 -28"><span class='ocrx_word' id='word_1_84' title='bbox 226 1363 427 1438; x_wconf 84' lang='grc' dir='ltr'>πᾶσα</span> <span class='ocrx_word' id='word_1_85' title='bbox 462 1359 509 1459; x_wconf 85' lang='grc' dir='ltr'><strong><em>ἡ</em></strong></span> <span class='ocrx_word' id='word_1_86' title='bbox 560 1359 823 1460; x_wconf 87' lang='grc' dir='ltr'>γενητὴ</span> <span class='ocrx_word' id='word_1_87' title='bbox 879 1362 1132 1445; x_wconf 79' lang='grc' dir='ltr'>κτίσις·</span> <span class='ocrx_word' id='word_1_88' title='bbox 1210 1361 1684 1464; x_wconf 82' lang='grc' dir='ltr'>παρώλισθον</span> <span class='ocrx_word' id='word_1_89' title='bbox 1736 1359 1882 1464; x_wconf 79' lang='grc' dir='ltr'>γὰρ</span> <span class='ocrx_word' id='word_1_90' title='bbox 1937 1363 2053 1441; x_wconf 78' lang='grc' dir='ltr'>καὶ</span> <span class='ocrx_word' id='word_1_91' title='bbox 2096 1367 2242 1440; x_wconf 89' lang='grc' dir='ltr'>τῶν</span> <span class='ocrx_word' id='word_1_92' title='bbox 2287 1360 2623 1463; x_wconf 82' lang='grc' dir='ltr'>ἀγγέλων</span> 
     </span>
     <span class='ocr_line' id='line_1_12' title="bbox 228 1482 2930 1591; baseline 0.002 -32"><span class='ocrx_word' id='word_1_93' title='bbox 228 1482 421 1567; x_wconf 81' lang='grc' dir='ltr'>τινές.</span> <span class='ocrx_word' id='word_1_94' title='bbox 503 1483 707 1583; x_wconf 87' lang='grc' dir='ltr'>πλὴν</span> <span class='ocrx_word' id='word_1_95' title='bbox 762 1483 1147 1585; x_wconf 80' lang='grc' dir='ltr'>εὐδόκησεν</span> <span class='ocrx_word' id='word_1_96' title='bbox 1198 1487 1237 1564; x_wconf 84' lang='grc' dir='ltr'><strong>ὁ</strong></span> <span class='ocrx_word' id='word_1_97' title='bbox 1284 1484 1470 1570; x_wconf 82' lang='grc' dir='ltr'>Θεὸς</span> <span class='ocrx_word' id='word_1_98' title='bbox 1528 1488 1645 1564; x_wconf 80' lang='grc' dir='ltr'>καὶ</span> <span class='ocrx_word' id='word_1_99' title='bbox 1687 1484 1947 1588; x_wconf 91' lang='grc' dir='ltr'>Πατὴρ</span> <span class='ocrx_word' id='word_1_100' title='bbox 1997 1496 2040 1533; x_wconf 85' lang='grc'><strong>“</strong></span> <span class='ocrx_word' id='word_1_101' title='bbox 2064 1485 2614 1591; x_wconf 80' lang='grc' dir='ltr'>ἀνακεφαλαιώ-</span> <span class='ocrx_word' id='word_1_102' title='bbox 2645 1506 2776 1573; x_wconf 78' lang='lat' dir='ltr'><strong>Eph·</strong></span> <span class='ocrx_word' id='word_1_103' title='bbox 2794 1507 2828 1559; x_wconf 81' lang='lat' dir='ltr'>i.</span> <span class='ocrx_word' id='word_1_104' title='bbox 2854 1521 2930 1558; x_wconf 85' lang='lat'>10·</span> 
     </span>
     <span class='ocr_line' id='line_1_13' title="bbox 139 1603 2626 1720; baseline 0.004 -39"><span class='ocrx_word' id='word_1_105' title='bbox 139 1640 206 1681; x_wconf 88' lang='lat'>10</span> <span class='ocrx_word' id='word_1_106' title='bbox 228 1617 268 1653; x_wconf 88' lang='lat'>“</span> <span class='ocrx_word' id='word_1_107' title='bbox 300 1613 587 1688; x_wconf 90' lang='grc' dir='ltr'>σασθαι</span> <span class='ocrx_word' id='word_1_108' title='bbox 622 1607 716 1688; x_wconf 80' lang='grc' dir='ltr'>τὰ</span> <span class='ocrx_word' id='word_1_109' title='bbox 751 1606 988 1689; x_wconf 81' lang='grc' dir='ltr'>πάντα</span> <span class='ocrx_word' id='word_1_110' title='bbox 1031 1611 1107 1689; x_wconf 85' lang='grc' dir='ltr'>ἐν</span> <span class='ocrx_word' id='word_1_111' title='bbox 1142 1615 1246 1716; x_wconf 75' lang='grc' dir='ltr'>τῷ</span> <span class='ocrx_word' id='word_1_112' title='bbox 1280 1612 1588 1717; x_wconf 85' lang='grc' dir='ltr'>Χριστῷ</span> <span class='ocrx_word' id='word_1_113' title='bbox 1606 1610 1647 1636; x_wconf 87' lang='grc'>”</span> <span class='ocrx_word' id='word_1_114' title='bbox 1706 1614 1809 1718; x_wconf 76' lang='grc' dir='ltr'>τῷ</span> <span class='ocrx_word' id='word_1_115' title='bbox 1855 1613 2233 1690; x_wconf 88' lang='grc' dir='ltr'>δικαιοῦντι</span> <span class='ocrx_word' id='word_1_116' title='bbox 2278 1603 2510 1718; x_wconf 62' lang='grc' dir='ltr'>ὃωρεᾶν</span> <span class='ocrx_word' id='word_1_117' title='bbox 2544 1611 2626 1720; x_wconf 71' lang='grc' dir='ltr'><em>τῆ</em></span> 
     </span>
     <span class='ocr_line' id='line_1_14' title="bbox 227 1728 2624 1841; baseline 0 -29"><span class='ocrx_word' id='word_1_118' title='bbox 227 1734 419 1812; x_wconf 74' lang='grc' dir='ltr'>αὐτοῦ’</span> <span class='ocrx_word' id='word_1_119' title='bbox 483 1731 741 1840; x_wconf 71' lang='grc' dir='ltr'>χάριτι·</span> <span class='ocrx_word' id='word_1_120' title='bbox 815 1730 1111 1813; x_wconf 75' lang='grc' dir='ltr'>τέθειται</span> <span class='ocrx_word' id='word_1_121' title='bbox 1177 1731 1321 1837; x_wconf 80' lang='grc' dir='ltr'>γὰρ</span> <span class='ocrx_word' id='word_1_122' title='bbox 1382 1734 1806 1837; x_wconf 79' lang='grc' dir='ltr'>ἱλαστήριον</span> <span class='ocrx_word' id='word_1_123' title='bbox 1871 1728 1988 1814; x_wconf 60' lang='grc' dir='ltr'>διαὶ</span> <span class='ocrx_word' id='word_1_124' title='bbox 2051 1737 2347 1820; x_wconf 79' lang='grc' dir='ltr'>πίστεως</span> <span class='ocrx_word' id='word_1_125' title='bbox 2399 1734 2461 1814; x_wconf 76' lang='grc' dir='ltr'>ἐν</span> <span class='ocrx_word' id='word_1_126' title='bbox 2529 1739 2624 1841; x_wconf 71' lang='grc' dir='ltr'>τῷ</span> 
     </span>
     <span class='ocr_line' id='line_1_15' title="bbox 228 1854 2623 1962; baseline 0.003 -28"><span class='ocrx_word' id='word_1_127' title='bbox 228 1859 418 1935; x_wconf 72' lang='grc' dir='ltr'>αὐτοῦ</span> <span class='ocrx_word' id='word_1_128' title='bbox 488 1857 773 1962; x_wconf 71' lang='grc' dir='ltr'>αἵματι·</span> <span class='ocrx_word' id='word_1_129' title='bbox 858 1856 1095 1956; x_wconf 82' lang='grc' dir='ltr'>ἐπειδὴ</span> <span class='ocrx_word' id='word_1_130' title='bbox 1170 1856 1315 1960; x_wconf 80' lang='grc' dir='ltr'>γὰρ</span> <span class='ocrx_word' id='word_1_131' title='bbox 1385 1858 1762 1956; x_wconf 87' lang='grc' dir='ltr'>πεποίηται</span> <span class='ocrx_word' id='word_1_132' title='bbox 1834 1860 1962 1957; x_wconf 84' lang='grc' dir='ltr'>τῆς</span> <span class='ocrx_word' id='word_1_133' title='bbox 2030 1857 2367 1937; x_wconf 71' lang='grc' dir='ltr'>ἁπάντων</span> <span class='ocrx_word' id='word_1_134' title='bbox 2441 1854 2623 1959; x_wconf 72' lang='grc' dir='ltr'>ζωῆς</span> 
     </span>
     <span class='ocr_line' id='line_1_16' title="bbox 228 1978 2817 2084; baseline 0.003 -25"><span class='ocrx_word' id='word_1_135' title='bbox 228 1978 712 2084; x_wconf 71' lang='grc' dir='ltr'>ἀντάλλαγμα</span> <span class='ocrx_word' id='word_1_136' title='bbox 768 1980 852 2061; x_wconf 82' lang='grc' dir='ltr'>τὸ</span> <span class='ocrx_word' id='word_1_137' title='bbox 909 1980 1087 2061; x_wconf 81' lang='grc' dir='ltr'>ἴδιον</span> <span class='ocrx_word' id='word_1_138' title='bbox 1143 1980 1340 2080; x_wconf 77' lang='grc' dir='ltr'>αἷμα,</span> <span class='ocrx_word' id='word_1_139' title='bbox 1380 1980 1663 2061; x_wconf 85' lang='grc' dir='ltr'>σέσωκε</span> <span class='ocrx_word' id='word_1_140' title='bbox 1719 1980 1851 2081; x_wconf 85' lang='grc' dir='ltr'>τὴν</span> <span class='ocrx_word' id='word_1_141' title='bbox 1896 1982 2011 2061; x_wconf 79' lang='grc' dir='ltr'>ὑπ’</span> <span class='ocrx_word' id='word_1_142' title='bbox 2052 1978 2373 2083; x_wconf 79' lang='grc' dir='ltr'>οὐρανὸν,</span> <span class='ocrx_word' id='word_1_143' title='bbox 2410 1979 2623 2060; x_wconf 82' lang='grc' dir='ltr'>ἵλεῶν</span> <span class='ocrx_word' id='word_1_144' title='bbox 2646 2012 2693 2066; x_wconf 80' lang='grc'>4</span> <span class='ocrx_word' id='word_1_145' title='bbox 2720 2008 2817 2066; x_wconf 68' lang='grc' dir='ltr'>Π.</span> 
     </span>
     <span class='ocr_line' id='line_1_17' title="bbox 228 2103 2623 2207; baseline 0.002 -27"><span class='ocrx_word' id='word_1_146' title='bbox 228 2135 300 2180; x_wconf 86' lang='grc' dir='ltr'>τε</span> <span class='ocrx_word' id='word_1_147' title='bbox 349 2109 466 2185; x_wconf 86' lang='grc' dir='ltr'>καὶ</span> <span class='ocrx_word' id='word_1_148' title='bbox 517 2107 776 2205; x_wconf 80' lang='grc' dir='ltr'>εὐμενῆ</span> <span class='ocrx_word' id='word_1_149' title='bbox 822 2104 1271 2206; x_wconf 76' lang='grc' dir='ltr'>κατέστησεν</span> <span class='ocrx_word' id='word_1_150' title='bbox 1307 2105 1475 2205; x_wconf 86' lang='grc' dir='ltr'>ἡμῖν</span> <span class='ocrx_word' id='word_1_151' title='bbox 1507 2103 1634 2184; x_wconf 81' lang='grc' dir='ltr'>τὸν</span> <span class='ocrx_word' id='word_1_152' title='bbox 1666 2106 1742 2183; x_wconf 85' lang='grc' dir='ltr'>ἐν</span> <span class='ocrx_word' id='word_1_153' title='bbox 1777 2112 1926 2189; x_wconf 83' lang='grc' dir='ltr'>τοῖς</span> <span class='ocrx_word' id='word_1_154' title='bbox 1972 2106 2292 2207; x_wconf 79' lang='grc' dir='ltr'>οὐρανοῖς</span> <span class='ocrx_word' id='word_1_155' title='bbox 2332 2104 2623 2206; x_wconf 80' lang='grc' dir='ltr'>Πατέρα</span> 
     </span>
     <span class='ocr_line' id='line_1_18' title="bbox 144 2228 602 2311; baseline 0.004 -2"><span class='ocrx_word' id='word_1_156' title='bbox 144 2251 208 2309; x_wconf 84' lang='lat'>15</span> <span class='ocrx_word' id='word_1_157' title='bbox 231 2231 338 2307; x_wconf 79' lang='grc' dir='ltr'>καὶ</span> <span class='ocrx_word' id='word_1_158' title='bbox 381 2228 602 2311; x_wconf 86' lang='grc' dir='ltr'>Θεόν.</span> 
     </span>
    </p>
   </div>
   <div class='ocr_carea' id='block_1_4' title="bbox 796 2417 2725 2508">
    <p class='ocr_par' dir='ltr' id='par_1_4' title="bbox 796 2417 2725 2508">
     <span class='ocr_line' id='line_1_19' title="bbox 796 2417 2725 2508; baseline 0.001 -24"><span class='ocrx_word' id='word_1_159' title='bbox 796 2421 930 2485; x_wconf 85' lang='grc' dir='ltr'><strong>Ποῦ</strong></span> <span class='ocrx_word' id='word_1_160' title='bbox 980 2417 1093 2486; x_wconf 82' lang='grc' dir='ltr'>οὖν</span> <span class='ocrx_word' id='word_1_161' title='bbox 1149 2421 1187 2487; x_wconf 65' lang='grc' dir='ltr'><em>ἡ</em></span> <span class='ocrx_word' id='word_1_162' title='bbox 1246 2421 1593 2508; x_wconf 63' lang='grc' dir='ltr'>καύχησιες</span> <span class='ocrx_word' id='word_1_163' title='bbox 1653 2421 2051 2490; x_wconf 68' lang='grc' dir='ltr'>ἐξεκλείσθη.</span> <span class='ocrx_word' id='word_1_164' title='bbox 2653 2441 2725 2502; x_wconf 78' lang='lat'>27</span> 
     </span>
    </p>
   </div>
   <div class='ocr_carea' id='block_1_5' title="bbox 147 2591 2631 3467">
    <p class='ocr_par' dir='ltr' id='par_1_5' title="bbox 229 2591 2628 2948">
     <span class='ocr_line' id='line_1_20' title="bbox 333 2591 2622 2700; baseline -0 -25"><span class='ocrx_word' id='word_1_165' title='bbox 333 2595 461 2679; x_wconf 80' lang='grc' dir='ltr'>Τίς</span> <span class='ocrx_word' id='word_1_166' title='bbox 516 2594 668 2698; x_wconf 80' lang='grc' dir='ltr'>γὰρ</span> <span class='ocrx_word' id='word_1_167' title='bbox 723 2594 913 2679; x_wconf 78' lang='grc' dir='ltr'>ὅλως</span> <span class='ocrx_word' id='word_1_168' title='bbox 968 2593 1014 2696; x_wconf 80' lang='grc' dir='ltr'>ἢ</span> <span class='ocrx_word' id='word_1_169' title='bbox 1071 2598 1186 2677; x_wconf 82' lang='grc' dir='ltr'>ἐπὶ</span> <span class='ocrx_word' id='word_1_170' title='bbox 1240 2596 1436 2675; x_wconf 83' lang='grc' dir='ltr'>τίσιν</span> <span class='ocrx_word' id='word_1_171' title='bbox 1486 2594 1940 2700; x_wconf 85' lang='grc' dir='ltr'>καυχήσεται,</span> <span class='ocrx_word' id='word_1_172' title='bbox 1986 2591 2277 2675; x_wconf 81' lang='grc' dir='ltr'>πάντων</span> <span class='ocrx_word' id='word_1_173' title='bbox 2322 2594 2622 2698; x_wconf 85' lang='grc' dir='ltr'>ἢχρειω-</span> 
     </span>
     <span class='ocr_line' id='line_1_21' title="bbox 230 2715 2628 2818; baseline 0.001 -20"><span class='ocrx_word' id='word_1_174' title='bbox 230 2720 450 2818; x_wconf 84' lang='grc' dir='ltr'>μένων</span> <span class='ocrx_word' id='word_1_175' title='bbox 484 2723 611 2801; x_wconf 81' lang='grc' dir='ltr'>καὶ</span> <span class='ocrx_word' id='word_1_176' title='bbox 657 2720 1165 2801; x_wconf 80' lang='grc' dir='ltr'>ἐκκεκλικότων</span> <span class='ocrx_word' id='word_1_177' title='bbox 1213 2723 1341 2818; x_wconf 83' lang='grc' dir='ltr'>τῆς</span> <span class='ocrx_word' id='word_1_178' title='bbox 1391 2719 1658 2803; x_wconf 81' lang='grc' dir='ltr'>εὐθείας</span> <span class='ocrx_word' id='word_1_179' title='bbox 1706 2721 1906 2817; x_wconf 81' lang='grc' dir='ltr'>ὁδοῦ,</span> <span class='ocrx_word' id='word_1_180' title='bbox 1943 2721 2059 2798; x_wconf 81' lang='grc' dir='ltr'>καὶ</span> <span class='ocrx_word' id='word_1_181' title='bbox 2103 2715 2385 2801; x_wconf 82' lang='grc' dir='ltr'>οὐδενὸς</span> <span class='ocrx_word' id='word_1_182' title='bbox 2421 2716 2628 2801; x_wconf 74' lang='grc' dir='ltr'>ὄντος</span> 
     </span>
     <span class='ocr_line' id='line_1_22' title="bbox 229 2838 2628 2948; baseline -0.002 -24"><span class='ocrx_word' id='word_1_183' title='bbox 229 2852 603 2929; x_wconf 76' lang='grc' dir='ltr'>παντελῶς</span> <span class='ocrx_word' id='word_1_184' title='bbox 669 2852 798 2924; x_wconf 84' lang='grc' dir='ltr'>τοῦ</span> <span class='ocrx_word' id='word_1_185' title='bbox 870 2851 1242 2928; x_wconf 85' lang='grc' dir='ltr'>ποιοῦντος</span> <span class='ocrx_word' id='word_1_186' title='bbox 1313 2841 1777 2948; x_wconf 87' lang='grc' dir='ltr'>χρηστότητα</span> <span class='ocrx_word' id='word_1_187' title='bbox 1805 2883 1829 2938; x_wconf 88' lang='lat'>;</span> <span class='ocrx_word' id='word_1_188' title='bbox 1915 2845 2171 2923; x_wconf 83' lang='grc' dir='ltr'>οὐκοῦν</span> <span class='ocrx_word' id='word_1_189' title='bbox 2248 2838 2628 2948; x_wconf 75' lang='grc' dir='ltr'>ἐξεκλείσθη</span> 
     </span>
    </p>

    <p class='ocr_par' dir='ltr' id='par_1_6' title="bbox 147 2961 2631 3467">
     <span class='ocr_line' id='line_1_23' title="bbox 147 2961 2630 3072; baseline -0.004 -22"><span class='ocrx_word' id='word_1_190' title='bbox 147 3000 213 3042; x_wconf 87' lang='lat'>20</span> <span class='ocrx_word' id='word_1_191' title='bbox 231 2974 452 3072; x_wconf 77' lang='grc' dir='ltr'>φησὶν</span> <span class='ocrx_word' id='word_1_192' title='bbox 486 2975 522 3066; x_wconf 77' lang='grc' dir='ltr'><em>ἦ</em></span> <span class='ocrx_word' id='word_1_193' title='bbox 568 2968 933 3065; x_wconf 72' lang='grc' dir='ltr'>καύχησις,</span> <span class='ocrx_word' id='word_1_194' title='bbox 969 2969 1339 3048; x_wconf 83' lang='grc' dir='ltr'>τουτέστιν</span> <span class='ocrx_word' id='word_1_195' title='bbox 1371 2968 1807 3067; x_wconf 83' lang='grc' dir='ltr'>ἐκβέβληται</span> <span class='ocrx_word' id='word_1_196' title='bbox 1853 2970 1968 3046; x_wconf 85' lang='grc' dir='ltr'>καὶ</span> <span class='ocrx_word' id='word_1_197' title='bbox 2002 2961 2367 3070; x_wconf 82' lang='grc' dir='ltr'>ἀνῄρηται,</span> <span class='ocrx_word' id='word_1_198' title='bbox 2404 2962 2630 3042; x_wconf 90' lang='grc' dir='ltr'>τόπον</span> 
     </span>
     <span class='ocr_line' id='line_1_24' title="bbox 231 3083 2623 3200; baseline -0.003 -29"><span class='ocrx_word' id='word_1_199' title='bbox 231 3093 349 3174; x_wconf 86' lang='grc' dir='ltr'>οὐκ</span> <span class='ocrx_word' id='word_1_200' title='bbox 399 3093 683 3200; x_wconf 81' lang='grc' dir='ltr'>ἔχουσα</span> <span class='ocrx_word' id='word_1_201' title='bbox 736 3093 903 3195; x_wconf 85' lang='grc' dir='ltr'>παρ’</span> <span class='ocrx_word' id='word_1_202' title='bbox 961 3092 1129 3192; x_wconf 85' lang='grc' dir='ltr'>ἡμῖν</span> <span class='ocrx_word' id='word_1_203' title='bbox 1178 3092 1450 3172; x_wconf 86' lang='grc' dir='ltr'>οὐδένα·</span> <span class='ocrx_word' id='word_1_204' title='bbox 1524 3088 1902 3199; x_wconf 75' lang='grc' dir='ltr'>ἐξεκλείσθη</span> <span class='ocrx_word' id='word_1_205' title='bbox 1959 3087 2035 3169; x_wconf 84' lang='grc' dir='ltr'>δὲ</span> <span class='ocrx_word' id='word_1_206' title='bbox 2090 3088 2250 3167; x_wconf 83' lang='grc' dir='ltr'>τίνα</span> <span class='ocrx_word' id='word_1_207' title='bbox 2303 3083 2623 3189; x_wconf 70' lang='grc' dir='ltr'>τρόπους</span> 
     </span>
     <span class='ocr_line' id='line_1_25' title="bbox 231 3207 2631 3321; baseline -0.003 -25"><span class='ocrx_word' id='word_1_208' title='bbox 231 3215 352 3315; x_wconf 87' lang='grc' dir='ltr'>τὴν</span> <span class='ocrx_word' id='word_1_209' title='bbox 377 3218 697 3321; x_wconf 75' lang='grc' dir='ltr'>πάρεσιν</span> <span class='ocrx_word' id='word_1_210' title='bbox 721 3223 867 3296; x_wconf 90' lang='grc' dir='ltr'>τῶν</span> <span class='ocrx_word' id='word_1_211' title='bbox 890 3216 1436 3319; x_wconf 84' lang='grc' dir='ltr'>προγεγονότων</span> <span class='ocrx_word' id='word_1_212' title='bbox 1458 3213 1991 3317; x_wconf 83' lang='grc' dir='ltr'>ἁμαρτημάτων</span> <span class='ocrx_word' id='word_1_213' title='bbox 2013 3207 2631 3311; x_wconf 79' lang='grc' dir='ltr'>πεπλουτήκαμεν,</span> 
     </span>
     <span class='ocr_line' id='line_1_26' title="bbox 230 3338 2123 3467; baseline -0.002 -48"><span class='ocrx_word' id='word_1_214' title='bbox 230 3341 397 3452; x_wconf 72' lang='grc' dir='ltr'>ἐλέῳ</span> <span class='ocrx_word' id='word_1_215' title='bbox 432 3347 550 3424; x_wconf 79' lang='grc' dir='ltr'>καὶ</span> <span class='ocrx_word' id='word_1_216' title='bbox 590 3343 832 3448; x_wconf 74' lang='grc' dir='ltr'>χάριτι</span> <span class='ocrx_word' id='word_1_217' title='bbox 869 3340 1336 3440; x_wconf 84' lang='grc' dir='ltr'>δικαιούμενοι</span> <span class='ocrx_word' id='word_1_218' title='bbox 1373 3338 1646 3467; x_wconf 53' lang='grc' dir='ltr'>δωρεὰν</span> <span class='ocrx_word' id='word_1_219' title='bbox 1682 3341 1757 3417; x_wconf 84' lang='grc' dir='ltr'>ἐν</span> <span class='ocrx_word' id='word_1_220' title='bbox 1793 3340 2123 3445; x_wconf 75' lang='grc' dir='ltr'>Χριστῷ.</span> 
     </span>
    </p>
   </div>
   <div class='ocr_carea' id='block_1_6' title="bbox 723 3581 2726 3671">
    <p class='ocr_par' dir='ltr' id='par_1_7' title="bbox 723 3581 2726 3671">
     <span class='ocr_line' id='line_1_27' title="bbox 723 3581 2726 3671; baseline 0.001 -24"><span class='ocrx_word' id='word_1_221' title='bbox 723 3584 935 3660; x_wconf 87' lang='grc' dir='ltr'>Νόμον</span> <span class='ocrx_word' id='word_1_222' title='bbox 988 3581 1101 3650; x_wconf 82' lang='grc' dir='ltr'>οὖν</span> <span class='ocrx_word' id='word_1_223' title='bbox 1159 3587 1603 3671; x_wconf 80' lang='grc' dir='ltr'>καταρΓοῦμεν</span> <span class='ocrx_word' id='word_1_224' title='bbox 1661 3582 1766 3647; x_wconf 79' lang='grc' dir='ltr'>διὰ</span> <span class='ocrx_word' id='word_1_225' title='bbox 1823 3581 2103 3648; x_wconf 70' lang='grc' dir='ltr'>πίστεως</span> <span class='ocrx_word' id='word_1_226' title='bbox 2131 3611 2150 3662; x_wconf 78' lang='lat'><em>3</em></span> <span class='ocrx_word' id='word_1_227' title='bbox 2655 3610 2726 3667; x_wconf 87' lang='lat'>31</span> 
     </span>
    </p>
   </div>
   <div class='ocr_carea' id='block_1_7' title="bbox 79 3751 2966 4356">
    <p class='ocr_par' dir='ltr' id='par_1_8' title="bbox 79 3751 2966 3988">
     <span class='ocr_line' id='line_1_28' title="bbox 79 3751 2966 3879; baseline -0.002 -45"><span class='ocrx_word' id='word_1_228' title='bbox 79 3772 90 3779; x_wconf 88' lang='lat'>&#39;</span> <span class='ocrx_word' id='word_1_229' title='bbox 153 3794 215 3852; x_wconf 85' lang='lat'>25</span> <span class='ocrx_word' id='word_1_230' title='bbox 326 3756 534 3866; x_wconf 86' lang='grc' dir='ltr'>Ἔφη</span> <span class='ocrx_word' id='word_1_231' title='bbox 596 3760 703 3865; x_wconf 74' lang='grc' dir='ltr'>τῷ</span> <span class='ocrx_word' id='word_1_232' title='bbox 767 3757 1135 3864; x_wconf 78' lang='grc' dir='ltr'>θεσπεσίῳ</span> <span class='ocrx_word' id='word_1_233' title='bbox 1193 3761 1508 3835; x_wconf 85' lang='grc' dir='ltr'>Μωυσεῖ</span> <span class='ocrx_word' id='word_1_234' title='bbox 1556 3757 1596 3834; x_wconf 85' lang='grc' dir='ltr'><strong>ὁ</strong></span> <span class='ocrx_word' id='word_1_235' title='bbox 1655 3761 1801 3834; x_wconf 91' lang='grc' dir='ltr'>τῶν</span> <span class='ocrx_word' id='word_1_236' title='bbox 1857 3753 2050 3833; x_wconf 80' lang='grc' dir='ltr'>ὅλων</span> <span class='ocrx_word' id='word_1_237' title='bbox 2107 3751 2292 3836; x_wconf 81' lang='grc' dir='ltr'>Θεός</span> <span class='ocrx_word' id='word_1_238' title='bbox 2348 3762 2395 3798; x_wconf 84' lang='grc'><strong>“</strong></span> <span class='ocrx_word' id='word_1_239' title='bbox 2418 3756 2615 3855; x_wconf 88' lang='grc' dir='ltr'>Προ·</span> <span class='ocrx_word' id='word_1_240' title='bbox 2652 3763 2808 3879; x_wconf 50' lang='grc' dir='ltr'>ξέθυιῡ-</span> <span class='ocrx_word' id='word_1_241' title='bbox 2827 3765 2966 3815; x_wconf 77' lang='lat' dir='ltr'>xviii.</span> 
     </span>
     <span class='ocr_line' id='line_1_29' title="bbox 237 3844 2831 3988; baseline -0.005 -23"><span class='ocrx_word' id='word_1_242' title='bbox 237 3889 278 3926; x_wconf 89' lang='lat'>“</span> <span class='ocrx_word' id='word_1_243' title='bbox 311 3881 548 3988; x_wconf 87' lang='grc' dir='ltr'>φήτην</span> <span class='ocrx_word' id='word_1_244' title='bbox 610 3882 847 3965; x_wconf 85' lang='grc' dir='ltr'>αὐτοῖς</span> <span class='ocrx_word' id='word_1_245' title='bbox 903 3877 1301 3978; x_wconf 82' lang='grc' dir='ltr'>ἀναστήσω</span> <span class='ocrx_word' id='word_1_246' title='bbox 1356 3880 1435 3958; x_wconf 82' lang='grc' dir='ltr'>ἐκ</span> <span class='ocrx_word' id='word_1_247' title='bbox 1488 3885 1633 3959; x_wconf 91' lang='grc' dir='ltr'>τῶν</span> <span class='ocrx_word' id='word_1_248' title='bbox 1690 3880 2028 3982; x_wconf 80' lang='grc' dir='ltr'>ἀδελφῶν</span> <span class='ocrx_word' id='word_1_249' title='bbox 2083 3875 2319 3954; x_wconf 87' lang='grc' dir='ltr'>αὐτῶν</span> <span class='ocrx_word' id='word_1_250' title='bbox 2375 3870 2628 3979; x_wconf 78' lang='grc' dir='ltr'>ῶσπερ</span> <span class='ocrx_word' id='word_1_251' title='bbox 2721 3867 2734 3889; x_wconf 76' lang='grc'><strong><em>’</em></strong></span> <span class='ocrx_word' id='word_1_252' title='bbox 2783 3844 2831 3895; x_wconf 91' lang='lat'>9·</span> 
     </span>
    </p>

    <p class='ocr_par' dir='ltr' id='par_1_9' title="bbox 239 3999 2631 4109">
     <span class='ocr_line' id='line_1_30' title="bbox 239 3999 2631 4109; baseline -0.003 -25"><span class='ocrx_word' id='word_1_253' title='bbox 239 4012 278 4050; x_wconf 88' lang='lat'>“</span> <span class='ocrx_word' id='word_1_254' title='bbox 310 4040 397 4086; x_wconf 91' lang='grc' dir='ltr'>σε</span> <span class='ocrx_word' id='word_1_255' title='bbox 444 4009 566 4087; x_wconf 81' lang='grc' dir='ltr'>καὶ</span> <span class='ocrx_word' id='word_1_256' title='bbox 614 4003 833 4085; x_wconf 77' lang='grc' dir='ltr'>δώσω</span> <span class='ocrx_word' id='word_1_257' title='bbox 881 4002 965 4083; x_wconf 83' lang='grc' dir='ltr'>τὸ</span> <span class='ocrx_word' id='word_1_258' title='bbox 1018 4000 1214 4105; x_wconf 82' lang='grc' dir='ltr'>ῥῆμά</span> <span class='ocrx_word' id='word_1_259' title='bbox 1268 4037 1408 4102; x_wconf 91' lang='grc' dir='ltr'>μου</span> <span class='ocrx_word' id='word_1_260' title='bbox 1441 4005 1517 4082; x_wconf 84' lang='grc' dir='ltr'>ἐν</span> <span class='ocrx_word' id='word_1_261' title='bbox 1553 4006 1656 4109; x_wconf 75' lang='grc' dir='ltr'>τῷ</span> <span class='ocrx_word' id='word_1_262' title='bbox 1711 3999 2023 4100; x_wconf 88' lang='grc' dir='ltr'>στόματι</span> <span class='ocrx_word' id='word_1_263' title='bbox 2066 4000 2306 4096; x_wconf 86' lang='grc' dir='ltr'>αὐτοῦ,</span> <span class='ocrx_word' id='word_1_264' title='bbox 2344 4000 2462 4078; x_wconf 84' lang='grc' dir='ltr'>καὶ</span> <span class='ocrx_word' id='word_1_265' title='bbox 2497 4007 2631 4077; x_wconf 85' lang='grc' dir='ltr'>λα-</span> 
     </span>
    </p>

    <p class='ocr_par' dir='ltr' id='par_1_10' title="bbox 236 4122 2626 4232">
     <span class='ocr_line' id='line_1_31' title="bbox 236 4122 2626 4232; baseline -0.003 -24"><span class='ocrx_word' id='word_1_266' title='bbox 236 4136 277 4174; x_wconf 87' lang='lat'>“</span> <span class='ocrx_word' id='word_1_267' title='bbox 311 4130 520 4231; x_wconf 83' lang='grc' dir='ltr'>λήσει</span> <span class='ocrx_word' id='word_1_268' title='bbox 577 4132 820 4214; x_wconf 84' lang='grc' dir='ltr'>αὐτοῖς</span> <span class='ocrx_word' id='word_1_269' title='bbox 872 4127 1122 4208; x_wconf 87' lang='grc' dir='ltr'>καθότι</span> <span class='ocrx_word' id='word_1_270' title='bbox 1178 4125 1269 4207; x_wconf 79' lang='grc' dir='ltr'>ἂν</span> <span class='ocrx_word' id='word_1_271' title='bbox 1322 4125 1740 4224; x_wconf 82' lang='grc' dir='ltr'>ἐντείλωμαι</span> <span class='ocrx_word' id='word_1_272' title='bbox 1800 4125 2017 4232; x_wconf 74' lang='grc' dir='ltr'>αὐτῷ·</span> <span class='ocrx_word' id='word_1_273' title='bbox 2089 4125 2204 4203; x_wconf 80' lang='grc' dir='ltr'>καὶ</span> <span class='ocrx_word' id='word_1_274' title='bbox 2259 4124 2300 4202; x_wconf 85' lang='grc' dir='ltr'><em>ὃ</em></span> <span class='ocrx_word' id='word_1_275' title='bbox 2356 4122 2626 4226; x_wconf 80' lang='grc' dir='ltr'>ἅνθρω-</span> 
     </span>
    </p>

    <p class='ocr_par' dir='ltr' id='par_1_11' title="bbox 236 4246 2632 4356">
     <span class='ocr_line' id='line_1_32' title="bbox 236 4246 2632 4356; baseline -0.003 -24"><span class='ocrx_word' id='word_1_276' title='bbox 236 4261 278 4299; x_wconf 81' lang='grc'><strong>“</strong></span> <span class='ocrx_word' id='word_1_277' title='bbox 309 4287 441 4341; x_wconf 80' lang='grc' dir='ltr'>πος</span> <span class='ocrx_word' id='word_1_278' title='bbox 484 4257 748 4340; x_wconf 83' lang='grc' dir='ltr'>ἐκεῖνος</span> <span class='ocrx_word' id='word_1_279' title='bbox 805 4251 884 4338; x_wconf 74' lang='grc' dir='ltr'>ὃς</span> <span class='ocrx_word' id='word_1_280' title='bbox 927 4249 1051 4332; x_wconf 81' lang='grc' dir='ltr'>ε’ἃν</span> <span class='ocrx_word' id='word_1_281' title='bbox 1095 4248 1197 4353; x_wconf 82' lang='grc' dir='ltr'>μὴ</span> <span class='ocrx_word' id='word_1_282' title='bbox 1252 4250 1531 4356; x_wconf 82' lang='grc' dir='ltr'>ἀκούσῃ</span> <span class='ocrx_word' id='word_1_283' title='bbox 1583 4256 1731 4330; x_wconf 90' lang='grc' dir='ltr'>τῶν</span> <span class='ocrx_word' id='word_1_284' title='bbox 1769 4248 2014 4350; x_wconf 89' lang='grc' dir='ltr'>λόγων</span> <span class='ocrx_word' id='word_1_285' title='bbox 2069 4249 2286 4328; x_wconf 86' lang='grc' dir='ltr'>αὐτοῦ</span> <span class='ocrx_word' id='word_1_286' title='bbox 2342 4246 2487 4326; x_wconf 79' lang='grc' dir='ltr'>ὅσα</span> <span class='ocrx_word' id='word_1_287' title='bbox 2592 4282 2632 4325; x_wconf 92' lang='grc' dir='ltr'>ν</span> 
     </span>
    </p>
   </div>
   <div class='ocr_carea' id='block_1_8' title="bbox 246 4497 2633 4651">
    <p class='ocr_par' dir='ltr' id='par_1_12' title="bbox 246 4497 2633 4651">
     <span class='ocr_line' id='line_1_33' title="bbox 311 4497 2633 4577; baseline -0.004 -13"><span class='ocrx_word' id='word_1_288' title='bbox 311 4524 357 4564; x_wconf 88' lang='lat'>1.</span> <span class='ocrx_word' id='word_1_289' title='bbox 390 4510 519 4565; x_wconf 74' lang='grc' dir='ltr'>κατὰ</span> <span class='ocrx_word' id='word_1_290' title='bbox 666 4510 749 4565; x_wconf 77' lang='grc' dir='ltr'>καὶ</span> <span class='ocrx_word' id='word_1_291' title='bbox 773 4508 844 4566; x_wconf 87' lang='grc' dir='ltr'>Β.</span> <span class='ocrx_word' id='word_1_292' title='bbox 1093 4523 1178 4562; x_wconf 80' lang='lat'>21.</span> <span class='ocrx_word' id='word_1_293' title='bbox 1217 4506 1576 4577; x_wconf 77' lang='grc' dir='ltr'>οὔκ-τρόπον</span> <span class='ocrx_word' id='word_1_294' title='bbox 1599 4504 1663 4577; x_wconf 80' lang='lat' dir='ltr'>(a</span> <span class='ocrx_word' id='word_1_295' title='bbox 1686 4526 1811 4562; x_wconf 76' lang='grc' dir='ltr'>-πον</span> <span class='ocrx_word' id='word_1_296' title='bbox 1833 4503 1904 4561; x_wconf 67' lang='lat' dir='ltr'>ad</span> <span class='ocrx_word' id='word_1_297' title='bbox 1928 4524 2054 4561; x_wconf 79' lang='grc' dir='ltr'>-πον</span> <span class='ocrx_word' id='word_1_298' title='bbox 2075 4499 2407 4571; x_wconf 71' lang='lat' dir='ltr'>transiliens)</span> <span class='ocrx_word' id='word_1_299' title='bbox 2430 4516 2537 4555; x_wconf 85' lang='lat' dir='ltr'>om.</span> <span class='ocrx_word' id='word_1_300' title='bbox 2564 4497 2633 4555; x_wconf 90' lang='grc' dir='ltr'>Β.</span> 
     </span>
     <span class='ocr_line' id='line_1_34' title="bbox 246 4569 2578 4651; baseline -0.004 -17"><span class='ocrx_word' id='word_1_301' title='bbox 246 4591 325 4645; x_wconf 85' lang='lat'>25.</span> <span class='ocrx_word' id='word_1_302' title='bbox 357 4582 508 4651; x_wconf 72' lang='grc' dir='ltr'>μυσῆ</span> <span class='ocrx_word' id='word_1_303' title='bbox 591 4621 606 4637; x_wconf 95' lang='grc'><strong>.</strong></span> <span class='ocrx_word' id='word_1_304' title='bbox 965 4576 1050 4633; x_wconf 84' lang='lat'>26.</span> <span class='ocrx_word' id='word_1_305' title='bbox 1086 4578 1544 4646; x_wconf 78' lang='grc' dir='ltr'>αὐτῶν-στόματι</span> <span class='ocrx_word' id='word_1_306' title='bbox 1575 4593 1685 4632; x_wconf 87' lang='lat' dir='ltr'>om.</span> <span class='ocrx_word' id='word_1_307' title='bbox 1716 4575 1783 4631; x_wconf 90' lang='lat' dir='ltr'>B.</span> <span class='ocrx_word' id='word_1_308' title='bbox 2140 4590 2227 4644; x_wconf 82' lang='lat'>29.</span> <span class='ocrx_word' id='word_1_309' title='bbox 2265 4571 2354 4627; x_wconf 82' lang='grc' dir='ltr'>ε’ἆν</span> <span class='ocrx_word' id='word_1_310' title='bbox 2376 4586 2484 4625; x_wconf 86' lang='lat' dir='ltr'>om.</span> <span class='ocrx_word' id='word_1_311' title='bbox 2511 4569 2578 4625; x_wconf 89' lang='grc' dir='ltr'>Β.</span> 
     </span>
    </p>
   </div>
   <div class='ocr_carea' id='block_1_9' title="bbox 1347 4679 1526 4725">
    <p class='ocr_par' dir='ltr' id='par_1_13' title="bbox 1347 4679 1526 4725">
     <span class='ocr_line' id='line_1_35' title="bbox 1347 4679 1526 4725; baseline 0.022 -4"><span class='ocrx_word' id='word_1_312' title='bbox 1347 4679 1526 4725; x_wconf 77' lang='lat' dir='ltr'>Aa2</span> 
     </span>
    </p>
   </div>
  </div>
 </body>
</html>
