3269 5166
222 367 351 431 nii.
378 369 441 445 8,
464 389 529 451 9.
708 366 819 431 ΙΝ
874 365 1401 431 BPIsmLAM
1458 365 1587 430 AD
1650 366 2154 432 HEBRAEOS.
2502 370 2632 434 41¹7

2659 468 2681 534 [
2707 483 2798 534 125
2823 470 2898 522 M.
2925 469 2950 536 J

262 563 521 629 Ἰησοῦς
574 562 851 650 Χριστὸς
903 562 1054 648 χθὲς
1110 561 1216 625 καὶ
1272 561 1579 649 σήμερον
1651 561 1690 628 5
1745 559 1942 628 αὐτὸς
1998 563 2104 626 καί
2157 558 2254 626 εἰσ
2305 557 2571 627 αἰῶνας.
2659 557 2812 638 Κεφ·
2842 553 2939 637 ιγ’.

2654 643 2689 700 8

327 712 503 788 Τῶν
530 714 800 813 φωνῶν
834 711 909 786 αἱ
943 705 1077 857 μὲν
1113 713 1544 809 θεοπρεπεῖς,
1584 708 1681 790 ὡς
1719 705 1801 786 τό
1840 717 1882 754 “
1910 706 2181 809 Ἐγω’
2145 742 2221 788 εν
2255 713 2357 816 τῷ
2390 711 2624 811 Πατρι
2653 737 2702 788 Β
2717 737 2871 790 σοιη.

2649 803 2752 855 xiv.
2787 817 2864 854 ιο.

220 832 417 910 “ml
453 831 497 910 5
538 829 875 932 Πατὴρ’
837 865 913 911 εν
947 831 1150 930 ἐμοί·’
1231 835 1305 910 αἱ
1341 827 1420 909 δὲ
1456 833 2186 933 ἀνθρωποπρεπεΐς,“
2142 867 2238 916 ως
2276 827 2359 911 τό
2395 841 2437 880 “
2468 837 2627 913 Νῦν
2651 868 2732 920 lb.
2755 869 2857 920 vm.
2881 881 2961 934 μ

218 963 263 1000 “
298 952 375 1034 δὲ
409 952 687 1056 ζητειτέ
709 989 802 1054 με
837 957 1267 1052 ἀποκτεῖναι,
1304 947 1758 1055 οἷ’νθρωπονδε
1726 987 1805 1037 ος
1838 951 1970 1053 τὴν
2015 955 2358 1054 ἀληθείαν
2394 953 2622 1034 λελοί-

163 1107 197 1168 5
220 1086 265 1124 “
299 1088 495 1178 ληκα
548 1079 716 1176 ὑμῖν
733 1079 775 1106 ”
821 1076 941 1188 [αἱ
991 1075 1070 1157 δὲ
1118 1076 1361 1177 μέσαι,
1398 1071 1501 1155 ὧν
1543 1078 1750 1175 αὕτη·
1813 1075 2143 1178 Χριστὸν
2180 1075 2321 1181 γᾶρ
2360 1075 2621 1188 εἰπὼν]

216 1199 378 1299 χθὲς
437 1209 559 1280 καὶ
617 1204 886 1307 σήμερον
941 1197 1126 1279 εἶναί
1172 1207 1364 1306 φησι
1432 1207 1552 1280 καὶ
1622 1207 1715 1285 εἷς
1775 1197 1922 1286 τοῦς
1979 1199 2248 1287 οιῖῶνοις.
2338 1197 2485 1280 ἰδοῦ
2541 1200 2629 1302 δὴ

218 1329 484 1430 σαφῶς
541 1324 582 1402 5
638 1322 1255 1429 πνευματοφόρος,
1316 1323 1357 1401 5
1411 1320 1613 1426 παρὰ
1668 1323 1886 1402 αὑτοῦ
1942 1326 2274 1424 Χριστοῦ
2328 1323 2413 1403 τὸ
2468 1327 2626 1425 περὶ

221 1448 441 1526 αὐτοῦ
474 1445 905 1545 μεμαθηκὼς
939 1444 1360 1548 μυστήριον,
1391 1442 1476 1524 τὸ
1513 1448 1589 1524 ἐν
1626 1443 1955 1552 ἀτρέπτῳ
1987 1448 2101 1525 καὶ
2133 1444 2626 1554 ἀμεταποιήτῳ

220 1568 441 1673 φύσει
477 1573 762 1649 κεῖσθαι
809 1566 937 1648 τὸν
972 1566 1155 1649 Υὶὸν
1192 1569 1553 1669 ὁμολογεῖ,
1591 1566 1768 1669 ὅπερ
1806 1565 1984 1647 ἴδιόν
2029 1570 2187 1648 ἐστι
2231 1568 2455 1668 μόνου
2498 1576 2626 1648 τοῦ

128 1720 197 1761 10
218 1697 414 1773 Θεοῦ
470 1695 589 1772 καὶ
630 1689 942 1794 Πατρός,
980 1692 1195 1800 ἑτέρῳ
1247 1689 1324 1770 δὲ
1378 1690 1741 1793 πρόσεστι
1796 1696 1942 1770 τῶν
1997 1697 2314 1792 γενητῶν
2364 1691 2616 1772 οὐδενί.

215 1818 475 1896 οὐκοῦν
528 1821 588 1895 εἶ
641 1814 859 1914 μόνος
901 1815 1251 1917 ἄτρεπτος
1299 1815 1340 1893 5
1380 1812 1565 1898 Θεὸς
1622 1817 1738 1894 καὶ
1781 1811 2060 1917 Πατὴρ,
2117 1817 2192 1894 ἐν
2248 1812 2622 1914 ταυτότητι

214 1937 291 2018 δὲ
347 1937 645 2044 φύσεως
700 1941 816 2018 καὶ
873 1941 914 2018 5
952 1937 1146 2034 Υἱὸς,
1185 1939 1291 2017 ἀεὶ
1341 1945 1552 2016 τοῦτο
1609 1935 1709 2016 ῶν
1778 1936 1954 2040 ὅπερ
2011 1940 2130 2018 καὶ
2177 1940 2218 2018 5
2266 1938 2621 2041 γεννήσας

214 2061 457 2157 αὐτὸν,
512 2067 667 2145 πῶς
722 2058 811 2140 ἂν
864 2060 969 2160 εἴη
1025 2067 1171 2139 τῶν
1220 2066 1537 2162 γενητῶν
1595 2056 1693 2143 εἷς
1760 2062 1800 2139 5
1862 2057 2078 2161 μόνος
2135 2062 2236 2167 τῷ
2303 2063 2620 2168 φύσαντι

213 2182 403 2265 κατὰ
464 2182 595 2263 τὸν
658 2183 1043 2290 ἄφραστον
1105 2188 1233 2283 τῆς
1297 2184 1547 2266 οὐσίας
1623 2181 1848 2285 λόγον
1919 2184 2439 2285 ἁμιλλώμενος,
2501 2188 2614 2268 καὶ
2641 2221 2759 2276 120
2787 2218 2880 2278 u,

121 2334 190 2398 15
212 2316 433 2388 τοῦτο
482 2304 583 2386 ῶν
637 2307 822 2387 κατὰ
870 2305 1119 2415 φύσιν,
1157 2306 1335 2409 ὅπερ
1368 2308 1568 2386 ἐστὶν
1605 2309 1646 2387 ὁ
1690 2306 1965 2410 Πατὴρ,
2005 2308 2169 2412 δίχα
2220 2307 2443 2410 μόνου
2490 2318 2616 2392 τοῦ

212 2428 396 2511 εἶναι
456 2428 745 2533 πατήρ;
815 2431 923 2510 ὅτι
987 2428 1130 2534 γὰρ
1194 2431 1322 2510 οὐκ
1386 2433 1808 2510 ἀλλοιοῦται
1865 2429 2176 2534 γεγονὼς
2241 2432 2619 2536 ἄνθροητος

213 2555 384 2636 καθ’
438 2553 623 2654 ἡμᾶς
679 2555 721 2635 5
762 2552 1025 2656 Λόγος,
1080 2557 1157 2635 ἐν
1210 2553 1484 2638 τούτοις
1541 2552 2055 2655 διαμεμήνυκεν
2113 2557 2154 2637 5
2208 2592 2612 2658 πνευματο-

213 2676 471 2783 φόρος.
536 2682 653 2757 καὶ
698 2677 1142 2777 σημαντικὸν
1175 2677 1308 2777 μὲν
1351 2685 1480 2758 τοῦ
1529 2676 2040 2785 παρῳχηκότος
2078 2679 2339 2784 χρόνου
2389 2688 2608 2762 ποιεῖ-

210 2834 331 2880 ται
370 2834 458 2880 το
436 2799 678 2898 ’Χθές,
705 2809 834 2881 τοῦ
866 2799 1094 2903 γεμὴν
1130 2804 1520 2885 ἐνεστῶτος
1554 2799 1640 2882 τό
1667 2803 1967 2907 Σήμερον,
1995 2812 2126 2883 τοῦ
2159 2802 2308 2884 δὲ’
2272 2837 2619 2903 εσομενου

112 2959 189 3001 20
211 2928 332 3005 καὶ
378 2923 781 3024 μέλλοντος
824 2924 908 3004 τό
949 2933 1070 3011 Εἰς
1117 2961 1266 3011 τους
1316 2925 1588 3010 αἰῶνας·
1660 2960 1720 3004 ει
1758 2924 1833 3005 δὲ
1868 2923 1952 3005 τὸ
1992 2924 2150 3024 χθὲς
2192 2962 2310 3007 κοιι
2351 2930 2831 3034 σῆμερονωηιω

209 3051 374 3129 ἀντὶ
422 3057 553 3128 τοῦ
587 3045 1024 3154 προσφάτου
1067 3046 1248 3133 τινὲς
1299 3045 1664 3152 δεχόμενοι
1701 3048 2248 3146 διατείνονται,
2218 3082 2257 3127 ο
2297 3046 2454 3148 >4055-
2495 3059 2612 3132 καὶ
2643 3027 2797 3157 {⁰⁸55
2804 3028 2914 3155 ¹⁵7¹&

210 3174 490 3279 σῆμερον
541 3177 697 3256 πῶς
752 3169 842 3251 ἂν
879 3170 987 3271 εἴη
1032 3207 1151 3252 και
1209 3179 1300 3256 εἰς
1333 3207 1480 3256 τους
1539 3169 1831 3266 αἰῶναςς
1893 3170 2446 3273 μεταστήσομεν
2502 3177 2617 3255 καὶ

206 3296 411 3395 ἡμεῖς
458 3292 594 3393 τὴν
636 3299 763 3394 τῆς
807 3294 1217 3397 ἐρωτήσεως
1275 3294 1573 3395 δύναμιν
1626 3300 1722 3378 εἶς
1778 3292 1863 3375 τὸ
1918 3295 2086 3401 ἕχον
2141 3298 2492 3383 ἐναντίως·
2576 3300 2622 3379 5

203 3418 359 3522 γὰρ
420 3425 515 3504 εἰς
568 3416 716 3504 τοῖις
771 3417 1019 3505 dicim
1068 3415 1169 3498 ὧν
1222 3416 1484 3519 Λόγος,
1520 3424 1675 3503 πῶς
1728 3417 1819 3499 ἂν
1875 3418 2093 3513 λάβοι
2148 3426 2221 3501 το
2273 3418 2431 3521 χθὲς
2493 3433 2616 3505 καὶ

102 3582 181 3643 ²5
206 3544 490 3650 σήμερον
540 3543 650 3649 ἐφ’
698 3544 943 3649 ἑαυτῷ,
1003 3575 1195 3646 ειπερ
1254 3545 1454 3621 ἐστὶν
1500 3539 1595 3626 εἷς
1644 3543 1684 3620 5
1722 3541 2066 3647 Χριστὸς,
2105 3579 2219 3625 και
2271 3546 2354 3627 οῦ
2388 3548 2603 3645 μεμέ-
2644 3572 2949 3635 xeor.1.13.

202 3699 482 3770 ρισται,
513 3664 697 3746 κατὰ
730 3663 862 3766 τὴν
899 3664 1204 3746 Παύλου
1243 3663 1543 3772 φωνῆν;
1599 3663 1646 3764 ἢ
1687 3665 2069 3765 δηλονότι’
2077 3671 2303 3762 Ιησοῦς
2332 3672 2610 3791 Χριστος

200 3788 371 3888 χθὲς
437 3823 559 3870 uae
618 3793 884 3900 σήμερον
936 3795 1383 3891 σωματικῶς,
1443 3798 1472 3870 ὁ
1531 3786 1731 3875 αὐτός
1787 3798 2277 3890 πνευματικῶς
2339 3830 2457 3876 και
2519 3803 2612 3883 εἷς

202 3949 365 4000 τους
402 3911 679 3998 almvm·-

503 4094 814 4185 Διδαχαῖο
867 4099 1193 4164 ποικίλαις
1248 4100 1355 4164 καὶ
1411 4099 1627 4167 ξέναις,
1679 4098 1768 4175 μὴ
1823 4099 2310 4189 παραφέρεσθε.
2637 4119 2674 4175 9

85 4298 170 4354 30
320 4240 439 4324 Τὸ
488 4243 565 4323 δε
620 4246 1166 4367 παραφέρεσθαι
1219 4245 1482 4348 εἴρηται
1537 4247 1613 4325 ἐκ
1678 4252 2088 4352 μεταφορᾶς
2150 4253 2296 4324 τῶν
2352 4281 2602 4343 μαινο-

192 4367 466 4471 μένων,
528 4374 675 4447 τῶν
731 4362 900 4473 τῇδε
961 4371 1244 4449 κάκεῖσε
1302 4370 1901 4476 περιφερομένων·
1980 4368 2026 4468 ἢ
2093 4376 2239 4448 τῶν
2303 4373 2609 4472 εὐπαρα-

278 4537 337 4595 5.
365 4522 523 4582 Quoe
541 4524 694 4579 uncis
714 4523 1047 4590 inclusimus,
1061 4543 1121 4580 ea
1135 4525 1290 4581 valde
1310 4526 1509 4580 suntin
1527 4526 1709 4581 codice
1725 4525 2613 4595 e†anida.Ma1u331.mpe.·

196 4592 517 4667 φερομενυν
538 4593 699 4649 habet
727 4593 885 4658 Cod„
910 4604 971 4650 ut
996 4595 1213 4651 adnotat
1237 4608 1291 4650 et
1316 4596 1513 4651 Maius,

294 4694 564 4744 voum.
1366 4700 1483 4765 31³
