3269 5166
658 343 788 406 558
1286 341 1376 406 'B.
1428 340 1804 406 CYRILLI
1864 341 2386 407 ALEXANDR.

320 488 570 616 ῗὲὶὲᾗ
602 503 638 542 ³
663 506 738 583 ἐν
801 506 903 613 τῷ
968 506 1329 614 ὄμυουσίφ
1401 505 1787 657 Πνξύματι·
1890 506 2290 609 γέγραπται
2357 504 2500 608 γὰρ
2563 506 2672 585 ὅτι
2735 516 2780 552 “
2814 506 2918 585 Ὁ
2984 506 3072 586 δὲ’

327 642 347 677 ¹
360 639 403 692 7·
663 626 977 731 “κυ’ριος
1031 628 1116 708 τὸ
1168 628 1449 729 πνεῦμά
1503 630 1763 710 ἑστιν.”
1840 630 2010 710 ἔνθα
2055 630 2133 709 δὲ
2169 629 2359 714 ὅλως
2393 630 2639 713 οὐσίας
2675 627 3058 729 ταυτότης,

662 755 807 834 ε’κεῖ
850 786 992 833 που
1044 749 1332 838 πάντως
1387 753 1489 854 εἴη
1529 750 1618 833 ἀν
1661 753 1746 833 τὸ
1794 753 2314 856 παραλλάττον
2350 753 2570 834 οὐδέν.
2645 755 2815 832 ἀλλ’
2878 752 3062 855 ὅπερ

660 874 750 956 ἂν
781 873 975 956 εἶναι.
993 879 1160 982 νοῇς
1195 875 1323 956 τὸν
1362 875 1675 978 Πατέρα,
1712 875 1922 956 τοῦτό
1965 877 2124 955 ἐστι
2161 881 2279 956 καὶ
2319 879 2359 957 5
2395 874 2591 973 Υἱὸς,
2628 874 2795 980 δι’χα
2831 876 3063 975 μόνου

659 1008 788 1080 τοῦ
815 996 988 1079 εἶναι
1023 998 1286 1102 πατήρ·
1345 1002 1464 1079 καὶ
1501 998 1678 1103 ὅπερ
1713 997 1803 1080 ἂν
1840 999 2219 1106 ὑπολάβῃς
2253 996 2429 1080 εἶναι
2459 998 2587 1081 τὸν
2611 997 2814 1097 wa»,
2844 998 3058 1080 τοῦτό
3084 1031 3118 1089 5

659 1124 820 1202 ἐστι
854 1125 970 1202 καί
997 1122 1082 1203 τὸ
1113 1128 1430 1223 Πνεῦμα,
1461 1125 1629 1229 δίχα
1660 1124 1885 1221 μόνου
1919 1131 2048 1204 τοῦ
2083 1120 2259 1203 εἶναι
2296 1123 2466 1207 υἱός.
2527 1124 2892 1229 ὑφέστηκε
2926 1122 3061 1220 μὲν

657 1244 801 1349 γὰρ
836 1252 983 1326 τῶν
1015 1248 1548 1347 ὠνομασμένων
1581 1249 1890 1327 ἕκαστον
1927 1245 2467 1346 ἰδιοσυστάτως,
2490 1251 2606 1327 καὶ
2633 1246 2837 1326 ἔστιν
2872 1250 3058 1347 ἀλη-

659 1375 804 1456 θῶς
857 1369 1033 1474 ὅπερ
1083 1368 1259 1452 εἶναι
1313 1370 1617 1474 λέγεται·
1690 1371 1736 1471 ἡ
1787 1370 1862 1451 δὲ
1912 1377 2007 1455 εἰς
2042 1377 2190 1452 πᾶν
2243 1373 2482 1451 ὁτιοῦν
2538 1368 2871 1469 ὁμοιότης
2927 1375 3058 1469 τῆς

589 1516 631 1580 b
658 1494 864 1598 ἁγίας
921 1493 1231 1597 Τριάδος
1287 1492 1868 1598 ἀπαραλλάκτως
1932 1495 2094 1599 ἔχει.
2170 1497 2425 1574 οὐκοῦν
2484 1491 2621 1574 κᾶν
2673 1499 2737 1573 εἰ
2801 1494 3057 1596 γέγονε

656 1618 806 1697 κατ’
842 1615 1075 1697 εἰκόνα
1110 1626 1240 1699 τοῦ
1272 1622 1456 1698 Υῖοῦ
1491 1620 1531 1698 5
1569 1618 1965 1721 ἅνθρωπος,
2004 1620 2119 1697 καὶ
2157 1618 2383 1701 οὕτως
2429 1619 2587 1697 ἐστὶ
2624 1616 2776 1696 κατ’
2818 1617 3056 1696 εἰκόνα
3083 1657 3150 1697 ιο

655 1745 867 1821 Θεοῦ.
935 1739 1115 1842 ὅλης
1160 1740 1304 1845 γὰρ
1340 1743 1534 1849 αὐτῷ
1569 1745 1697 1841 τῆς
1734 1742 2124 1840 ὁμοουσίου
2158 1741 2468 1843 Τριάδος
2506 1746 2573 1820 οἱ
2609 1744 3057 1846 χαρακτῆρες
3089 1845 3096 1852 ⁶

651 1861 1173 1962 ἐλλάμπουσιν,
1209 1867 1336 1946 ἅτε
1390 1864 1479 1965 δὴ
1536 1868 1652 1945 καὶ
1705 1871 1874 1963 μιᾶς
1917 1867 2145 1965 οὔσης
2193 1869 2321 1964 τῆς
2373 1862 2558 1945 κατὰ
2612 1863 2846 1970 φύσιν
2883 1862 3047 1944 θεό-

652 2020 864 2087 τητος
918 1991 1047 2087 τῆς
1100 1991 1176 2068 ἐν
1213 1992 1452 2092 Πατρὶ
1501 1991 1619 2068 καὶ
1667 1994 1825 2097 Υἰῷ
1881 1992 1995 2068 καὶ
2049 1989 2279 2096 Ἀγίῳ
2320 1988 2705 2085 Πνεύματι.
2785 1986 3055 2091 γράφει

316 2137 444 2189 Gen,
467 2138 500 2189 1.
652 2118 829 2212 γοῦν
875 2112 916 2190 ὁ
960 2110 1344 2197 θεσπέσιος
1391 2117 1723 2212 Μωυσῆς
1777 2123 1822 2159 “
1861 2115 2005 2193 Καὶ
2058 2109 2250 2191 ειπεν
2296 2113 2336 2191 5
2385 2111 2571 2196 Θεός
2611 2108 3054 2210 Ποιήσωμεν

321 2203 396 2254 ²⁶⁰
651 2243 695 2280 ‘⁶
746 2234 785 2264 ⁸
729 2240 1110 2337 ανθρωπον
1147 2235 1299 2315 κατ’
1339 2234 1577 2316 εἰκόνα
1624 2235 1972 2339 ἡμετέραν
2010 2237 2127 2315 καί
2164 2236 2329 2315 καθ’
2371 2236 2759 2334 ὁμοίωσινῖ
2763 2235 2937 2315 ’τὸ
2975 2236 3149 2327 δεί5

591 2387 625 2429 c
648 2358 1068 2462 Ημετέραν,
1107 2360 1239 2463 οὐχ
1294 2358 1449 2442 ἑνὸς
1484 2358 1812 2460 δήλωσιν
1865 2358 2006 2464 ἔχει
2059 2358 2480 2461 προσώπου,
2517 2358 2633 2438 διά
2666 2392 2777 2438 τοι
2831 2358 2920 2438 τὸ
2977 2361 3054 2437 ἐν

645 2484 884 2585 τρισὶν
934 2481 1432 2563 υποστάσεσιν
1468 2479 1643 2562 εἶναι
1679 2482 1763 2562 τὸ
1807 2487 1936 2582 τῆς
1985 2483 2175 2566 θείας
2224 2486 2342 2562 καὶ
2391 2481 2697 2587 ἀῤῥήτου
2753 2481 3053 2636 φύσεως

646 2605 1028 2709 πλήρωμα.
1106 2605 1438 2709 περιττὸν
1474 2607 1599 2687 ουν
1636 2607 1777 2710 ἄρα
1817 2605 1901 2687 τὸ
1949 2607 2536 2710 περιεργάζεσθαι
2588 2609 2703 2686 καί
2761 2613 3052 2712 ἰσ-χνοε-

647 2737 807 2809 πεῖν
843 2735 960 2810 καὶ
1005 2729 1341 2832 λε’γειν,“’
1300 2764 1410 2810 οτι
1448 2732 1531 2811 οὐ
1576 2738 1706 2810 τοῦ
1743 2735 1935 2810 Θεοῦ
1983 2729 2277 2829 μᾶλλόν
2313 2734 2533 2829 ε’σμεν
2568 2727 2844 2825 εἰκόνες,
2884 2730 3051 2810 οὐδὲ

648 2863 777 2936 τοῦ
837 2853 1262 2959 ἀρχετύπου,
1313 2852 1514 2934 ἀλλὰ
1570 2859 1700 2952 τῆς
1762 2862 1889 2934 τοῦ
1947 2858 2138 2933 Θεοῦ
2201 2853 2489 2937 εἰκόνος·
2567 2856 2774 2956 ἀρκεῖ
2820 2853 2899 2934 δὲ
2960 2855 3048 2935 τὸ
3079 2882 3150 2923 ²0

645 2977 1006 3059 πιστεύειν
1042 2976 1224 3077 μετὰ
1267 2975 1698 3079 ἁπλότητος,
1738 2976 1849 3057 ὅτι
1885 2976 2071 3057 κατὰ
2107 2978 2308 3058 θείαν
2344 2976 2580 3059 εἰκόνα
2624 2976 3052 3082 γεγόναμεν,

645 3098 780 3202 τὴν
825 3100 1008 3205 πρὸς
1044 3098 1236 3183 Θεὸν
1283 3099 1632 3196 λαβόντες
1685 3098 2074 3208 μόρφωσιν
2109 3107 2459 3207 φυσικῶς.
2534 3108 2593 3182 εἰ
2647 3100 2723 3181 δὲ
2779 3101 2924 3207 χρή
2980 3137 3050 3182 τι

648 3228 766 3305 καὶ
801 3226 928 3306 οὐκ
963 3224 1323 3307 ἀπιθάνως
1360 3231 1598 3319 εἰπεῖν,
1634 3227 2025 3328 ἀναγκαῖον
2061 3222 2152 3325 ἦν
2189 3226 2375 3325 ἡμᾶς
2410 3221 2819 3324 μέλλοντας
2859 3225 3049 3309 υἱοὺς

580 3354 622 3415 ἃ
648 3346 1122 3451 ὀνομάζεσθαι
1171 3353 1380 3445 Θεοῦ,
1440 3349 1592 3428 κατ’
1648 3347 1883 3428 εἰκόνα
1932 3354 2059 3428 τοῦ
2104 3352 2288 3429 Υὶοῦ
2339 3349 2676 3452 γενέσθω
2735 3355 3049 3449 μᾶλλον,

646 3473 732 3553 ἵν’
768 3473 937 3574 ἡμῖν
969 3470 1295 3577 ἐμπρέπῃ
1332 3473 1446 3551 καὶ
1485 3473 1525 3551 ὁ
1562 3476 1692 3572 τῆς
1730 3472 2049 3573 vida-mos
2086 3471 2474 3578 χαρακτήρ.
3077 3488 3146 3548 ²5

723 3671 771 3709 1.
809 3652 1469 3725 AssumptaffrtexAWC
1493 3653 1879 3710 r5exA...CD
2024 3652 3051 3723 2.οῧσιάςταυτότηςῑιοοοι·ᾱίιιοΑ..Ο

646 3741 699 3795 3.
735 3722 812 3793 εἴη
837 3726 900 3779 ἂν
925 3672 1051 3793 [ἃνρ
1032 3742 1140 3779 om.
1168 3723 1270 3812 0.]
1292 3726 1354 3779 τὸ
1381 3726 1752 3795 παραλλάττον
1783 3724 1886 3779 hoc
1909 3724 2096 3779 ordine
2118 3727 2186 3780 A.
2193 3724 2256 3780 C.
2281 3726 2342 3781 τὸ
2365 3727 2732 3794 παραλλάττον
2755 3724 2864 3864 εἴη5
2857 3726 2922 3780 ἂν
2948 3726 3052 3781 Ed.

647 3814 699 3861 4.
736 3791 863 3849 εἶναι
887 3798 1006 3863 νοῇς
1028 3796 1088 3848 τὸ
1089 3817 1118 3849 ν
1138 3795 1270 3851 πατέ
1359 3794 1463 3849 hoc
1485 3794 1674 3849 ordine
1698 3796 1766 3849 A.
1771 3795 1834 3849 C.
1859 3799 1952 3850 τὸν
1971 3796 2170 3865 πατέρα
2193 3794 2320 3851 εἶναι
2343 3799 2461 3866 νοῆς
2486 3793 2586 3850 Ed.

645 3866 814 3933 λάβῃς
854 3863 1167 3935 [ὑπολάβοις
1193 3864 1255 3920 C.
1309 3861 1437 3919 εἶναι
1465 3866 1557 3920 τὸν
1578 3866 1692 3919 υἱὸν
1714 3864 1816 3920 hoc
1840 3865 2028 3921 ordine
2050 3868 2120 3921 A.
2126 3866 2190 3922 C.
2216 3868 2309 3991 gau
2339 3868 2449 3921 υἱὸν
2482 3862 2608 3919 εἶναι
2644 3865 2920 3934 ὑπολάβῃς
2944 3867 3050 3921 Ed.

644 3935 696 3990 6.
732 3937 1027 4005 Assumpta
1048 3938 1208 4004 μόνον
1230 3953 1296 3990 ex
1323 3936 1385 3992 C.
1374 3974 1405 4004 .‚
1427 3958 1523 4005 μεν
1545 3954 1611 3989 ex
1634 3937 1704 3990 A.
1711 3934 1774 3990 C.
1782 3936 1866 3990 D:
2219 3938 2273 3991 8.
2310 3935 2369 4027 ἦ]
2395 3937 2443 3990 εἰ
2468 3935 2600 4007 (sic)
2624 3935 2765 3990 A.C.
2875 3938 3052 4018 ὅμοιό-

644 4028 736 4075 της
759 4007 827 4061 A.
830 4005 895 4060 C.
921 4007 1172 4074 ὁμοίωσις
1196 4006 1300 4060 Ed.
1636 4022 1720 4061 10.
1757 4005 1907 4063 οὗτος
1931 4006 2055 4075 (sic)
2082 4006 2149 4063 C.
2255 3959 2450 4078 εἰκόνα]
2484 4014 2542 4072 -f-
2571 4009 2663 4061 τοῦ
2686 4006 2758 4061 A.
2785 4007 2960 4062 invito
2985 4008 3052 4063 C.

650 4092 735 4130 11.
770 4079 837 4146 ὁμ
839 4076 1218 4132 οουσὶουΑηΟ
1241 4075 1392 4165 ἁγίας
1416 4075 1520 4130 Ed.
1795 4093 1877 4131 12.
1915 4077 2040 4132 ἐκλ’
2008 4077 2360 4146 αμ.πουσινΟ
2626 4092 2711 4143 14.
2902 4079 3050 4133 A..D

644 4145 737 4201 οὖν
760 4100 837 4203 C}²
852 4147 957 4203 Ed.
1065 4151 1095 4201 ὁ
1119 4147 1401 4203 θεσπεσιος
1424 4155 1499 4201 Μ.
1524 4147 1590 4272 AB.
1596 4145 1663 4201 C.
1700 4154 1775 4201 Μ.
1802 4150 1831 4201 ὁ
1857 4146 2115 4216 θεόληπτο
2117 4170 2143 4204 ς
2165 4148 2239 4205 D.
2266 4147 2370 4203 Ed.
2692 4164 2717 4202 1
2763 4148 3053 4216 .δὴλοσιν

642 4217 674 4269 ἕ
667 4239 752 4287 χει
774 4221 1061 4286 προσώπου
1086 4219 1153 4272 A.
1158 4217 1222 4272 C.
1245 4219 1532 4285 προσώπου
1599 4215 1845 4273 ’λωσίν
1813 4240 1923 4289 εχει
1947 4218 2052 4273 Ed.
2177 4242 2183 4247 ·
2499 4217 2583 4272 18.
2619 4219 2681 4272 τὸ
2704 4228 3052 4289 assumptum

642 4305 708 4341 ex
732 4289 801 4343 A.
808 4289 871 4345 C.
877 4289 951 4344 D.
1058 4289 1225 4360 Ζσχνῶ
1248 4288 1455 4354 εἰπεῖν(
1434 4286 1559 4357 (sic)
1557 4217 1654 4343 a&
2064 4304 2151 4343 αι.
2187 4287 2454 4344 πιστεῦειν
2472 4288 2602 4357 μετὰ
2624 4286 2924 4357 ἁπλότητος
2947 4289 3052 4344 hoe

642 4358 830 4413 ordine
852 4360 920 4414 A.
925 4359 989 4414 C.
1212 4374 1298 4414 22.
1333 4356 1491 4428 πρὸς]
1526 4364 1584 4421 -Ι-
1612 4358 1705 4413 τὸν
1728 4356 1833 4413 Ed.
1857 4358 2036 4414 invitis
2060 4360 2129 4414 A.
2134 4359 2198 4416 C.
2203 4359 2277 4414 D.
2380 4360 2662 4428 μόρφωσιν
2682 4360 2929 4429 φυσικός
2949 4360 3053 4414 hoc

641 4428 829 4483 ordine
851 4430 921 4484 A.
926 4429 990 4484 C.
1166 4445 1251 4498 23.
1290 4427 1626 4497 ἡμᾶς-Θεοῦ
1650 4428 1754 4484 hoc
1779 4428 1966 4484 ordine
1988 4431 2058 4484 A.
2061 4429 2126 4484 C.
2152 4430 2284 4524 ἡμᾶς
2307 4438 2432 4499 post
2456 4431 2591 4483 Θεοῦ
2615 4430 2922 4517 transponit
2947 4429 3052 4484 Ed.

642 4513 729 4564 24.
765 4498 1009 4569 γενέσθω
1030 4501 1237 4568 μᾶλλον
1260 4498 1362 4553 hoc
1385 4497 1573 4552 ordine
1595 4499 1666 4552 A.
1672 4499 1737 4553 C.
1876 4513 1962 4567 25.
1997 4499 2060 4554 ιν’
2085 4500 2154 4554 A.
2180 4499 2272 4555 ουν
2295 4500 2419 4567 (sio)
2446 4497 2560 4553 C.‘'
2537 4521 2618 4553 ινα
2643 4498 2748 4554 Ed.
2859 4499 3056 4569 ἧμιν-

639 4569 871 4636 υἰότητος
883 4569 986 4623 hoc
1005 4568 1192 4623 ordine
1206 4571 1274 4623 A.
1280 4569 1344 4623 C.
1365 4568 1484 4637 ἧμιν
1507 4568 1741 4638 ε’μπρέπῃ
1757 4580 1882 4641 post
1896 4573 2129 4639 υἷότητος
2147 4570 2448 4640 transponit
2469 4568 2573 4625 Ed.
2669 4569 2815 4639 ἦμόν
2829 4570 2961 4640 (nic)
2982 4571 3054 4626 D·
