3269 5166
230 331 640 421 xviii38‚39.
753 333 868 398 IN
929 335 997 401 s,
1042 334 1557 400 JOANNEM.
1648 333 2053 401 1,113.x11.
2520 336 2606 400 57

234 531 425 579 τατον
485 502 902 581 ὖπεκκλῖναι
967 499 1208 597 κακὸν,
1269 498 1400 600 τὴν
1465 499 1649 581 κατὰ
1716 506 2048 604 Χριστοῦ
2119 499 2195 580 δὲ
2270 496 2606 599 δηλονότι

232 625 618 731 μιαιφονίαν
691 624 902 731 φημί.
1001 629 1447 726 παραιτεῖται
1519 633 1903 729 τοιγαροῦν
1981 625 2022 704 ὁ
2100 622 2424 707 Πιλάτος
2494 624 2601 704 ἐπ’

232 748 432 829 οὐδενὶ
502 757 649 830 τῶν
714 748 1005 830 ἀτόπων
1067 749 1375 834 ἁλόντος
1446 746 1493 849 ἢ
1567 748 2055 852 ἐληλεγμένου
2130 744 2605 829 καταδικάσαι

229 876 554 975 Χριστοῦ,
619 877 738 954 καὶ
802 872 932 953 τὸν
996 876 1223 957 αἰτίας
1294 873 1588 973 ἀπάσης
1661 877 1760 959 ὡς
1829 872 2268 978 πορῥωτάτω
2341 869 2442 972 μὴ
2515 869 2604 970 δὴ

174 1024 204 1085 5
227 1001 459 1101 χρῆναι
516 997 715 1084 δίκας
770 997 1335 1102 εἰσπράττεσθαι
1398 999 1614 1102 λέγει,
1673 997 1965 1108 ἀπῳδόν
2030 1034 2106 1079 τε
2170 996 2347 1079 εἶναι
2409 1032 2596 1079 παν-

226 1129 432 1207 τελῶς
484 1126 604 1202 καὶ
659 1129 808 1207 τοῖς
861 1124 1012 1204 κατ’
1060 1121 1278 1203 αὐτὸν
1326 1130 1539 1203 τοῦτο
1589 1122 1829 1223 νόμοις
1878 1124 1956 1203 εὖ
2005 1121 2210 1221 μάλα
2254 1121 2605 1227 διισχυρί-

224 1243 413 1347 ζεται,
466 1245 603 1347 τὴν
655 1245 842 1329 κατὰ
894 1255 1023 1328 τοῦ
1079 1248 1271 1329 θείου
1329 1246 1549 1345 νόμου
1605 1248 2201 1353 φρικωδεστάτην
2258 1244 2604 1328 ἀπόνοιαν

221 1375 353 1451 τῶν
386 1372 751 1453 Ἰουδαίων
805 1374 1271 1454 ε’κδυσωπῶν.
1353 1368 1531 1479 ᾤετο
1584 1368 1729 1474 γάρ
1784 1376 1928 1451 δεῖν
1980 1372 2104 1451 ἅτε
2160 1370 2248 1473 δὴ
2305 1376 2423 1451 καὶ
2477 1370 2604 1453 τὸν

222 1503 337 1575 τοῦ
385 1497 654 1577 δικαίου
700 1531 776 1577 τε
821 1500 937 1577 καὶ
988 1496 1155 1576 ἰ’σου
1206 1492 1432 1598 λόγον
1466 1495 1897 1600 πρεσβεύειν
1931 1493 2606 1598 ἐπαγγελλομένους

136 1653 199 1694 ιο
223 1620 619 1701 ἀναπείσειν
653 1623 1100 1727 παραχρῆμα
1135 1622 1228 1725 τῇ
1263 1628 1392 1700 τοῦ
1441 1622 1713 1701 δικαίου
1761 1622 1878 1700 καὶ
1926 1619 2322 1724 πρέποντος
2371 1655 2604 1724 παρα·
2630 1642 2676 1707 d

221 1744 423 1825 θέσει.
506 1749 992 1845 διενθυμηθεὶς
1029 1745 1105 1826 δὲ
1145 1745 1372 1825 πάλιν
1409 1746 1593 1826 κατά
1643 1778 1726 1847 γε
1775 1745 1860 1825 τὸ
1911 1745 2113 1842 εἰκὸς,
2150 1745 2259 1825 ὅτι
2295 1750 2423 1846 τῆς
2458 1750 2605 1825 τῶν

219 1867 568 1951 Ἰουδαίων
598 1871 1020 1974 προπετείας
1054 1870 1142 1950 οὐ
1174 1869 1475 1974 μετρίως
1510 1865 2066 1972 κατηγορήσειεν
2102 1866 2192 1948 ἂν
2228 1869 2314 1948 τὸ
2358 1867 2605 1971 πάσης

222 1994 429 2079 αἰτίας
497 1994 1008 2075 ἀπολελύσθαι
1082 2029 1211 2074 τον
1275 1997 1811 2097 προσηγμένον,
1870 1993 1986 2075 ἵνα
2047 1992 2147 2092 μὴ
2215 1992 2333 2073 διὰ
2391 2003 2604 2075 τοῦτο

221 2117 419 2223 τυχὸν
473 2120 912 2222 ιταμώτερον
965 2118 1342 2221 ἐγκεοιντο,
1390 2121 1506 2198 καὶ
1563 2122 2031 2224 φιλονεικοῖεν
2084 2115 2393 2217 ἀτόπως,
2438 2117 2605 2199 ὁδὸν

138 2265 199 2326 ¹5
224 2238 451 2347 ὥσπερ
484 2280 590 2354 τω
626 2241 1002 2347 πράγματι
1034 2246 1151 2325 καὶ
1186 2243 1453 2348 χρῶμα
1494 2277 1564 2323 τι
1611 2243 2020 2323 κάλλιστον
2056 2245 2335 2390 ἐπινοεῖ,
2372 2240 2605 2346 λέγων

211 2360 391 2447 Ἐστι
428 2367 797 2464 συνήθεια
765 2373 914 2474 υμῖν
943 2367 1055 2450 ι’να
1094 2404 1205 2450 ενα
1242 2366 1509 2474 δεσμιον
1546 2367 1882 2449 ἀπολύσω
1918 2373 2066 2474 ὑμῖν
2101 2369 2160 2449 ἐν
2186 2377 2281 2477 τῷ
2315 2366 2604 2466 ποίσχα,

221 2489 523 2583 βούλεσθε
575 2489 681 2574 οῦν
715 2491 1048 2574 ἀπολύσω
1097 2498 1246 2600 ὑμῖν
1282 2490 1384 2575 τὶν
1420 2490 1742 2590 βασιλέα
1789 2492 1909 2573 τῶν
1944 2487 2316 2589 Ἰουδαίων,
2377 2494 2599 2587 βασι-

222 2613 341 2697 λέα
391 2617 465 2699 δὲ
519 2619 646 2701 τῶν
680 2613 1011 2700 Ἰουδαίων
1056 2617 1420 2721 ὀνομάζων
1464 2616 1593 2699 τὸν
1630 2619 1941 2717 Ἰησοῦν,
1979 2615 2481 2724 χαριεντίζεταί
2528 2652 2607 2698 τε

221 2738 383 2839 ὁμοῦ
418 2746 532 2824 καὶ
573 2746 921 2851 ὑποχαλᾷ
968 2749 1073 2851 τῷ
1115 2744 1379 2850 γελοίῳ
1414 2740 1549 2843 τὴν
1580 2749 1727 2823 τῶν
1763 2740 2313 2843 λελυττηκότων
2347 2741 2603 2845 ὀργὴν,

138 2900 201 2943 20
223 2863 289 2943 ἐν
319 2869 548 2977 ταύτῷ
584 2902 669 2950 τε
704 2868 997 2948 δεικνύει
1035 2870 1152 2948 καὶ
1186 2868 1390 2966 μάλα
1423 2872 1710 2974 σαφῶς,
1738 2871 1835 2952 ὡς
1872 2870 1978 2947 ἐπ’
2021 2869 2214 2974 αὐτῷ
2252 2864 2340 2966 δὴ
2377 2865 2609 2973 τούτῳ

223 3002 707 3098 κατηγορεῖται
740 2992 994 3095 μάτην·
1070 2991 1171 3093 μὴ
1209 2989 1353 3095 γὰρ
1393 2989 1484 3071 ἀν
1521 2989 1853 3096 ἀφέσεως
1901 2989 2220 3097 ἀξιῶσαί
2259 3023 2434 3069 ποτε
2483 2988 2610 3069 τὸν

221 3113 323 3193 ἐπὶ
365 3117 727 3221 τυραννίδι
783 3119 899 3197 καὶ
958 3121 1411 3225 νεωτερισμῷ
1463 3117 1569 3222 τῷ
1623 3112 1809 3194 κατὰ
1840 3114 2218 3212 Ῥωμαίων
2253 3145 2608 3214 κατεγνω-
2633 3153 2666 3193 a
2686 3139 2940 3195 1041A.

222 3238 492 3340 σμένον,
530 3242 666 3323 τὸν
701 3243 1079 3340 Ῥωμαίων
1123 3237 1565 3344 στρατηγόν.
1646 3240 1731 3320 δι’
1773 3233 1875 3319 ὧν
1929 3238 2056 3318 οὖν
2110 3239 2377 3317 ἀνεῖναι
2430 3271 2607 3342 προ-

222 3364 457 3465 τρέπει,
494 3365 1041 3468 μεμαρτύρηκεν
1077 3366 1271 3473 αὐτῷ
1303 3362 1388 3445 τὸ
1424 3370 1801 3448 παντελῶς
1837 3364 2272 3445 ἀνυπαίτιον.

140 3527 200 3587 ²5
321 3494 538 3572 Ταυτὶ
597 3488 737 3590 μὲν
774 3492 898 3571 οὖν
937 3487 1132 3591 οἶμαι
1175 3488 1303 3570 τὸν
1345 3495 1490 3568 τῶν
1525 3486 2001 3593 προκειμένων
2039 3492 2369 3588 δηλῶσαι
2416 3521 2598 3567 σκο-

224 3611 369 3692 πόν·
442 3615 1032 3723 διασκεπτομένῳ
1092 3614 1177 3694 δέ
1231 3648 1354 3713 μοι
1426 3616 1544 3692 καὶ
1617 3619 2009 3693 σκοποῦντι
2069 3612 2220 3691 κατ’
2279 3610 2606 3710 ἐμαυτὸν,

222 3733 514 3819 πόθεν
458 3776 601 3843 αρα
650 3746 802 3824 τοῖς
832 3739 1200 3822 Ἰουδαίοις
1251 3739 1328 3817 ἐν
1365 3738 1505 3819 ἔθει
1547 3740 1843 3839 γέγονεν
1888 3736 2274 3843 ἐξαιτεῖν
2237 3770 2394 3820 ενος
2428 3734 2610 3840 ἄφε-

223 3891 354 3960 σιν,
388 3861 434 3965 ἢ
471 3872 760 3971 λῃστοῦ
812 3862 1033 3969 τυχὸν
1070 3858 1117 3963 ἢ
1156 3869 1521 3970 φονευτοῦ,
1561 3859 1921 3963 λογισμὸς
1965 3857 2096 3959 μὲν
2140 3861 2473 3982 ἐπῆλθεν,
2513 3862 2611 3944 ὡς

224 3984 433 4067 οὐκέτι
487 3988 619 4086 μὲν
666 3984 911 4069 πάντα
965 3986 1150 4067 κατὰ
1208 4021 1336 4067 τον
1393 3992 1580 4067 θεῖον
1637 3987 1873 4068 αὐτοῖς
1927 3982 2316 4086 ἐπράττετο
2367 3983 2610 4081 νόμον,

138 4144 201 4201 30
223 4106 397 4191 ἔθεσι
446 4112 524 4195 δε
567 4119 869 4214 μᾶλλον
906 4113 1105 4197 ἶδίοις
1141 4113 1685 4217 ἀποκεχρῆσθαι
1739 4114 2014 4205 δοκοῦν,
2048 4142 2232 4212 προς
2275 4106 2610 4213 ἐξίτηλον

291 4323 335 4361 1.
368 4312 632 4438 Χριινϊδέ(Ι
623 4311 692 4367 Β.
908 4327 961 4366 2.
998 4310 1152 4378 δηλοῖ
1174 4326 1272 4381 pro
1295 4309 1435 4435 φημί
1460 4308 1525 4365 Ε.
1757 4326 1811 4380 3.
1846 4308 2182 4363 nummatam
2206 4306 2272 4361 Ε.
2277 4304 2336 4359 F.
2365 4303 2467 4359 Ed.
2495 4322 2607 4376 mg.

225 4380 632 4465 ’πωπω
928 4396 983 4455 5·
1017 4380 1414 4453 πρόττεσθαιΕ
1707 4397 1760 4452 9.
1798 4378 2284 4469 ἐπαγγελλομένους
2309 4376 2372 4431 Ε.
2400 4375 2607 4499 Μὲξηῗὲ.

226 4445 625 4592 ἓᾞῦὲμωυ
484 4524 654 4581 Cord.
627 4423 782 4512 “Ed
816 4540 904 4581 22.
943 4522 1055 4616 ἐπὶ]
1083 4470 1223 4593 εἰξτῃ
1158 4468 1208 4507 2
1199 4451 1724 4579 ’καᾟορίῗειὲῦιξ
1733 4521 1863 4577 haec
1886 4519 2084 4576 verba
2062 4465 2148 4575 {g
2151 4448 2610 4575 &61lengoe

225 4593 402 4647 ποῦντα
428 4593 491 4651 Ε.
710 4608 796 4667 27.
829 4595 1097 4652 Ἰουδαίων
1121 4546 1223 4650 Ery
1295 4592 1540 4666 temnite]
1567 4595 1628 4649 τὸ
1653 4593 1874 4664 ἐξαιτεῖν
1899 4590 2042 4647 Catt.

302 4693 1427 4746 vot..111.1
