3269 5166
418 420 506 477 83
535 418 634 476 Π.

330 2698 491 2777 Κεφ.
522 2691 598 2760 α’.

334 3634 357 3671 1
375 3617 489 3669 Cor.
501 3617 590 3669 vii.

330 4110 418 4162 Pa.
437 4111 606 4163 cxviii.

1109 932 1391 1009 ΤΟΥ
1524 929 2020 1006 ΑΥΤΟΥ
2153 926 2610 1004 ΑΓΙΟΥ

1378 1224 2351 1335 ΚΥΡΙΛΑΟΥ

1206 1529 1692 1579 ΛΡΧΙΕΠΙΣΚΟ
1706 1528 1862 1577 ΠΟΥ
1921 1527 2529 1579 ΔΛΕΞΔΝΔΡΕΙΑΣ

1082 1839 1891 1903 ΑΠΟΣΠΑΣΜΑΤΑ
1979 1839 2300 1901 ΟΛΙΓΑ
2385 1838 2642 1900 ΤΙΝΑ

699 2125 879 2197 ΕΙΣ
935 2124 1162 2196 ΤΗΝ
1219 2124 1501 2196 ΠΡΟΣ
1558 2124 2196 2196 ΚΟΡΙΝΘΙΟΥΣ
2252 2123 2897 2195 ΕΠΙΣΤΟΛΗΝ
2944 2124 3027 2197 Β.
3081 2128 3112 2187 5

1241 2432 1669 2510 ΤΟΜΟΣ
1751 2433 1817 2509 Α
1900 2432 2301 2509 ΛΟΓΟΣ
2380 2434 2476 2507 A.

732 2688 993 2753 ΠαῠΛοο
1047 2687 1417 2755 ἀπόστολος
1469 2686 1689 2752 Ἰησοῦ
1737 2688 2012 2776 Χριστοῦ
2069 2684 2173 2751 διὰ
2230 2688 2597 2764 θελήματος
2650 2686 2841 2770 Θεοῦ,
2896 2687 2998 2753 καί

1473 2811 1793 2889 Τιμόθεος
1846 2811 1884 2879 ὃ
1936 2810 2251 2900 ἀδελφός.

773 2985 871 3065 Ὁ
930 2988 1570 3066 ΣΟΦΩΤΑΤΟΣ
1605 2982 2025 3070 ἀπόστολος
2063 2991 2362 3071 Παῦλος
2398 2983 3056 3090 προκεχειρισμένος

664 3113 762 3194 εἷς
809 3110 1169 3189 διακονίαν
1205 3108 1336 3210 τὴν
1370 3110 1485 3189 ἐπὶ
1523 3114 1832 3218 Χριστῷ
1886 3105 2004 3191 Aba,
2059 3107 2435 3215 θελήματος
2472 3112 2645 3190 Θεοῦ
2698 3104 3064 3214 παρῆχθαί
3079 3137 3140 3179 ιο
3217 3117 3218 3206 3

667 3239 918 3339 φησιν,
953 3231 1086 3331 τὴν
1134 3238 1280 3313 τῶν
1314 3235 1943 3340 ψευδοπροφητῶν
1996 3237 2111 3314 καὶ
2159 3232 2799 3340 ψευδαποστόλων
2849 3230 3056 3338 δόξαν
3217 3239 3218 3242 ’

669 3357 764 3439 ὡς
796 3357 1130 3456 δυσσεβῆ
1167 3357 1740 3458 παρωθούμενος,
1763 3362 2020 3437 λαλῶν
2057 3355 2132 3436 δὲ
2167 3359 2244 3436 ἐν
2267 3357 2657 3455 Πνεύματι,
2696 3359 2818 3436 καὶ
2855 3354 3057 3435 αὐτὸν

667 3478 854 3584 ἔχων
906 3479 1420 3580 ε’νηυλισμένον
1463 3483 1539 3562 ἐν
1586 3479 1727 3587 ἰδίᾳ
1780 3483 1990 3587 ψυχῇ
2044 3479 2173 3562 τὸν
2206 3484 2524 3582 Ἰησοῦν·
2603 3484 2704 3566 ὦς
2761 3480 3054 3587 φάσκειν

668 3606 771 3700 πῆ
827 3601 959 3700 μέν
1010 3614 1053 3651 “
1075 3610 1293 3683 Δοκῶ
1351 3601 1428 3682 δὲ
1477 3604 1683 3706 κάγὼ
1722 3609 2022 3703 Πνεῦμα
2062 3610 2253 3686 Θεοῦ
2309 3604 2558 3711 ἕχειν,”
2617 3608 2723 3704 πῆ
2776 3604 2864 3685 δέ
2902 3617 2945 3651 “
2973 3605 3052 3682 El

670 3737 714 3774 “
742 3725 1040 3826 δοκιμὴν
1088 3726 1349 3829 ζητεῖτε
1394 3737 1523 3809 τοῦ
1573 3731 1652 3808 ἐν
1693 3731 1847 3828 ἐμοὶ
1902 3737 2306 3813 λαλοῦντος
2340 3729 2744 3833 Χριστοῦ.”
2808 3732 3052 3807 δοῦλον
3076 3744 3134 3802 15

670 3850 921 3934 ἑαυτὸν
957 3848 1140 3933 εἷναί
1170 3859 1401 3959 φησιν
1437 3853 1682 3950 αὐτοῦ,
1723 3852 1949 3933 καίτοι
1982 3860 2127 3934 τῶν
2162 3852 2356 3934 ὅλων
2393 3852 3053 3961 κατεξουσιάζοντος

669 3984 797 4058 τοῦ
835 3981 1027 4056 Θεοῦ
1084 3978 1201 4057 καὶ
1256 3974 1744 4081 κατάρχοντος
1796 3974 2046 4078 μόνου·
2124 3976 2393 4081 εἴρηται
2435 3975 2581 4079 γὰρ
2622 3975 2809 4079 πρὸς
2853 3972 3052 4056 αὐτόν

671 4113 713 4151 “
739 4100 917 4183 Ὅτι
980 4101 1074 4180 τὰ
1144 4101 1536 4200 σύμπαντα
1599 4106 1829 4181 δοῦλα
1899 4098 2075 4179 σά·”
2153 4107 2309 4187 πῶς
2373 4102 2500 4181 οὖν
2562 4101 2689 4181 οὐκ
2752 4102 3050 4203 ἐναργῶς·

669 4223 992 4334 φυσικήν
1018 4258 1097 4305 τε
1133 4226 1325 4334 αὐτῷ
1361 4228 1477 4304 καὶ
1513 4226 1806 4324 ἀληθῶς
1840 4222 2467 4329 θεόπρεπεστάτην
2493 4227 2621 4325 τῆς
2656 4220 3050 4329 κυριότητος

667 4347 1000 4449 ἀπονέμει
1037 4345 1303 4457 δόξαν;
3071 4371 3136 4414 ²0

809 4536 864 4595 6.
902 4528 987 4594 Ita
1013 4538 1088 4594 H.
1436 4553 1519 4609 13.
1556 4535 1926 4608 ἐνηυλισμένον
1945 4533 2242 4595 emendavi.
2270 4537 2642 4610 ἐγκυλισμένον
2666 4535 2791 4609 (sic)
2820 4534 2919 4591 Ed.
