3269 5166
583 306 715 370 210
917 307 998 371 B.
1044 304 1421 378 CYRILLI
1471 304 2005 370 ALEXANDR.
2059 302 2628 369 FRAGMENTA
2759 301 2899 367 viii.
2935 319 2994 365 2.

277 415 387 482 [²⁴
409 413 540 481 NL]
585 465 819 551 πάλαι
861 468 993 569 μὲν
1026 470 1173 568 οὖν,
1212 475 1309 554 ὡς
1348 469 1552 575 ἔφην,
1590 469 1984 573 ε’νυπῆρχεν
2021 468 2188 568 ἡμῖν
2224 466 2309 548 τό
2353 501 2437 569 γε
2473 466 2651 567 ἧκον
2683 468 2783 549 εἷς
2821 470 2994 544 νοῦν

589 594 707 671 καὶ
754 590 887 691 τὴν
944 594 1022 673 ἐν
1080 594 1272 700 αὐτῷ
1333 593 1659 692 θέλησιν,
1724 591 1809 671 τὸ
1885 589 2181 671 ἑλέσθαι
2241 595 2345 697 τῷ
2403 592 2570 697 θείῳ
2633 585 2998 668 δουλεύειν

591 712 808 823 νόμῳ,
873 714 1321 817 κατεβιᾶζετο
1387 715 1462 796 δὲ
1527 714 1711 818 πρὸς
1772 714 2129 816 ἁμαρτίαν
2201 714 2248 813 ἡ
2321 713 2526 821 σὰρξ
2584 747 2671 793 το
2741 717 2998 791 οἰκεῖον

592 872 842 941 ωσπερ
897 842 1396 920 ἀντανιστᾶσα
1455 840 1762 939 θέλημα.
1854 836 1943 938 ἦν
1999 838 2125 918 οὖν
2179 871 2323 941 apa
2385 835 2797 942 κατάκριμα
2852 838 3003 916 τοῖς

595 962 924 1042 ἐθέλουσι
969 961 1100 1061 μὲν
1135 963 1632 1066 ἀποπεραίνειν
1669 960 1755 1041 τὸ
1804 959 2102 1063 ἀγαθὸν,
2141 961 2225 1040 οὐ
2263 959 2406 1060 μὴν
2441 961 2543 1041 ἔτι
2600 962 2720 1038 καὶ
2775 963 2999 1038 δυνα-
3026 992 3061 1052 5

360 1118 448 1172 25
477 1111 571 1170 Η.
595 1085 831 1184 με’νοις
891 1084 1007 1165 διὰ
1063 1085 1145 1165 τὸ
1200 1092 1704 1188 τυραννεῖσθαι
1758 1093 1905 1168 τοῖς
1954 1084 2286 1165 πάθεσιν·
2365 1086 2536 1164 ἀλλ’
2574 1086 2650 1162 ἐν
2689 1087 3005 1189 Χριστῷ

596 1208 950 1290 πέπαυται
1007 1206 1092 1290 τὸ
1146 1210 1588 1312 κατακρίνον,
1643 1209 2012 1289 τουτέστιν
2067 1208 2114 1306 ἡ
2169 1215 2314 1288 τῶν
2370 1213 2741 1310 σαρκικῶν
2795 1239 2999 1304 κινη-

597 1330 845 1431 μάτων
879 1332 1287 1440 πλεονεξία.

540 1621 570 1662 2
692 1584 777 1650 Ὀ
833 1585 952 1674 Γάρ
1007 1587 1204 1662 νόμος
1258 1591 1372 1651 τοῦ
1428 1587 1797 1662 πνεύματος
1852 1592 1964 1651 τῆς
2019 1592 2183 1674 ζωῆς
2236 1585 2308 1650 ὲν
2364 1585 2619 1673 Χριστῷ
2656 1583 2908 1652 Ἰησοῦ.

709 1722 1146 1824 Ἀναγκαῖον
1182 1721 1256 1804 δὲ
1293 1720 1485 1823 οἶμαι
1523 1720 1708 1825 πρὸς
1744 1725 2008 1824 ἀκριβῆ
2045 1721 2502 1828 διασάφησιν
2537 1727 2685 1801 τῶν
2719 1723 2798 1800 ἐν
2837 1719 3007 1800 τού-
3039 1758 3111 1800 ιο

599 1880 745 1931 τοις
782 1848 1065 1925 ἐννοιῶν
1102 1848 1321 1926 ἐκεῖνο
1370 1851 1613 1926 εἰπεῖν·
1678 1844 1933 1949 ὥσπερ
1968 1845 2114 1949 γὰρ
2152 1845 2502 1948 ἁμαρτίας
2539 1846 2655 1925 καὶ
2693 1842 3014 1924 θανάτου

601 1967 820 2068 νόμον
868 1968 952 2050 τὸ
994 1969 1341 2073 σαρκικὸν
1377 1968 1700 2070 ὀνομάζει
1755 1969 2112 2075 φρόνημα,
2150 1969 2334 2072 πρὸς
2381 1976 2529 2049 πᾶν
2573 1966 2755 2051 εἶδος
2807 1974 3005 2072 φαυ·

598 2092 903 2194 λότητος
957 2094 1327 2201 ἀποφέρον
1382 2094 1587 2193 ἡμᾶς,
1623 2094 1812 2173 οὕτω
1863 2096 1981 2173 καὶ
2039 2095 2230 2198 νόμον
2267 2093 2653 2196 πνεύματος
2691 2090 2865 2200 ζωῆς
2919 2090 3011 2170 τὸ

602 2215 882 2317 θέλημα
921 2216 1001 2297 τὸ
1051 2214 1547 2317 πνευματικὸν,
1585 2215 1917 2298 τουτέστι
1966 2215 2101 2314 τὴν
2139 2216 2236 2301 εἷς
2289 2250 2373 2319 γε
2424 2214 2509 2296 τὸ
2560 2214 2842 2317 ἀγαθὸν
2881 2219 3013 2313 τῆς

265 2366 465 2419 GaLvi.
484 2367 533 2416 8.
601 2341 909 2425 διανοίας·
956 2340 1212 2443 ῥοπήν·
1285 2341 1454 2418 ἀλλ’
1498 2349 1542 2386 “
1571 2340 1611 2419 ὁ
1648 2338 1781 2438 μὲν
1817 2339 2141 2443 σπείρων
2175 2344 2272 2424 εἷς
2306 2338 2439 2439 τὴν
2475 2336 2719 2442 σάρκα
2753 2341 2836 2418 ἐκ
2881 2343 3014 2438 τῆς
3040 2375 3112 2433 15

601 2473 648 2510 ‘⁶
683 2464 955 2566 σαρκὸς
1006 2465 1271 2566 θερίσει
1323 2460 1631 2571 φθοράν·
1712 2465 1753 2542 ὁ
1805 2462 1880 2543 δὲ
1925 2464 2247 2566 σπείρων
2298 2467 2396 2548 εἰς
2449 2461 2534 2542 τὸ
2588 2469 2872 2559 πνεῦμα
2928 2465 3008 2541 ἐκ

605 2596 650 2635 “
688 2595 815 2666 τοῦ
864 2588 1260 2688 πνεύματος
1308 2587 1575 2685 θερίσει
1625 2585 1812 2689 ζωὴν
1856 2586 2206 2668 αἶῶνιον.”
2281 2589 2538 2668 οὐκοῦν
2573 2595 2603 2669 ὅ
2639 2585 2773 2686 μὲν
2817 2589 3012 2690 νόμος

607 2713 716 2791 τοῧ
751 2708 1133 2815 πνεύματος
1170 2710 1283 2805 τ’ἦς
1322 2710 1510 2820 ζωης,
1550 2712 1881 2792 τουτέστι
1922 2710 2004 2790 τὸ
2044 2712 2324 2812 θέλημα
2363 2718 2491 2791 τοῦ
2532 2718 2656 2790 νοῦ
2693 2744 2778 2790 το
2816 2712 3010 2791 ἀπσ-

269 2848 437 2912 8¹¹1>ss
457 2844 544 2895 vii.
611 2834 833 2941 φέρον
868 2839 964 2917 εἰς
1012 2832 1295 2938 ζωὴν,’
1253 2870 1342 2935 ην
1375 2832 1504 2934 μὲν
1552 2870 1629 2915 εν
1665 2836 1834 2935 ἡμῖν
1872 2838 1988 2915 καὶ
2035 2833 2291 2916 πάλαι·
2349 2833 2817 2931 ἐδουλεύομεν
2867 2833 3017 2938 γὰρ

612 2960 716 3066 τῷ
765 2993 870 3037 νοι
922 2954 1114 3067 νόμῳ
1151 2964 1366 3038 Θεοῦ·
1429 2956 1602 3038 ἀλλ’
1642 2958 2144 3064 ἠῤῥώστησεν,
2196 2961 2292 3044 ὡς
2339 2958 2540 3065 ἔφην,
2580 2992 2665 3038 το
2716 2957 3018 3109 ἀδρανὲς
3045 2994 3126 3036 ιο

612 3117 710 3166 εις
767 3082 1217 3180 ἀντίστασιν,
1264 3085 1380 3162 καὶ
1439 3089 1592 3166 ταῖς
1653 3087 1779 3181 τῆς
1839 3081 2113 3185 σαρκὸς
2159 3084 2557 3181 ἐπιθυμίαις
2613 3082 3021 3181 ἡττώμενος

615 3204 1056 3308 κατεκρίνὲτο
1129 3210 1233 3313 τῷ
1316 3203 1533 3313 νόμῳ.
1636 3204 1874 3306 ἐπειδὴ
1958 3204 2034 3285 δὲ
2107 3203 2192 3285 τὸ
2275 3213 2513 3286 νοσεῖν
2586 3204 3020 3301 ἀποβαλὼν,

614 3327 943 3432 ε’ρῤώσθη
994 3327 1111 3407 διὰ
1147 3335 1500 3430 Χριστοῦ·
1572 3329 2272 3436 κατεσφραγίσμεθα
2318 3327 2462 3433 γὰρ
2517 3330 2602 3408 δι’
2643 3330 2868 3409 αὐτοῦ
2916 3331 3022 3436 τῷ

276 3460 527 3590 {3⁰42
615 3451 845 3559 Ἀγίῳ
885 3449 1272 3550 Πνεύματι,
1309 3455 1425 3532 καὶ
1480 3450 1615 3552 τὴν
1663 3462 1708 3499 “
1732 3450 1821 3558 ἐξ
1856 3455 2090 3559 ὕψους
2129 3452 2433 3553 δύναμιν
2450 3455 2490 3480 ”
2529 3452 3022 3558 ἠμφιέσμεθα,

618 3574 952 3681 ταύτῃτοι
1007 3578 1126 3655 καὶ
1168 3575 1710 3678 λελυτρώμεθα,
1753 3580 1869 3655 καὶ
1907 3575 2387 3679 ὑπεζεύγμεθα
2429 3576 2558 3676 μὲν
2596 3577 2728 3657 οὐκ
2765 3577 2870 3658 ἔτι
2915 3581 3025 3685 τῷ
3051 3606 3135 3665 ⁸5

619 3707 835 3807 κακῷ·
895 3698 1299 3799 κεκλήμεθα
1335 3698 1431 3797 δὲ,
1470 3703 1565 3784 ὡς
1601 3699 1808 3805 ἔφην,
1846 3705 1942 3784 εἰς
1978 3700 2351 3804 ἐλεύθερον
2387 3701 2694 3808 ἀξίωμα.
2762 3703 3027 3783 οὐκοῦν

622 3833 652 3906 ὁ
692 3822 879 3929 νόμος
932 3825 1043 3903 τοῧ
1079 3824 1457 3928 πνεύματος
1509 3821 1623 3916 τῆς
1673 3821 1861 3933 ζωῆς,
1897 3824 2226 3905 τουτέστι
2263 3825 2346 3905 τὸ
2384 3825 2670 3925 θέλημα
2703 3832 2838 3907 τοῦ
2873 3834 3025 3922 νοῦ,

620 3946 706 4026 τὸ
751 3946 1066 4030 νενευκὸς
1108 3952 1203 4031 εἰς
1239 3948 1725 4050 ἀγαθουργιάν
1762 3950 1878 4026 καὶ
1926 3952 2020 4030 εἰς
2069 3945 2254 4049 ζωὴν
2289 3947 2677 4054 ἀποφέρον,
2719 3948 2839 4029 ὅτε
2889 3947 3027 4049 τὴν

624 4066 742 4147 διὰ
777 4074 1104 4170 Χριστοῦ
1159 4070 1610 4171 πεπλούτηκε
1670 4068 1899 4175 χάριν,
1936 4075 2053 4150 καὶ
2107 4075 2235 4170 τῆς
2290 4070 2590 4177 ἀρχαίας
2646 4076 3027 4159 ἀσθενείας

695 4250 747 4305 8.
777 4250 1029 4304 Scholion
1056 4254 1211 4319 νόμον
1232 4254 1536 4327 μὶν-μόνῳ
1561 4258 1677 4347 Gen?
1703 4255 1758 4309 in
1781 4255 1831 4308 A
1849 4273 1902 4325 p.
1928 4272 1996 4325 94
2020 4254 2088 4309 ad
2105 4255 2268 4310 Thes.
2288 4269 2395 4327 354
2412 4274 2441 4310 c
2532 4256 3025 4314 ttinet.11.1ne.

622 4322 804 4391 ὥσπερ
830 4320 961 4374 καὶ
935 4323 1180 4389 αμαρτίας
1206 4326 1272 4378 A.
1514 4341 1596 4379 12.
1633 4326 1870 4394 ονομάζει
1896 4324 2005 4380 καθ’
2033 4325 2117 4379 ἑτέ
2150 4348 2212 4381 σν
2235 4327 2434 4382 ἔννοιαν
2811 4342 2893 4398 1.7

1076 4408 1161 4460 25.
1200 4394 1548 4464 ὑπεζευγμεθιι
1572 4396 1640 4449 Α.
1667 4394 2074 4465 ὑπεζευγνύμεθα
2129 4395 2202 4451 d.
2443 4397 2529 4451 26.
2566 4396 2861 4467 κεκλήμεθα
2884 4399 3026 4455 ΛΝΒ.

616 4410 923 4531 βεωβλῆμεθα
952 4460 1053 4516 Ed.
1425 4467 1508 4520 28.
1547 4466 1892 4537 ἆγαθοεργίαν
1916 4468 1982 4521 A.
2356 4483 2442 4539 29.
2476 4466 2700 4538 ἀρχαίας
2722 4467 3025 4541 ἀσθενείας]

622 4534 889 4589 ἀσθενείας
913 4533 1100 4601 ἐκείνης
1126 4534 1191 4588 A.
