3269 5166
370 440 510 505 [118
535 442 651 509 M.]

340 525 582 574 Ee.vi.2.

421 3244 535 3300 119
560 3242 656 3299 M.

676 345 806 407 408
1024 344 1100 408 B.
1146 342 1522 408 CYRILLI
1574 341 2101 406 ALEXANDR.
2157 340 2714 405 FRAGMENTA
2875 339 2948 401 ix.
2970 354 3021 422 5.

677 511 721 548 ‘⁴
755 501 1209 600 ἐπηρμένου·”
1275 503 1391 580 καὶ
1450 499 1543 579 τὰ
1601 502 1930 605 σεραφὶμ
1981 498 2294 597 εἱστήκει
2350 498 2592 607 κύκλῳ
2643 497 2874 592 αὐτοῦ,
2927 500 3028 575 καὶ

674 622 802 702 τὸν
836 626 952 703 ἐπὶ
999 622 1256 725 θρόνου
1297 622 1565 726 Κύριον
1598 622 2108 729 ἐδοξολόγουν,
2150 621 2280 705 τὰς
2315 623 2672 723 πτέρυγας
2714 620 3025 700 τείνοντα·

676 749 860 825 οὕτω
896 746 1244 851 τετάχατο
1282 748 1398 825 καὶ
1433 750 1509 825 ἐν
1543 752 1634 851 τῇ
1673 748 1847 851 ἁγίᾳ
1878 752 2116 851 σκηνῇ
2164 745 2651 849 συσκιάζοντα
2695 751 2842 827 ταῖς
2885 742 3031 822 πτέ-

670 870 878 976 ρυξιν
913 872 1026 950 ἐπὶ
1062 868 1146 951 τὸ
1183 868 1632 973 ἱλαστήριον·
1695 874 1753 949 εἱ
1792 868 1867 948 δὲ
1916 868 2004 969 ἦν
2043 905 2151 955 τις
2200 877 2349 953 τοῖς
2397 873 2742 973 χερουβὶμ
2790 874 2926 951 τοῖς
2969 869 3036 944 ἐκ

671 995 978 1097 χρυσίου
1029 994 1522 1093 πεποιημένοις
1575 992 1719 1092 βοή
1775 1028 1852 1072 τε
1909 997 2026 1072 καὶ
2081 992 2330 1095 λόγος,
2377 992 2913 1098 ἐδοξολόγησαν
2961 989 3038 1069 ἂν
3060 1023 3089 1083 5

677 1108 772 1200 ὧς
817 1117 1056 1219 κύριον
1090 1116 1422 1213 σαβαὼθ,
1461 1117 1588 1196 τὸν
1622 1121 1697 1197 ἐν
1734 1124 1824 1221 τῇ
1875 1116 2141 1197 δούλου
2185 1122 2437 1224 μορφῇ
2485 1116 2852 1221 πεφηνότα
2881 1112 3040 1194 Υὶὸν

681 1245 1064 1342 Μονογενῆ
1102 1241 1228 1320 τὸν
1263 1244 1339 1321 ἐκ
1378 1247 1569 1321 Θεοῦ
1607 1241 1899 1343 Πατρὸς
1941 1238 2125 1320 κατὰ
2160 1238 2413 1346 φύσιν.

752 1494 801 1549 7.
839 1479 1168 1552 Sequebatur
1192 1499 1297 1535 ver.
1325 1499 1389 1536 10
1414 1483 1589 1536 Μόνον
1613 1481 1700 1536 ἐπὶ
1732 1482 1976 1550 βρώμασι
2002 1482 2083 1534 καὶ
2106 1483 2308 1550 πόμασι
2333 1498 2457 1534 cum
2481 1479 2706 1548 scholiO,
2731 1479 2871 1553 quod
2929 1498 3044 1535 uum

681 1550 738 1605 S.
767 1550 1029 1621 Cyl-illum
1065 1563 1335 1606 auctorem
1370 1570 1482 1606 non
1517 1551 1729 1615 habeat,
1754 1569 1853 1605 nec
1888 1551 2014 1605 alibi
2047 1552 2322 1622 reperiam,
2347 1560 2475 1605 nota
2496 1551 2759 1607 exhibeo:
2793 1551 2904 1605 Ἐκε
2940 1573 3048 1607 ευσε

678 1621 735 1675 δὲ
760 1624 789 1674 6
813 1621 930 1677 θεὸς
951 1621 1021 1690 μὴ
1048 1622 1239 1676 ἐσθίειν
1261 1624 1351 1676 τὸν
1374 1644 1460 1692 χοι
1558 1621 1791 1693 ρύλλιον,
1816 1621 1908 1688 τὴν
1934 1620 2036 1692 [ita
2059 1621 2179 1676 cod.
2217 1623 2308 1675 τὸν
2334 1620 2465 1692 Ed]
2503 1624 2755 1690 κάμηλον,
2791 1625 2877 1676 τὸν
2909 1625 3049 1676 καλα-

675 1693 866 1758 βώτην,
893 1692 975 1745 καὶ
1009 1694 1074 1746 τὰ
1108 1692 1274 1759 ὅμοια·
1322 1644 1575 1748 ταῦτιξοδγὲ
1598 1693 1662 1745 οὔ
1685 1694 1746 1746 τὰ
1786 1694 1887 1764 ζῷα
1924 1692 2140 1758 κακίζων
2171 1692 2337 1762 λέγει,
2374 1692 2514 1746 ἀλλὰ
2553 1694 2706 1753 βίους
2742 1694 2825 1747 καὶ
2861 1693 3049 1761 πράξεις

683 1761 908 1817 ἀτόπους
930 1762 1262 1833 ἀπαγορεύων
1283 1763 1620 1831 πράττεσθαι.
1663 1762 1693 1831 ἢ
1719 1764 1819 1833 γὰρ
1842 1762 1959 1832 οὗχὶ
1997 1763 2081 1816 καὶ
2113 1761 2258 1830 ἡμεῖς
2290 1766 2480 1833 ταῦρον
2511 1762 2741 1833 λέγομεν
2773 1764 3054 1832 κερατιστὴν

677 1834 768 1885 τὸν
790 1835 1042 1902 πονηρόν,
1081 1833 1281 1900 λέοντα,
1300 1836 1390 1888 τὸν
1404 1834 1642 1902 θυμώδη;
1683 1836 1876 1903 χοῖρον,
1901 1834 1991 1887 τὸν
2012 1834 2356 1901 βορβορώδης
2395 1832 2588 1886 κελεύει
2613 1834 2672 1887 δέ
2699 1832 2850 1902 κτῆνη
2875 1833 3051 1887 ἐσθίειν

677 1904 741 1957 τὰ
777 1903 1088 1974 διχηλοῦντα
1124 1905 1206 1958 καὶ
1239 1906 1559 1973 μηρυκισμὸν
1580 1905 1851 1974 ἀνάγοντα.
1889 1903 2032 1971 διττὴ
2055 1904 2157 1972 γὰρ
2180 1906 2325 1957 πᾶσα
2349 1901 2521 1972 ἀρετή·
2562 1902 2724 1973 ἦγὰρ
2756 1904 2828 1960 εἷς
2861 1903 3051 1958 ἑαυτοὺς

678 1973 878 2042 δρῶμεν
899 1976 959 2027 τὸ
984 1974 1192 2046 ἀγαθὸν,
1218 1973 1328 2029 οἶον
1353 1975 1533 2041 ἡδονὰς
1556 1974 1893 2040 ἐκτέμνοντες,
1918 1974 2132 2043 καρδίαν
2154 1973 2496 2040 καθαίροντες,
2520 1975 2661 2042 πάθη
2696 1973 3053 2044 καταπραΰνον·

678 2060 778 2099 τες·
827 2042 859 2111 ἦ
895 2045 967 2100 εἷς
1000 2045 1121 2101 τοὺς
1154 2045 1435 2114 ἀδελφοὺς,
1471 2045 1766 2115 ἀγαπῶντες
1798 2047 2095 2112 μισοῦντας,
2129 2047 2564 2111 μνησικακοῦντας
2588 2043 2930 2114 ἱλαρύνοντες,
2952 2044 3053 2097 ἐλε-

679 2117 870 2178 οῦντες,
913 2115 1316 2181 συμπαθοῦντες·
1361 2115 1549 2185 διφυὴς
1587 2114 1679 2169 οὖν
1718 2114 1818 2183 ἄρα
1856 2114 2002 2168 ἐστὶν
2038 2117 2068 2167 6
2099 2116 2189 2182 τῆς
2227 2112 2552 2182 δικαιοσύνης
2585 2118 2799 2184 τρόπος,
2839 2115 2908 2171 εἰς
2940 2114 3056 2183 ἡμᾶς

678 2185 879 2247 αὐτοὺς,
905 2188 985 2239 καὶ
1019 2185 1091 2242 εἷς
1124 2187 1328 2254 ἐτέρους
1359 2184 1777 2254 κατορθούμενος·
1825 2187 1916 2253 τῆς
1947 2185 2041 2251 μὲν
2063 2183 2153 2238 οὖν
2176 2184 2233 2238 ἐν
2255 2185 2427 2254 ἔργοις
2455 2185 2670 2253 πορείας
2693 2185 2854 2241 τύπος
2876 2188 2904 2238 6
2925 2186 3055 2247 ποὺς,

681 2256 808 2307 κατὰ
831 2257 893 2308 τό
915 2255 978 2309 ‘O
1001 2255 1129 2311 πούς
1151 2278 1252 2323 μου
1275 2257 1402 2323 ἔστη
1427 2256 1483 2309 ἐν
1505 2255 1758 2322 εὐθύτητι,
1783 2255 1866 2307 καί
1887 2252 1949 2307 ‘O
1971 2253 2103 2310 πούς
2126 2276 2226 2308 σου
2241 2255 2304 2307 οὐ
2320 2255 2390 2322 μὴ
2409 2256 2719 2324 προσκόψῃ·
2758 2257 2841 2309 καί
2857 2256 3058 2325 Τροχιᾶς

680 2325 838 2394 ὀρθὰς
866 2326 1088 2394 ποίησον
1112 2329 1229 2382 σοῖς
1254 2327 1400 2380 ποσί.
1444 2328 1677 2395 διχηλεῖν
1701 2325 1759 2378 δέ
1783 2325 1897 2378 ἐστι
1921 2325 1981 2378 τὸ
2006 2324 2172 2392 ὀρθῶς
2196 2323 2392 2378 ἐθέλειν
2413 2326 2612 2386 βαίνειν
2637 2325 2788 2394 ἡμᾶς,
2812 2323 2883 2382 εἷς
2903 2347 2956 2379 τε
2977 2328 3059 2392 τὴν

680 2393 799 2450 καθ’
824 2395 952 2463 ἡμᾶς
988 2397 1170 2452 αὐτοὺς
1202 2396 1466 2466 ἐργασίαν,
1491 2397 1573 2450 καὶ
1605 2394 1678 2451 εἰς
1701 2395 1793 2463 τὴν
1816 2394 2004 2465 ἐτέρων
2026 2392 2270 2449 εὐποιΐαν.
2316 2398 2345 2448 6
2369 2393 2461 2449 οὖν
2481 2397 2573 2448 τὸν
2594 2397 2721 2458 βίον
2743 2398 2879 2466 ἔχων
2899 2396 3057 2466 ὀρθὸν,

680 2466 763 2519 καὶ
787 2466 850 2519 τὰ
874 2467 968 2536 ἤθη
996 2468 1326 2537 κατορθώσας
1356 2469 1420 2520 τὰ
1444 2469 1644 2531 ἑαυτοῦ,
1669 2466 1751 2518 καὶ
1776 2466 1867 2520 τὰς
1887 2466 2021 2534 πρὸς
2043 2464 2162 2520 τοὺς
2184 2465 2390 2532 ἐτέρους
2412 2465 2614 2533 ἀρετὰς,
2638 2468 2775 2535 πρὸς
2799 2467 2854 2520 δέ
2878 2465 3058 2520 τούτοις

681 2535 738 2590 ἐν
761 2540 822 2606 τῇ
850 2538 1033 2592 ἑαυτοῦ
1055 2540 1213 2593 πάλιν
1238 2538 1418 2608 καρδία
1443 2536 1691 2608 στρέφων
1713 2536 1777 2590 τὰ
1810 2534 1923 2589 θεῖα
1954 2536 2201 2606 δόγματα,
2228 2536 2311 2589 καὶ
2334 2535 2453 2591 τοὺς
2475 2536 2646 2593 θείους
2669 2539 2862 2609 λόγους
2884 2537 3058 2604 ἀναμη-

678 2611 966 2675 ρυκώμενος
991 2611 1071 2662 καὶ
1094 2611 1359 2702 γινώσκων
1382 2610 1464 2662 καὶ
1488 2609 1854 2678 ἐπιγινώσκων,
1879 2606 2089 2677 τρέφων
2117 2628 2175 2661 τε
2199 2607 2380 2661 ἑαυτὸν
2406 2607 2466 2675 ἐξ
2489 2607 2675 2670 αὐτῶν,
2703 2610 2788 2662 καὶ
2820 2609 3061 2663 διδάσκων

683 2678 766 2730 καὶ
797 2678 1017 2747 ἐτέρους·
1066 2701 1215 2734 ουτος
1246 2679 1331 2731 καὶ
1366 2679 1568 2748 διχηλεῖ
1600 2679 1784 2743 ὁπλὴν,
1810 2679 1892 2729 καὶ
1923 2678 2245 2746 μηρυκισμὸν
2267 2677 2462 2747 ἀνάγει,
2487 2678 2571 2730 καὶ
2601 2680 2721 2732 ἔστι
2755 2679 2971 2748 καθαρὸς
2999 2678 3059 2732 ὦς

680 2749 825 2818 λόγῳ
849 2749 931 2801 καὶ
963 2749 1099 2820 ἔργῳ
1123 2748 1335 2816 τέλειος,
1361 2750 1444 2801 καὶ
1474 2751 1809 2802 λεπτοκοπῶν
1835 2747 1929 2802 τὰς
1949 2748 2159 2817 γραφὰς
2181 2747 2265 2800 καὶ
2297 2747 2522 2817 ἀκριβῶς
2552 2747 2790 2817 ἐρευνῶν·
2829 2752 2918 2803 τὸν
2939 2749 2992 2802 δέ
3013 2747 3062 2801 ἓν

678 2821 838 2886 μόνον
872 2819 1054 2889 ἔχοντα
1091 2818 1300 2881 τούτων,
1336 2818 1623 2889 ἀκάθαρτον
1657 2817 1923 2871 ἀποκαλεῖ·
1968 2819 1997 2870 6
2032 2817 2134 2887 γὰρ
2167 2818 2289 2881 βίον
2322 2820 2417 2885 μὲν
2446 2819 2584 2905 ἔχων
2614 2818 2794 2888 ὀρθὸν,
2821 2820 2984 2889 δόγμα
3009 2817 3058 2871 δέ

681 2888 1102 2957 διεστραμμένον,
1139 2889 1434 2958 ἀκάθαρτος·
1485 2891 1671 2956 ὁμοίως
1707 2889 1788 2941 καὶ
1824 2889 1853 2940 6
1884 2885 2048 2958 λόγον
2082 2888 2201 2942 ἄνευ
2233 2888 2372 2952 βίου·
2413 2909 2607 2942 τουτων
2643 2888 2738 2943 οὖν
2772 2891 2893 2947 τοὺς
2924 2891 2982 2942 τὸ
3013 2886 3061 2941 έν

679 2959 893 3027 ἔχοντας
928 2957 1116 3030 φύγειν
1146 2958 1276 3028 ἡμᾶς
1309 2958 1575 3027 προσῆκει·
1619 2964 1722 3011 τῶν
1758 2961 1917 3026 κρεῶν
1940 2959 2061 3029 γὰρ,
2085 2958 2269 3028 φησὶν,
2295 2959 2462 3013 αὐτῶν
2486 2959 2546 3011 οὗ
2570 2960 2835 3030 φάγεσθε,
2860 2961 2940 3014 καὶ
2971 2965 3062 3014 τῶν

680 3028 853 3085 ἀστῶν
885 3031 1051 3085 αὐτῶν
1088 3030 1186 3100 οὐχ
1222 3029 1449 3098 ὄψεσθε·
1499 3033 1659 3100 ἤγουν
1693 3034 1794 3082 τῶν
1828 3028 2176 3082 διδασκαλιῶν
2214 3033 2317 3082 τῶν
2350 3030 2628 3097 αἱρετικῶν,
2668 3030 2791 3086 οὐδὲ
2826 3031 2952 3099 μετὰ
2983 3031 3062 3082 τὸν

681 3099 900 3155 θάνατον
922 3102 1103 3164 αὐτῶν,
1127 3098 1523 3170 προσ-ψαύσετε.
1573 3101 1805 3167 κάμηλον
1827 3099 1883 3151 δέ
1921 3097 2063 3168 λέγει
2088 3100 2178 3153 τὸν
2200 3099 2413 3166 ἔνδοξον
2435 3100 2517 3152 καὶ
2546 3099 2828 3154 πλούσιον·
2872 3101 3063 3171 λαγωὸν

682 3170 738 3224 δέ
763 3174 920 3242 ἤγουν
944 3170 1214 3226 δασύποδα
1236 3171 1327 3225 τὸν
1347 3172 1573 3239 πτωχόν·
1661 3171 1753 3237 ησὶ
1780 3172 1926 3239 γοῦν,
1954 3167 2034 3221 ὅτι
2059 3172 2176 3222 οὔτε
2211 3168 2422 3239 πτωχὸς
2455 3172 2571 3222 οὔτε
2606 3169 2870 3227 πλούσιος
2903 3169 3061 3237 000⁷}-

682 3261 830 3295 σεται
852 3243 970 3297 ἀνευ
993 3247 1094 3296 τῶν
1119 3240 1212 3294 δύο
1234 3240 1443 3294 τούτων.
1486 3238 1591 3295 ὅσα
1656 3240 1697 3302 δ’,
1722 3240 1907 3308 φησὶν,
1932 3238 1989 3292 ἐν
2010 3242 2118 3294 τοῖς
2152 3237 2337 3293 ὕδασιν
2372 3240 2480 3310 ἔχει
2514 3239 2779 3312 πτέρυγας
2814 3243 2897 3295 καὶ
2929 3240 3061 3294 λεπί-

681 3311 788 3379 δας,
813 3316 971 3366 ταῦτα
1005 3312 1263 3383 φάγεσθε.
1312 3311 1559 3365 θάλασσα
1582 3311 1823 3378 δηλονότι
1849 3311 1878 3362 6
1900 3309 2018 3369 βίος
2048 3309 2209 3364 ἐστίν·
2252 3308 2427 3381 Ῑχθύες
2457 3312 2517 3364 δὲ
2547 3311 2596 3364 οἶ
2621 3311 2678 3365 ἐν
2702 3312 2840 3383 τῷδε
2869 3314 2940 3383 τῷ
2972 3311 3063 3381 βίῳ

680 3383 745 3435 τὰ
768 3384 915 3454 γὴἳνα
938 3384 1266 3453 φρονοῦντες,
1292 3382 1371 3435 καὶ
1397 3381 1518 3450 τῇδε
1541 3382 1746 3435 κάκεῖσε
1769 3382 1878 3435 τοῖς
1902 3383 2683 3451 περισπασμοῖς.στρεφόμενοι,
2707 3385 2841 3451 πρὸς
2863 3383 3063 3451 οὐρανὸν

681 3452 970 3524 διαβλέψαι
1001 3455 1071 3522 μὴ
1097 3454 1376 3520 δυνάμενοι.
1425 3452 1474 3504 οἱ
1506 3450 1599 3505 οὖν
1617 3451 1826 3521 ἔχοντες
1857 3450 2072 3505 λεπίδος
2096 3451 2178 3503 καὶ
2201 3450 2460 3521 πτέρυγας
2483 3451 2660 3522 ι’χθύες
2683 3453 2927 3522 εὔδρομοί
2949 3451 3061 3510 εἶσι,

679 3525 954 3581 κόπτοντες
988 3529 1235 3594 κραταιῶς
1268 3523 1361 3591 τὴν
1394 3522 1691 3585 θάλασσαν,
1717 3522 1799 3575 καὶ
1836 3520 2207 3588 ἀναπηδῶντες,
2237 3523 2321 3574 καὶ
2354 3523 2445 3575 τὸν
2478 3522 2628 3590 ἥλιον
2660 3524 2964 3586 βλέποντες,
2987 3521 3063 3574 καὶ

678 3595 739 3647 τὸ
774 3595 869 3664 μὲν
900 3596 1063 3659 βάθος
1095 3590 1504 3662 παραιτούμενοι,
1529 3592 1632 3646 ἄνω
1657 3591 1716 3646 δὲ
1747 3590 2010 3654 πλέοντες,
2036 3591 2120 3643 καὶ
2154 3591 2272 3660 οὔχ,
2297 3592 2477 3661 ὥσπερ
2514 3594 2579 3646 τὰ
2613 3594 2780 3646 λοιπὰ
2820 3594 3060 3663 ὄστρακό·

680 3663 860 3735 δερμα,
885 3666 1038 3736 ἐγγὺς
1068 3668 1158 3733 τῆς
1188 3667 1282 3735 γῆς
1319 3664 1411 3730 τὴν
1444 3661 1573 3729 ὕλην
1606 3662 1686 3715 ἀεὶ
1722 3664 1814 3730 τῆς
1848 3661 2122 3728 θαλάσσης
2155 3661 2435 3717 ἐσθίοντες·
2478 3662 2804 3720 λεπιδωτοῦς
2839 3665 2894 3717 δέ
2929 3661 3061 3732 λέγει

677 3735 796 3791 τοὺς
825 3736 1205 3806 ἁμαρτάνοντας
1241 3734 1335 3802 μέν
1357 3734 1530 3802 μικρὰ,
1555 3733 1640 3787 διὰ
1663 3734 1724 3786 τὸ
1749 3733 1850 3786 ὑπὸ
1882 3732 1974 3798 τὴν
2004 3731 2284 3786 θάλασσαν
2307 3728 2433 3785 εἶναι
2457 3736 2550 3785 τοῦ
2570 3732 2710 3796 βίου,
2737 3732 2878 3800 ὅμως
2901 3733 2955 3787 δὲ
2979 3732 3062 3785 οὐκ

675 3804 969 3896 ἀναφανδὸν
991 3805 1153 3861 οὕτως
1185 3804 1325 3858 ἀλλὰ
1359 3805 1487 3869 μετὰ
1523 3805 1791 3871 συστολῆς
1824 3803 1907 3855 καὶ
1940 3801 2340 3872 περικαλύψεως
2373 3802 2775 3871 ἁμαρτάνοντας,
2798 3805 2920 3860 τοὺς
2944 3801 3060 3857 ποτὲ

677 3875 733 3927 δὲ
758 3877 1180 3946 αναθρώσκοντας
1204 3876 1284 3929 καὶ
1309 3876 1399 3929 τὸν
1420 3873 1570 3942 ἥλιον
1591 3872 1901 3936 βλέποντας·
1945 3872 2036 3925 οὐκ
2066 3873 2279 3942 ἔχοντας
2313 3872 2370 3926 δὲ
2405 3874 2618 3928 λεπίδος
2653 3873 2798 3927 ἀλλὰ
2831 3875 3061 3944 ἀπερικα·

675 3944 902 4003 λύπτους
920 3946 1108 4038 ’ὅνταςζ
1151 3950 1310 4036 ἤγουν
1348 3942 1910 4066 τοῦς,μεμὲἔισμένους
1951 3942 2054 4015 θεῷ
2077 3944 2180 4066 κὶιίὶ
2227 3941 2502 4032 κόσμῳ,’ἢ
2543 3944 2826 4032 παρθενίαν
2860 3946 2953 4030 μὲν
2986 3943 3061 4029 καὶ

677 4018 2086 4153 ἶῗῗῗὲἔῖἷὲῗἕὲἷβῖᾗᾝαῗὶἷῖἴῖἔμψέρῖῗέᾧζαῖἑι
2121 4014 2621 4152 ωἶὲῗὲἕῖἕεῖθέὴ
2657 4018 3061 4155 affl&

675 4157 834 4225 ἤγουν
866 4157 987 4213 τοὺς
1021 4157 1287 4225 ἀλαζόνας·
1336 4157 1427 4210 τὸν
1449 4154 1505 4208 δὲ
1531 4156 1726 4220 κόρακα
1761 4154 1843 4207 καὶ
1871 4152 2029 4223 γύπα,
2058 4154 2126 4209 ὡς
2148 4154 2254 4223 ἆρπ
2324 4175 2385 4209 ας
2407 4155 2489 4207 καὶ
2518 4155 2712 4210 δεινοὺς
2747 4155 2824 4211 εἷς
2860 4174 3061 4220 κακουρ·

674 4226 808 4295 γίαν·
847 4228 1106 4296 στρουθὸν
1127 4229 1183 4282 δὲ
1208 4229 1289 4282 καὶ
1312 4227 1489 4295 λάρον,
1517 4226 1585 4280 ὣς
1607 4224 1872 4293 ἅπληστα,
1895 4224 2063 4277 πάντα
2085 4224 2188 4294 γὰρ
2211 4224 2279 4279 ἐσ
2313 4224 2395 4277 ίει·
2443 4226 2534 4279 τὸν
2558 4226 2750 4295 ἱέρακα,
2777 4226 2848 4281 ὡς
2872 4220 3060 4281 ἐπιΒαῖ·

675 4317 827 4350 νοντα
848 4301 1039 4355 παντὸς
1056 4296 1434 4365 ἀσθενεστέρου
1450 4299 1642 4363 πτηνοῦ
1660 4297 1741 4349 καὶ
1758 4295 1976 4348 θάνατον
1992 4293 2262 4382 ἐπάγοντα·
2299 4297 2328 4347 6
2347 4294 2402 4347 δὲ
2420 4296 2724 4365 πορφυρίων
2748 4298 2835 4351 καὶ
2859 4293 2962 4357 ἰ’βις
2984 4291 3060 4346 καὶ

676 4365 807 4422 ἷκτὶν
829 4369 893 4423 τὰ
917 4369 973 4423 ἐν
995 4374 1104 4426 τοῖς
1126 4369 1310 4424 ὕδασιν
1334 4367 1603 4421 ἐσθίουσιν
1626 4364 1849 4436 ἰχθύδια·
1887 4363 2027 4417 οὗτοι
2052 4364 2109 4418 δε
2133 4364 2268 4419 εἶσιν
2290 4365 2340 4418 οἱ
2363 4364 2638 4434 φιλήδονοι
2662 4368 2744 4419 καὶ
2769 4368 2865 4421 τὰς
2885 4365 3060 4433 ἡδονὰς

672 4439 1084 4505 μεταδιώκοντες·
1130 4441 1354 4507 νυκτερὶς
1389 4436 1445 4491 δὲ
1482 4438 1564 4490 καὶ
1597 4438 1747 4507 ἔποψ
1772 4436 1853 4489 καὶ
1890 4435 2114 4500 ἐρωδιὸς,
2141 4437 2425 4505 νυκτοχαρῆ
2464 4437 2583 4502 ζἀ,
2609 4438 2687 4489 καὶ
2713 4436 2770 4489 ἐν
2794 4440 2867 4507 τῷ
2891 4437 3058 4489 σκότει

674 4508 988 4578 διαιτώμενα·
1038 4514 1260 4564 τοιοῦτοι
1295 4509 1352 4563 δέ
1388 4509 1437 4560 οἱ
1471 4507 1707 4573 μέθυσοι,
1733 4508 1782 4559 οἱ
1819 4504 2052 4567 κλέπται,
2079 4507 2160 4560 καὶ
2184 4506 2371 4561 πάντες
2394 4507 2443 4559 οἶ
2465 4527 2498 4558 τ
2554 4509 2647 4560 τοῦ
2678 4508 2902 4561 σκότους
2933 4506 3052 4574 ἔργα

672 4581 965 4646 φιλοῦντες.
1002 4580 1262 4648 ἀκάθαρτα
1286 4580 1342 4632 δὲ
1369 4580 1449 4631 καὶ
1474 4579 1537 4631 τὰ
1562 4578 1731 4645 θηρία,
1755 4578 1803 4629 οί
1828 4577 2039 4643 λῃσταὶ,
2064 4577 2112 4628 οἷ
2136 4577 2331 4646 φονεῖς,
2355 4577 2404 4629 οἶ
2430 4576 2678 4646 θυμώδεις
2697 4577 2780 4630 καὶ
2807 4575 3056 4645 ἀνήμερα·
