3269 5166
635 328 761 392 152
1235 325 1316 390 Β.
1364 324 1785 390 CYRILLI
1846 324 2435 390 ALEXANDR.
2784 345 2895 386 xx.
2930 341 3043 408 29.

630 495 883 574 οὐκοῦν
942 489 1180 596 ἐπῄνει
1237 487 1791 585 πεπιστευκότα,
1858 492 1973 570 καὶ
2035 491 2204 569 λίαν
2263 491 2515 593 ὀρθῶς.
2596 489 2767 572 ἴδοις
2824 484 2886 567 δ’
2942 484 3047 565 ἀν

629 625 842 697 τοῦτο
880 614 1203 720 ὑπάρχον
1232 612 1516 714 ἀληθὲς,
1556 616 1673 693 καὶ
1710 611 1916 712 μάλα
1950 615 2230 720 ῥᾳδίως.
2291 611 2476 717 πρὸς
2508 611 2651 716 γὰρ
2685 608 2812 691 τὸν
2849 612 3047 690 οὕτω

629 737 1159 823 πεπιστευκότα
1202 743 1319 818 καὶ
1356 740 1810 837 διακείμενον,
1850 741 1965 819 ἐπὶ
2001 735 2190 819 τέλει
2225 747 2356 818 τοῦ
2390 738 2811 841 εὐαγγελίου
2847 736 3055 840 φησί

297 874 538 925 S-Mffllh
632 876 676 912 ‘⁶
720 863 1193 966 Πορευθέντες
1250 863 1749 962 μαθητεύσατε
1814 861 2053 943 πάντα
2117 862 2208 941 τὰ
2263 861 2501 963 ἕθνη.”
2566 867 2626 941 εἰ
2682 861 2756 941 δὲ
2812 864 3046 947 οὕτως

301 1019 380 1073 19·
632 989 889 1094 ε”χοντα
925 987 1214 1089 γνώμης
1259 983 1502 1067 πάντα
1537 984 1631 1066 τὰ
1667 986 1836 1085 ἔθνη
1873 985 2237 1066 διδάσκειν
2276 986 2562 1084 κελεύει,
2603 988 2718 1065 καὶ
2753 1019 3035 1085 μυστα-
3070 1012 3105 1073 5

632 1111 876 1214 γωγὸν
930 1110 1145 1191 αὐτὸν
1191 1110 1542 1217 ἀνέδειξεν
1588 1109 2088 1210 οἶκουμενικὸν,
2133 1112 2267 1217 οὐχ
2317 1111 2561 1212 ἑτέραν
2617 1110 2800 1209 ἡμᾶς
2848 1110 3043 1214 ἔχειν

630 1234 971 1332 βούλεται
1009 1232 1142 1335 τὴν
1177 1236 1449 1316 πίστιν.
1523 1233 1752 1341 Κύριος·
1787 1233 1933 1337 γὰρ
1969 1234 2189 1320 ὅντως
2226 1237 2385 1315 ε’στὶ
2421 1232 2606 1314 κατὰ
2650 1231 2879 1338 φύσιν
2917 1237 3042 1314 καὶ

632 1360 806 1446 Θέος
841 1361 958 1439 καὶ
996 1357 1113 1439 ὅτε
1159 1359 1451 1461 γέγονεν
1490 1359 1891 1462 ἅνθρωπος.
1965 1358 2290 1439 κατανόει
2335 1357 2479 1462 γὰρ
2517 1356 2627 1437 ὅτι
2680 1355 2923 1462 χεῖράς
2957 1391 3039 1437 τε

633 1486 746 1563 καὶ
780 1483 1007 1566 πόδας
1043 1485 1161 1563 καὶ
1196 1480 1520 1585 πλευρὰν
1546 1481 2013 1591 ψηλαφήσας
2041 1486 2081 1562 ὁ
2117 1480 2441 1583 μαθητὴς
2469 1478 3041 1585 προσκεκόμικεν

633 1607 825 1713 αὐτῷ
859 1604 991 1705 τὴν
1029 1608 1451 1710 ὁμολογίαν,
1497 1607 1625 1686 οὐκ
1670 1613 1768 1692 εἷς
1812 1613 1981 1688 υἱῶν
2030 1605 2257 1687 δυάδα
2298 1604 2646 1703 διατεμὼν
2681 1602 2809 1684 τὸν
2841 1605 3029 1703 Ἐμ-
3070 1639 3138 1681 ιο

301 1754 452 1809 1110
473 1753 552 1810 Δ.
575 1770 613 1809 a
632 1726 989 1830 μανουὴλ,
1031 1732 1201 1809 ἀλλ’
1242 1730 1366 1809 ἕνα
1413 1734 1529 1810 καὶ
1568 1728 1696 1810 τὸν
1734 1727 1949 1811 αὐτὸν
1987 1730 2480 1832 ἐπιγινώσκων
2513 1727 2695 1829 μετὰ
2727 1726 3031 1831 σαρκός·

633 1850 731 1938 εἷς
769 1852 913 1956 γὰρ
957 1854 1220 1958 Κύριος
1255 1856 1541 1955 Ἰησοῦς
1577 1852 1901 1958 Χριστὸς
1938 1853 2121 1935 κατὰ
2156 1852 2284 1938 τὰς
2319 1851 2630 1962 γραφάς.

532 2110 607 2167 29
631 2087 814 2163 ΛὲΓει
865 2089 1044 2174 αὐτῷ
1098 2090 1135 2156 ὁ
1179 2089 1434 2156 Ἰησοῦς
1471 2089 1629 2156 Ὀτι
1680 2089 1989 2180 ἑώρακάς
2043 2111 2143 2170 με,
2197 2088 2648 2157 πεπίστευκας·
2722 2091 3037 2178 μακάριοι

1234 2211 1296 2280 οἰ
1347 2215 1435 2293 μὴ
1485 2211 1738 2282 ἰδόντες
1794 2215 1899 2281 καὶ
1952 2216 2434 2283 πιστεύσαντες.

745 2388 1406 2485 Οἱκονομικώτατος
1480 2387 1777 2496 σφόδρα
1848 2396 1977 2467 τοῦ
2053 2392 2389 2492 Σωτῆρος
2473 2389 2513 2467 ὁ
2600 2386 2843 2491 λόγος,
2917 2391 3036 2468 καὶ
3066 2437 3136 2500 15

634 2511 996 2612 πλείστην
1013 2510 1229 2612 ·ὅσην
1265 2510 1433 2611 ἡμῖν
1471 2508 1604 2612 τὴν
1651 2509 1905 2614 ὄνησιν
1956 2513 2269 2612 ἐμποιεῖν
2306 2509 2561 2599 ἱκανός.
2637 2509 3038 2616 προενόησε

639 2633 785 2737 γὰρ
841 2636 924 2714 οὖ
976 2636 1273 2738 μετρίως
1330 2638 1462 2716 κάν
1516 2635 1749 2744 τούτῳ
1803 2642 1950 2716 τῶν
2003 2636 2358 2741 ἡμετέρων
2413 2642 2698 2743 ψυχῶν,
2750 2637 3039 2739 ε’πείπερ

299 2759 481 2889 {off-¹¹²·
642 2761 844 2838 ἐστὶν
902 2759 1175 2862 ἀγαθὸς
1232 2761 1349 2839 καὶ
1404 2771 1448 2806 “
1476 2759 1751 2843 πάντας
1808 2761 2224 2862 ἀνθρώπους
2281 2761 2473 2842 θέλει
2526 2765 2854 2860 σωθῆναι
2919 2765 3038 2841 καὶ

643 2893 687 2930 “
723 2887 819 2971 εἷς
867 2883 1258 2986 ε’πίγνωσιν
1293 2885 1630 2983 ἀληθείας
1671 2885 1963 2983 ἐλθεῖν,”
2016 2883 2198 2964 κατὰ
2236 2883 2319 2964 τὸ
2356 2885 2872 2988 γεγραμμένον.
2952 2882 3038 2964 τὸ

640 3008 733 3086 δε’
766 3041 850 3109 γε
894 3014 1021 3087 τοῦ
1072 3006 1431 3106 θαύματος
1468 3007 1691 3087 α’ίτιον
1728 3007 1946 3088 ἐκεῖνό
1984 3011 2206 3088 ἐστιν.
2278 3008 2414 3088 ἔδει
2451 3007 2581 3107 μὲν
2616 3006 2758 3111 γὰρ
2793 3010 3031 3116 ἀνεξι·
3067 3058 3139 3097 20

570 3148 613 3213 b
639 3134 944 3230 κακῆσαι
1003 3130 1336 3231 συνήθως
1390 3134 1608 3212 ἐκεῖνο
1666 3131 1953 3233 λέγοντι
2007 3137 2111 3238 τῷ
2149 3136 2411 3238 Θωμᾷ,
2463 3132 2665 3212 ἀλλὰ
2719 3135 2835 3212 καὶ
2891 3141 3042 3219 τοῖς

640 3249 899 3357 ἑτέροις
956 3253 1098 3335 σὺν
1152 3257 1344 3363 αὐτῷ
1397 3261 1769 3356 μαθηταῖς,
1809 3261 2153 3368 οἶηθεΐσιν
2209 3256 2319 3336 ὅτι
2374 3254 2656 3356 πνεῦμά
2710 3260 2869 3337 ἐστι
2923 3261 3043 3337 καὶ

642 3375 1062 3483 φάντασμα,
1091 3380 1439 3487 ἐπιδεῖξαί
1470 3414 1548 3459 τε
1587 3385 1702 3461 καὶ
1738 3379 1945 3480 μάλα
1979 3382 2367 3483 προθύμως
2403 3387 2497 3465 εἰς
2533 3384 3045 3485 πληροφορίαν

643 3502 1127 3602 οἶκουμενικὴν
1188 3507 1303 3584 καὶ
1365 3504 1630 3590 τύπους
1692 3511 1835 3585 τῶν
1899 3506 2100 3606 ἥλων
2165 3509 2281 3585 καὶ
2341 3510 2467 3605 τῆς
2530 3512 2850 3607 πλευρᾶς
2907 3503 3044 3607 τὴν

644 3621 1036 3728 διάτρησιν,
1075 3627 1277 3708 οὐδὲν
1314 3628 1389 3708 δὲ
1436 3628 1654 3729 ἦττον
1691 3632 1810 3709 καὶ
1858 3628 2058 3733 παρὰ
2103 3627 2187 3711 τὸ
2238 3627 2483 3713 εἰωθὸς
2520 3627 2716 3726 αὐτὸ,
2754 3632 2871 3709 καὶ
2908 3628 3044 3730 τὴν
3070 3673 3100 3712 2
3110 3668 3143 3729 5

641 3750 886 3853 χρείαν
925 3751 1038 3829 καὶ
1087 3755 1363 3856 τροφῆς
1406 3761 1854 3857 μεταλαχεῖν,
1891 3754 2009 3832 ἵνα
2063 3755 2372 3853 μηδεμία
2408 3760 2781 3837 παντελῶς
2832 3787 3037 3856 περι·-

643 3873 975 3973 λείπηται
1030 3876 1404 3981 πρόφασις
1458 3885 1793 3957 καλοῦσα
1857 3874 2039 3980 πρὸς
2097 3877 2443 3957 ἀπιστίαν
2496 3874 2663 3961 τοὺς
2719 3876 2837 3956 διὰ
2898 3885 3048 3958 τῶν

643 3996 982 4078 τοιούτων
1047 4002 1489 4105 ὠφελεῖσθαι
1554 3999 2025 4104 ζητήσαντας.
2124 4002 2294 4079 ἀλλ’
2354 3997 2443 4100 ἦν
2507 4003 2898 4104 ἀναγκαῖον
2964 4005 3050 4083 ού

644 4129 900 4223 μικροῦ
954 4156 1145 4207 τινος
1200 4123 1511 4229 ἀξιῶσαι
1568 4125 1796 4228 λόγου
1850 4128 1965 4205 καὶ
2017 4124 2148 4225 τὴν
2196 4131 2292 4208 εἷς
2351 4125 2536 4224 ἡμᾶς
2598 4126 3042 4229 ἀσφάλειαν.

586 4280 622 4325 ο
648 4245 784 4325 ἔδει
831 4242 1014 4348 πρὸς
1048 4247 1282 4356 ἐκείνῳ
1321 4251 1436 4328 καὶ
1487 4248 1571 4329 τὸ
1605 4248 1846 4352 ἕτερον
1885 4255 2075 4347 ἶδεΐν,
2117 4251 2303 4353 φημὶ
2354 4248 2443 4349 δὴ
2495 4246 2578 4327 τὸ
2633 4251 3053 4349 μηδαμόθεν
3076 4285 3149 4344 3ο

645 4369 956 4452 εὐκόλως
1003 4372 1540 4474 κατασύρεσθαι
1593 4371 1776 4476 πρὸς
1832 4374 2181 4453 ἀπιστίαν
2235 4369 2401 4456 τοὺς
2455 4374 2529 4451 ἐν
2583 4377 2730 4455 τοῖς
2784 4374 3055 4482 ἐφεξῆς

787 4566 871 4621 28.
908 4563 1218 4635 ζητήσαντες
1243 4566 1308 4621 Ε.
1751 4585 1838 4640 30.
1877 4569 1935 4624 δὲ
1960 4586 2059 4641 pro
2084 4569 2148 4639 δὴ
2175 4568 2379 4639 Migne.
2487 4569 2548 4621 τὸ
2573 4565 2695 4640 alh]
2722 4569 2817 4624 τὸν
2841 4569 2911 4627 Ε.
