3269 5166
205 378 316 421 xx.
348 376 500 441 1-9.
775 354 883 419 IN
942 354 1014 419 S.
1062 354 1581 420 JOANNEM.
1674 355 1873 421 LIB.
1921 356 2082 422 XII.
2510 360 2636 424 109

213 523 546 622 σέβημα.
624 518 863 621 ἐπειδὴ
900 518 976 601 δὲ
1021 522 1098 602 ἐν
1134 518 1412 605 τούτοις
1449 520 1535 602 τὸ
1572 521 1871 624 γύναιον
1905 520 2015 623 ἦν,
2055 524 2172 602 καὶ
2207 529 2357 608 τοῖς
2390 524 2470 604 ἐκ
2505 530 2634 604 τοῦ
2662 531 2706 596 d

218 644 492 729 εἰκότος
579 641 941 740 ἐβάλλετο
1030 652 1441 749 λογισμοῖς,
1512 646 1697 749 πρὸς
1767 643 1933 732 τοὺς
2003 648 2437 749 ἀγαπῶντας
2508 647 2638 730 τὸν

224 769 503 874 Κύριον
539 771 947 869 ὑπονοστεῖ,
985 771 1510 875 συλλήπτορας
1544 767 1798 875 ὥσπερ
1851 774 1979 871 τῆς
2032 770 2141 853 ἐπ’
2181 772 2373 882 αὐτῷ
2430 771 2639 877 ζητή-

224 928 414 980 σεως
467 892 637 979 τοὺς
690 900 836 975 τῶν
881 898 1228 996 μαθητῶν
1281 893 1820 997 γνησιωτάτους
1877 903 2245 976 ποιεῖσθαι
2297 895 2630 978 σπουδά-

161 1044 197 1106 5
226 1017 483 1123 ζουσα.
585 1018 963 1124 ἱδρυμένην
1035 1016 1112 1100 δὲ
1188 1017 1443 1123 ὥσπερ
1504 1024 1621 1100 καὶ
1687 1020 2101 1124 ἀπόρθητον
2175 1020 2449 1127 ἔχουσα
2509 1021 2644 1121 τὴν

227 1145 507 1242 πίστιν,
571 1145 656 1224 οὐ
719 1144 1222 1247 παρεκομίσθη
1277 1144 1461 1248 πρὸς
1528 1145 1924 1248 ὀλιγωρίαν
1982 1144 2099 1225 διὰ
2162 1153 2309 1227 τῶν
2368 1147 2484 1228 ἐπὶ
2540 1153 2644 1257 τῷ

231 1274 532 1377 σταυρῷ
584 1274 862 1368 παθῶν,
921 1267 1141 1377 Κυριον
1200 1267 1276 1349 δὲ
1326 1267 1661 1369 συνήθως
1719 1271 2078 1350 ἀποκαλεῖ
2122 1273 2239 1350 καὶ
2293 1277 2647 1352 τεθνεῶτα

231 1392 590 1498 Χριστόν·
657 1393 949 1496 τοιαύτη
986 1392 1131 1498 γὰρ
1169 1428 1391 1478 οντως
1427 1395 1473 1494 ἡ
1514 1393 1855 1501 φιλόθεος
1893 1394 2061 1501 ἕξις.
2143 1400 2211 1474 οὶ
2248 1393 2397 1476 δὲ’
2361 1396 2648 1498 επείπερ

232 1517 587 1600 ἐπύθοντο
641 1521 844 1599 ταυτὶ
899 1528 1030 1600 τοῦ
1074 1518 1372 1622 γυναίου
1427 1515 1965 1622 διηγγελκότος·
2038 1524 2284 1628 Πέτρος
2329 1516 2494 1599 δὲ’
2450 1554 2646 1621 ησαν

128 1680 209 1722 10
235 1645 358 1723 καὶ
408 1640 747 1743 Ἰωάννης
801 1644 842 1722 ὃ
897 1650 1027 1722 τοῦ
1081 1644 1381 1739 βιβλίου
1435 1640 1931 1752 συγγραφεὺς,
1968 1641 2224 1724 ἑαυτὸν
2278 1642 2423 1747 γὰρ
2469 1639 2653 1723 εἶναί
2670 1669 2707 1713 θ

236 1775 432 1877 φησι
485 1765 616 1849 τὸν
651 1768 892 1872 ἕτερον
928 1764 1284 1868 μαθητήν·
1368 1766 1550 1848 ὅσον
1603 1765 1696 1869 ἦν
1732 1765 1915 1851 εἰκὸς
1965 1765 2317 1849 δύνασθαι
2367 1770 2650 1849 συντεί-

238 1926 482 1973 νονται
542 1890 817 2000 δρόμῳ,
859 1895 977 1972 καὶ
1030 1888 1213 1992 πρὸς
1269 1890 1443 1972 αὐτὸ
1481 1891 1553 1973 τὶ
1603 1895 1909 1998 μνημεῖον
1946 1893 2292 1999 ἀφίκοντο
2328 1896 2647 1995 γοργῶς,

240 2018 363 2096 καὶ
400 2024 528 2096 τοῦ
576 2015 996 2124 παραδόξου
1044 2018 1364 2120 γίνονται
1411 2018 1683 2119 θεωροὶ,
1722 2015 2203 2122 ἀποχρώντως
2240 2017 2520 2122 ἔχοντες
2557 2019 2655 2099 εἶς

240 2142 644 2246 μαρτυρίαν
670 2148 798 2222 τοῦ
823 2139 1276 2245 πράγματος·
1327 2141 1455 2220 δύο
1482 2138 1626 2243 γὰρ
1650 2137 1845 2241 ἦσαν
1870 2139 2052 2220 κατὰ
2073 2138 2203 2221 τὸν
2229 2140 2474 2242 νόμον.
2538 2142 2655 2220 καὶ

140 2299 166 2340 ι
180 2295 218 2356 5
244 2265 696 2375 ἐγηγερμένῳ
730 2264 863 2366 μὲν
889 2269 968 2347 ἐκ
1005 2272 1272 2370 νεκρῶν
1308 2267 1511 2345 οὔτι-ω
1546 2262 2159 2370 περιτυγχάνουσι
2193 2270 2297 2374 τῷ
2326 2270 2654 2373 Χριστῷ,

245 2387 396 2471 ἀπὸ
433 2389 510 2470 δὲ
547 2393 674 2489 τῆς
723 2396 870 2471 τῶν
907 2391 1207 2471 ὀθονίων
1243 2393 1627 2490 συλλογῆς
1684 2392 2012 2470 ἐννοοῦσι
2055 2388 2189 2491 τὴν
2225 2388 2657 2488 ἀνάστασιν,

246 2513 690 2598 πιστεύουσί
730 2549 807 2596 τε
852 2513 1136 2613 λοιπὸν,
1174 2513 1286 2596 ὅτι
1321 2516 1438 2595 καὶ
1480 2512 1663 2594 αὐτὰ
1698 2513 1790 2594 τὰ
1828 2522 1957 2595 τοῦ
1991 2512 2303 2596 θανάτου
2339 2513 2659 2621 διέῤῥηξε

249 2638 516 2739 δεσμὰ,
552 2648 767 2721 τοῦτο
815 2643 932 2721 καὶ
979 2640 1213 2721 πάλαι
1260 2639 1559 2741 βοιόσης
1593 2643 1721 2737 τῆς
1759 2639 1968 2742 ἁγίας
2011 2644 2326 2747 γραφῆς.
2402 2640 2659 2720 οὐκοῦν

2744 2140 2901 2218 Dput.

2744 2222 2847 2257 111.
2867 2219 2888 2254 1
2897 2216 2947 2269 5.

245 2771 401 2849 τοῖς
455 2764 768 2864 ἀληθέσι
822 2764 1339 2869 προμηνύμασι
1393 2762 1485 2844 τὰ
1532 2766 1610 2844 ἐκ
1658 2770 1805 2844 τῶν
1845 2764 2295 2868 πραγμάτων
2343 2763 2661 2864 συμβαί-
2685 2785 2900 2844 81079
2912 2782 2998 2838 A.

144 2911 227 2954 20
249 2923 471 2970 νοντα
521 2884 698 2991 τέλη
744 2887 1450 2990 καταλαμβάνοντες,
1486 2885 1949 2993 ἑδραιοτάτην
1984 2887 2122 2989 ἤδη
2168 2888 2494 2993 δέχονται
2529 2886 2662 2989 τὴν

247 3014 533 3096 πίστιν.

367 3138 814 3241 Σημειωτέον
851 3136 930 3219 δὲ
966 3137 1077 3219 ὅτι
1113 3140 1154 3219 ὃ
1191 3137 1323 3239 μὲν
1359 3140 1705 3244 μακάριος
1743 3135 2296 3241 Εὐαγγελιστὴς
2327 3134 2668 3237 Ἰωάννης

252 3262 385 3345 τὸν
434 3266 564 3359 τῆς
606 3260 1082 3349 ἀναστάσεως
1129 3264 1300 3364 ἡμῖν
1349 3261 1823 3364 καταμηνύων
1866 3261 2114 3366 καιρόν
2150 3271 2246 3377 Τῇ
2287 3270 2427 3373 μιᾷ
2474 3268 2667 3369 φησι

253 3387 383 3470 τῶν
419 3386 811 3483 σαββάτων
843 3386 1017 3497 wpoe'i‘
1072 3391 1357 3476 σκοτίαις
1415 3388 1510 3469 ἔτι
1568 3387 1759 3483 οὔσης
1805 3386 2071 3498 ἔρχεται
2125 3395 2219 3474 εἰς
2253 3386 2327 3468 τὶ
2362 3390 2670 3493 μνημεῖον

153 3535 233 3599 ²5
258 3514 510 3624 Μαρια.
535 3552 571 3608 η
552 3508 1059 3617 Μαγδαληνή·
1119 3518 1501 3597 Ματθαῖος
1537 3510 1770 3615 γεμὴν
1805 3511 1938 3613 τὴν
1966 3511 2188 3612 αυτὴν
2223 3513 2391 3613 ἡμῖν
2426 3546 2670 3594 ποιου-

256 3671 473 3736 μενος
539 3636 891 3738 δήλωσιν,
944 3637 1258 3742 ἑσπερας
1317 3636 1458 3743 ἔφη
1515 3635 1811 3734 βαθείας
1867 3638 2092 3737 ουσης
2146 3635 2486 3739 γενέσθαι
2539 3635 2671 3737 τὴν
2698 3645 2940 3697 SMatth.

258 3885 929 3994 πνευματοφόρους,
968 3884 1150 3987 μήτε
1193 3884 1340 3987 μὴν
1383 3882 1773 3992 διαφόρους
1827 3888 1956 3985 τῆς
2004 3886 2478 3972 ἀναστάσεως
2512 3886 2675 3994 ἐξη-

261 4015 559 4115 γεῖσθαι
619 4011 930 4116 καιρούς.
1015 4017 1075 4093 εὶ
1138 4007 1284 4116 γάρ
1341 4045 1450 4097 τις
1509 4009 1855 4104 βούλοιτο
1918 4015 2064 4089 τῶν
2131 4010 2678 4112 σημαινομένων

161 4172 240 4231 30
264 4140 605 4238 ε’ννοῆσαι
641 4133 775 4236 τὴν
813 4133 1133 4236 δύναμιν,
1166 4141 1264 4221 εἷς
1308 4134 1571 4217 ταύτὸν
1609 4133 2166 4235 συμβαινούσας
2213 4132 2502 4239 εὑρήσει
2549 4134 2678 4219 τὰς

263 4267 414 4343 τῶν
452 4261 679 4364 ἁγίων
712 4254 985 4368 φωνάς.
1064 4259 1324 4365 ὄρθρος
1360 4260 1505 4365 γὰρ
1543 4262 1642 4346 ὡς
1676 4261 1949 4368 ἐγῷμαι
1984 4256 2215 4356 βαθὺς
2251 4263 2370 4341 καὶ
2405 4259 2680 4364 ἑοπεῖοα

346 4566 435 4606 22.
470 4549 569 4620 μὲν
591 4557 931 4623 assumptum
955 4565 1022 4604 ex
1047 4547 1114 4604 Ε.
1460 4560 1546 4619 25.
1581 4547 1743 4621 papiu
1768 4545 1834 4602 Ε.
1858 4546 2056 4617 μαριᾶμ
2082 4543 2187 4601 Ed.
2282 4543 2573 4616 μαγδαλινι)
2598 4543 2684 4612 (ut

273 4621 463 4694 supra)
492 4620 558 4677 Ε.
915 4636 1003 4691 3ο.
1042 4619 1326 4677 ἐννοεῖσθαι
1353 4617 1519 4675 Cord.

257 3759 701 3843 ἀνάστασιν.
814 3760 985 3842 ἀλλ’
1064 3758 1261 3862 οἶμαι
1351 3761 1624 3862 μηδένα
1706 3765 2090 3867 διαφωνεῖν
2158 3759 2437 3842 οιεσθαι
2509 3796 2672 3846 τους
2699 3729 2872 3844 {mu
2903 3726 2946 3762 Ι
