3269 5166
239 362 349 404 xx.
379 342 483 420 26,
512 356 617 425 27.
709 342 825 406 IN
884 341 954 406 S.
1002 341 1520 408 JOANNEM.
1613 344 1808 409 LIB.
1857 344 2018 408 XII.
2088 346 2295 410 CAP.
2327 345 2384 410 1.
2521 346 2644 409 145

238 507 717 606 ἀποκλείομεν
781 504 909 606 μὲν
969 507 1097 592 τὰς
1159 507 1403 611 θύρας,
1464 512 1802 617 ἐπιφοιτᾷ
1876 510 1948 588 δὲ
2019 514 2133 589 καὶ
2205 511 2646 615 ἐπιφαίνεται
2672 543 2709 585 e

235 636 473 711 πᾶσιν
531 631 701 730 ἡμῖν
757 634 798 711 ὁ
858 631 1206 734 Χριστὸς,
1261 631 1583 736 ἀοράτως
1643 669 1721 715 τε
1773 638 1887 714 καὶ
1947 637 2246 737 ὁρατῶς·
2326 633 2648 737 ἀοράτως

238 753 376 854 μὲν
411 758 507 839 ὡς
545 752 756 853 Θεὸς,
793 758 1069 857 ὁρατῶς
1113 755 1188 835 δὲ
1235 754 1460 837 πάλιν
1497 761 1574 836 ἐν
1620 757 1929 858 σώματι.
2008 755 2362 862 ἐπιτρέπει
2408 757 2485 837 δὲ
2531 760 2649 837 καὶ

240 878 498 958 δίδωσι
551 882 680 978 τῆς
733 880 943 981 ἁγίας
1005 881 1226 960 αὐτοῦ
1284 915 1559 983 σαρκος
1619 883 2008 985 ἀποθίγειν.
2087 879 2447 984 πρόσιμεν
2504 879 2649 984 γὰρ

173 1022 215 1083 5
241 1001 429 1083 κατὰ
489 1002 704 1108 χάριν
763 1009 956 1084 Θεοῦ
1014 1009 1106 1109 τῇ
1172 1005 1450 1112 μεθέξει
1514 1010 1642 1106 τῆς
1718 1010 2071 1104 μυστικῆς
2132 1008 2508 1158 εὐλογίας,
2553 1039 2650 1089 εις

240 1133 488 1232 χεῖρας
560 1126 927 1231 δεχόμενοι
1001 1126 1129 1208 τὸν
1204 1128 1555 1230 Χριστον,
1632 1165 1747 1210 ινα
1824 1165 1940 1209 και
2014 1131 2208 1230 ἡμεῖς
2284 1126 2651 1233 ἀραρότως

240 1249 756 1350 πιστεύσωμεν
813 1285 923 1331 οτι
967 1287 1097 1332 τον
1132 1251 1311 1332 ἴδιον
1348 1255 1641 1354 ἀληθῶς
1687 1254 1923 1355 ἤγειρε
1969 1253 2164 1333 ναόν.
2246 1252 2354 1334 ὅτι
2410 1252 2554 1355 γὰρ
2603 1254 2649 1352 ἡ

242 1374 575 1455 κοινωνία
626 1378 757 1473 τῆς
809 1380 1161 1477 μυστικῆς
1201 1377 1534 1480 εὐλογίας
1574 1378 1930 1478 ὁμολογία
1964 1379 2073 1461 τίς
2114 1380 2272 1457 ἐστι
2308 1380 2435 1476 τῆς
2471 1379 2647 1456 ἀνα-

242 1496 580 1583 στάσεως
623 1506 753 1579 τοῦ
787 1504 1146 1603 Χριστοῦ,
1192 1499 1427 1607 σαφὲς
1475 1498 1566 1581 ἀν
1601 1501 1899 1603 γένοιτο,
1941 1504 2058 1581 καὶ
2105 1500 2311 1598 μάλα
2355 1502 2645 1607 ῥᾳδίως,

136 1655 217 1697 10
243 1624 332 1703 δι’
374 1619 474 1702 ὧν
509 1621 723 1708 αὐτὸς
782 1625 922 1730 ἔφη
977 1624 1106 1704 τὸν
1161 1633 1289 1706 τοῦ
1344 1625 1746 1729 μυστηρίου
1802 1625 2032 1706 τύπον
2087 1624 2504 1708 ἐπιτελέσας
2560 1625 2645 1704 δι’
2674 1653 2886 1708 αιιοδ
2906 1651 2962 1706 Δ
2982 1690 3003 1700 «

243 1748 524 1827 ἑαυτοῦ·
589 1748 994 1833 διακλάσας
1030 1746 1175 1852 γὰρ
1210 1748 1338 1829 τὸν
1361 1751 1601 1852 ἄρτον,
1631 1748 1821 1830 καθὰ
1856 1748 2280 1852 γέγραπται,
2316 1750 2643 1846 διεδίδου,

243 1871 489 1973 λέγων
541 1882 585 1920 “
620 1871 859 1953 Τοῦτό
915 1906 1053 1971 μου
1090 1876 1248 1954 ἐστὶ
1300 1872 1385 1954 τὸ
1422 1881 1644 1974 σῶμα
1697 1908 1782 1955 το
1837 1872 2014 1976 ὑπὲρ
2052 1875 2249 1973 ὑμῶν
2285 1870 2651 1970 διδόμενον
2740 1871 2962 2003 {333⁰ss

266 2000 423 2078 ‘eis-
478 1994 747 2102 αφεσιν
781 1998 1169 2099 ἁμαρτιῶν·
1226 2006 1440 2078 τοῦτο
1472 2005 1733 2079 ποιεῖτε
1771 2004 1867 2082 εἶς
1923 1997 2054 2099 τὴν
2108 1995 2285 2097 ε’μὴν
2322 1994 2641 2097 ἀνάμνη-
2742 2002 2987 2120 {¹³52}-

246 2129 292 2165 ‘⁶
327 2120 522 2198 σιν.”
619 2119 779 2199 ἔστι
842 2122 1083 2201 τοίνυν
1144 2121 1500 2222 ὁμολογία
1563 2155 1670 2206 τις
1736 2120 2016 2222 ἀληθὴς
2081 2125 2195 2202 καὶ
2252 2119 2652 2220 ἀνάμνησις

140 2276 221 2336 ¹5
244 2250 377 2323 τοῦ
431 2243 762 2324 τεθνάναι
810 2280 888 2325 τε
925 2248 1044 2325 καὶ
1088 2248 1482 2341 ἀναβιῶναι
1524 2247 1611 2327 δι’
1652 2246 1839 2345 ἡμᾶς
1896 2281 2011 2325 και
2069 2243 2245 2348 ὐπερ
2287 2246 2489 2345 ἡμῶν
2525 2243 2652 2325 τὸν

250 2366 547 2469 Κύριον,
583 2375 731 2448 τῶν
779 2370 1004 2473 ἁγίων
1046 2375 1468 2473 μυστηρίων
1515 2370 1556 2471 ἦ
1601 2370 1886 2477 μέθεξις
1929 2367 2113 2473 πρὸς
2153 2369 2238 2448 τὸ
2288 2372 2406 2449 καὶ
2458 2368 2652 2452 θείας

245 2492 434 2592 ἡμᾶς
517 2493 847 2594 εὐλογίας
929 2496 1539 2595 ἀναπίμπλασθαι
1619 2492 1738 2574 διὰ
1808 2501 2045 2574 τοῦτο.
2144 2491 2652 2597 παραιτώμεθα
2674 2511 2719 2577 b

245 2615 489 2696 τοίνυν
558 2620 654 2701 ὡς
714 2618 1045 2722 ὀλέθριόν
1102 2653 1173 2699 τι
1233 2624 1480 2724 χρῆμα
1538 2618 1671 2720 τὴν
1729 2620 2071 2699 ἀπιστίαν
2134 2623 2250 2698 καὶ
2313 2615 2494 2716 μετὰ
2565 2615 2652 2697 τὸ

247 2737 592 2848 ἅψασθαι
645 2751 774 2823 τοῦ
809 2747 1160 2847 Χριστοῦ,
1216 2741 1646 2824 πιστότατοι
1708 2742 1784 2823 δὲ
1838 2750 2128 2841 μᾶλλον
2185 2746 2301 2821 καὶ
2355 2741 2654 2837 βέβαιον

140 2898 225 2940 ιο
246 2863 532 2969 ἔχοντες
565 2866 1058 2969 εὐρισκωμεθα
1094 2866 1454 2973 φρόνημα.

361 2989 908 3090 Διαμεμνῆσθω
969 2987 1044 3070 δε
1109 2983 1339 3071 πάλιν
1395 2992 1435 3070 ὁ
1462 2988 1929 3136 Αφιλομαθὴς,
1990 3023 2098 3069 οτι
2161 2990 2458 3092 Μαρίαν
2522 3023 2655 3086 μεν

248 3111 387 3211 τὴν
456 3112 967 3215 Μαγδαληνὴν
1042 3117 1335 3217 ἀπεῖργε
1408 3118 1536 3213 τῆς
1611 3117 1828 3220 ἁφῆς,
1904 3113 2342 3219 σαφέστατα
2416 3113 2653 3215 λέγων

247 3246 295 3284 “
335 3236 471 3336 Μή
510 3271 651 3335 μου
696 3235 949 3337 ἅπτου,
987 3239 1186 3319 οὔπω
1236 3235 1383 3341 γὰρ
1418 3237 1836 3338 ἀναβέβηκα
1890 3235 2071 3340 πρὸς
2120 3236 2247 3317 τὸν
2286 3237 2647 3340 Πατερα·”
2739 3225 2944 3357 ἓξὲξ,

248 3366 493 3468 Θωμᾷ
546 3359 773 3464 γεμὴν
826 3361 1178 3466 ἐπιτρέπει
1242 3366 1358 3443 καὶ
1422 3359 1555 3461 τὴν
1617 3360 1939 3465 πλευρὰν
2002 3366 2479 3468 ψηλαφῆσαι,
2536 3365 2653 3441 καὶ
2743 3382 2826 3432 Ib-
2847 3396 2923 3447 25·

142 3513 227 3575 ¹5
246 3484 419 3572 τούς
472 3486 739 3571 τύπους
797 3492 945 3567 τῶν
995 3487 1195 3589 ἥλων
1252 3485 1585 3594 δακτύλῳ
1651 3485 2260 3589 περιεργάζεσθαι.
2363 3489 2479 3566 καὶ
2534 3485 2654 3565 διὰ

246 3611 466 3691 ποίαν
518 3612 769 3709 αἰτίαν,
826 3608 1094 3712 εἴρηται
1151 3610 1283 3708 μὲν
1336 3611 1473 3712 ἤδη
1531 3617 1817 3716 σαφῶς,
1872 3609 2267 3710 ἀναμνήσει)
2324 3607 2399 3687 δὲ
2453 3609 2654 3689 οὐδὲν
2676 3635 2713 3677 0

248 3733 487 3834 ἧττον,
529 3732 611 3814 τὸ
672 3736 897 3833 μῆκος
955 3742 1102 3813 τῶν
1157 3732 1401 3835 λόγων
1456 3732 1825 3832 ἐπιτεμων.
1920 3739 2013 3839 τῇ
2068 3733 2198 3833 μὲν
2256 3730 2399 3837 γὰρ
2456 3735 2655 3814 οὔπω

248 3891 493 3960 καιρος
541 3859 770 3938 ἐδίδου
813 3859 897 3940 τὸ
943 3856 1305 3965 ἅψασθαι,
1346 3858 1461 3939 διὰ
1507 3856 1592 3938 τὸ
1649 3857 1868 3957 μήπω
1922 3866 2014 3965 τῇ
2069 3866 2197 3938 τοῦ
2235 3857 2655 3957 Πνεύματος

249 3981 602 4082 ἡγιάσθαι
658 3982 913 4086 χάριτι·
989 3981 1132 4062 σὺν
1167 3983 1336 4082 ἡμῖν
1380 3980 1525 4084 γὰρ
1567 4016 1774 4066 οντος
1829 3983 1930 4062 ἔτι
1985 3990 2113 4061 τοῦ
2149 3988 2500 4085 Χριστοῦ,
2539 4016 2655 4062 και

142 4140 225 4198 3ο
249 4108 452 4187 οὔπω
505 4105 688 4211 πρὸς
732 4106 860 4190 τὸν
909 4110 986 4187 ἐν
1021 4115 1168 4192 τοῖς
1224 4109 1546 4210 οὐρανοῖς
1601 4104 2133 4207 ἀναβεβηκότος
2174 4107 2484 4209 Πατερα,
2523 4105 2655 4206 τὴν

247 4239 379 4312 τοῦ
415 4230 887 4334 παρακλήτου
925 4230 1232 4311 κάθοδον
1270 4233 1397 4311 οὐκ
1434 4230 1524 4330 ἦν
1558 4233 1634 4310 ἐν
1672 4231 2073 4334 ἀνθρώποις
2110 4230 2656 4331 τετελειωμένην

323 4473 377 4521 4.
415 4455 526 4510 τοῖς
546 4451 714 4524 ἁγίοις
738 4451 804 4507 Ε.
1133 4466 1214 4534 15.
1251 4453 1334 4506 καὶ
1358 4452 1448 4507 alt.
1474 4469 1583 4507 om.
1609 4451 1742 4507 Nik.
2091 4448 2174 4505 16.
2209 4450 2270 4503 τὸ
2297 4448 2427 4503 Nik.
2500 4446 2656 4586 μ.Εὲ

254 4539 343 4651 23:
376 4522 1340 4666 ιᾞοαλπιῖὴῖἳτιῖιζζρέαιὲἒῗιὲῗῃέ.
1358 4522 1552 4592 τοίνυν)
1580 4522 1713 4665 ang.
1750 4590 1987 4663 Πατέρα]
2021 4596 2077 4654 -1-
2106 4611 2208 4660 μου
2234 4537 2335 4644 ΕΞ.
2363 4539 2565 4643 ιτιατςῐομ
2554 4587 2620 4642 Ε.

340 4695 486 4741 VOL·
520 4695 623 4740 111.
1456 4695 1499 4739 U
