3269 5166
604 341 737 406 132
1217 338 1297 403 B.
1344 335 1767 403 CYRILLI
1824 331 2414 400 ALEXANDR.
2647 353 2756 395 xx.
2785 347 2894 407 22,
2921 348 3025 415 23.

610 504 703 585 ἀν
747 538 820 584 τι
873 501 1219 607 δράσειαν
1266 508 1414 582 τῶν
1460 499 1920 606 ἀρεσκόντων
1956 504 2144 607 Θεῷ,
2177 499 2350 577 ἀλλ’
2390 497 2541 577 οὐδ’
2582 492 2674 576 ἀν
2709 498 2862 573 τῶν
2897 495 3028 591 τῆς

270 648 464 699 S-Im-
612 628 965 732 ἁμαρτίας
999 625 1709 708 κατανεανιεύσαιντο
1743 622 2056 779 βρόχων,
2095 621 2198 723 μὴ
2249 621 2382 723 τὴν
2415 621 2505 729 ἐξ
2549 623 2787 728 ὕψους
2834 614 3020 721 πρό·

271 715 415 765 xxiv
439 728 521 780 ⁴⁹⁶
615 786 824 855 τερον
858 749 1327 901 ἐνδυσάμενοι
1362 749 1684 850 δύναμιν,
1722 753 1838 829 καὶ
1876 753 1974 832 εἷς
2009 745 2251 850 ἕτερόν
2286 782 2357 827 τι
2392 747 2559 849 παρ’
2603 745 2782 848 ὅπερ
2829 739 3030 841 ἦσαν

554 916 591 958 ο
612 874 1374 982 μεταστοιχειούμενοι.
1479 871 1591 954 διο
1663 876 1781 954 καὶ
1854 870 2036 975 πρός
2107 906 2270 951 τινα
2332 877 2478 952 τῶν
2539 868 3032 1022 ἀρχαιοτέρων

278 1019 303 1055 ¹
272 1004 453 1121 ⁶3⁶8·
472 1021 525 1057 ¹·
613 999 1004 1103 ε’λέγετο,”
965 1034 1076 1080 οτι
1113 1010 1157 1047 “
1185 1001 1464 1080 ἀλεῖται
1499 1000 1615 1078 ἐπὶ
1650 996 1742 1077 σὲ
1781 1002 2077 1094 Πνεῦμα
2118 996 2414 1098 Κυρίου,
2451 995 2568 1075 καὶ
2611 989 3029 1097 οτραφῆσῃ
3052 1018 3086 1079 5

275 1137 364 1254 25-
382 1130 797 1208 ¹1·“eie
860 1122 1089 1227 ἀνδρα
1153 1123 1453 1222 ἀλλον,”
1501 1121 1860 1229 ἀλλάξειν
1914 1120 1991 1201 δὲ
2047 1118 2264 1225 ἰσχὺν
2317 1116 2484 1203 τοὺς
2539 1117 3030 1215 ὑπομένοντας

275 1217 309 1267 ³
613 1245 744 1329 τὸν
814 1248 1009 1329 Θεον
1082 1283 1199 1329 και
1281 1248 1323 1327 5
1399 1243 1783 1353 προφήτης
1854 1245 2024 1345 ἡμῖν
2092 1242 2416 1327 Ησαΐας
2491 1238 3026 1395 ἐπηγγελλετο·

615 1377 919 1458 Παῦλος
965 1371 1042 1453 δε
1090 1374 1131 1452 5
1182 1371 1615 1476 σοφώτατος
1667 1367 2154 1450 κεκοπιακέναι
2201 1367 2517 1475 φάσκων
2567 1365 2744 1468 ὑπέρ
2793 1398 3025 1462 τινας,

614 1499 693 1577 ἐν
766 1504 916 1581 τοῖς
988 1499 1505 1579 ἀποοτολικοῖς
1575 1494 1916 1594 δηλονότι
1982 1491 2563 1596 κατορθώμασιν,
2636 1488 3031 1591 ἐπήνεγκεν

284 1639 525 1756 :for-xv·
616 1619 841 1718 εὐθὺς,
898 1619 1008 1700 ὅτι
1062 1622 1301 1700 “Οὐκ
1362 1618 1504 1723 ἐγω
1570 1617 1672 1717 δε,
1726 1620 1897 1698 ἀλλ
1955 1620 2002 1720 ἡ
2062 1616 2268 1723 χάρις
2326 1626 2458 1697 τοῦ
2512 1621 2707 1696 Θεοῦ
2769 1614 2818 1714 ἡ
2883 1613 3029 1693 σὺν
3057 1647 3130 1688 ιο

349 1741 365 1756 ’
616 1755 663 1793 “
697 1744 924 1844 ε’μοί.”
980 1742 1165 1846 πρὸς
1213 1744 1300 1824 δέ
1338 1778 1421 1848 γε
1470 1742 1703 1852 τούτῳ
1752 1741 2032 1823 κάκεῖνό
2082 1748 2343 1850 φαμεν,
2378 1745 2476 1825 ὡς
2525 1741 2652 1821 οὐκ
2702 1736 2796 1818 ἂν
2835 1738 3030 1822 ὅλως

616 1871 943 1968 συνῆκαν
992 1867 1078 1948 τὸ
1133 1869 1250 1949 ἐπὶ
1306 1874 1611 1976 Χριστῷ
1665 1866 2085 1971 μυστήριον,
2142 1868 2295 1946 οὐδ’
2350 1865 2441 1946 ἂν
2495 1868 2811 1967 ἀκριβεῖς
2868 1862 3023 1965 ε’γέ-

550 2007 595 2071 d
622 2025 831 2073 νοντο
872 1995 1367 2097 μυσταγωγοὶ,
1402 1998 1462 2073 εἰ
1508 1991 1611 2094 μὴ
1661 1990 1779 2072 διὰ
1830 1996 1957 2092 τῆς
2003 1999 2134 2072 τοῦ
2173 1991 2593 2090 Πνεύματος
2630 1988 3021 2095 δᾳδουχίας

620 2114 843 2201 ἰόντες
900 2122 999 2202 εἷς
1053 2116 1525 2224 ἀποκάλυψιν
1580 2122 1727 2197 τῶν
1780 2113 1954 2221 ὑπὲρ
2013 2125 2181 2197 νοῦν
2228 2118 2345 2196 καὶ
2401 2113 2647 2218 λόγον,
2696 2108 2880 2214 πρὸς
2939 2109 3025 2191 τὸ

620 2239 985 2321 διδάσκειν
1039 2242 1265 2324 οὕτως
1318 2237 1369 2320 ἃ
1420 2244 1607 2346 χρῆν
1662 2240 2068 2335 ἀναβαίνειν
2122 2238 2551 2345 ἰσχύουσαν·
2622 2234 2823 2338 λέγει
2877 2233 3026 2339 γάρ
3059 2271 3132 2331 15

284 2378 530 2443 Ib.xii.3.
620 2374 666 2413 “
703 2365 962 2449 Οὐδεὶς
1034 2363 1328 2445 δύναται
1398 2370 1614 2446 εἰπεῖν
1693 2364 1958 2466 Κύριος
2019 2362 2369 2465 Ἰησοῦς,”
2427 2359 2611 2443 κατὰ
2681 2360 2817 2461 τὴν
2891 2369 3026 2442 τοῦ

622 2486 929 2568 Παύλου
978 2487 1250 2595 φωνὴν,
1288 2498 1334 2535 “
1356 2493 1413 2568 εἰ
1457 2487 1560 2590 μὴ
1609 2490 1687 2569 ἐν
1725 2487 2092 2588 Πνεύματι
2127 2487 2429 2597 Ἀγίῳ.”
2488 2484 2725 2587 ἐπειδὴ
2780 2486 3026 2566 τοίνυν

618 2613 931 2714 ἔμελλον
985 2614 1165 2717 ἐρεῖν
1221 2611 1331 2693 ὅτι
1390 2612 1654 2715 Κύριος
1706 2611 2013 2714 Ἰησοῦς,
2069 2612 2460 2711 τουτέστιν,
2517 2612 3032 2714 ἀνακηρύττειν

618 2733 838 2818 αὐτὸν
883 2739 982 2821 ὡς
1036 2736 1229 2818 Θεὸν
1279 2740 1397 2818 καὶ
1454 2737 1743 2840 Κύρων,
1780 2739 2180 2841 ἀναγκαίως
2233 2736 2372 2838 ἤδη
2427 2734 2688 2818 λοιπὸν
2741 2738 2848 2843 τῷ
2898 2740 3033 2836 τῆς

620 2862 1042 2961 ἀποστολῆς·
1078 2859 1432 2967 ἀξιώματι
1467 2861 2037 2965 παρεζευγμένην
2072 2861 2399 2969 δέχονται
2442 2859 2575 2963 τὴν
2609 2867 2742 2940 τοῦ
2778 2860 3026 2941 Πνεύ-
3061 2898 3141 2939 20

618 3021 846 3087 ματος
901 2985 1132 3093 χάριν,
1180 2984 1498 3071 διδόντος
1554 2986 1728 3067 αὐτὸ
1783 2994 1911 3068 τοῦ
1960 2991 2313 3089 Χριστοῦ,
2359 2989 2477 3066 καὶ
2530 2986 2666 3092 οὐχ
2720 2989 2816 3070 ὡς
2875 2994 3036 3072 ταῖς

620 3111 864 3214 ἑτέρου
936 3111 1378 3221 φιλοτιμίαις
1453 3109 1999 3210 διακονουμένου
2070 3109 2311 3217 τυχὸν,
2386 3118 2871 3218 χορηγοῦντος
2952 3109 3032 3189 δε

622 3242 916 3333 μᾶλλον
950 3233 1100 3341 ἐξ’
1064 3242 1341 3315 εαυτοῦ·
1421 3233 1648 3336 διήκοι
1686 3233 1827 3338 γὰρ
1862 3233 1955 3318 ἀν
1989 3236 2124 3341 οὐχ
2159 3237 2408 3339 ἑτέρως
2457 3241 2555 3321 εἷς
2603 3236 2791 3336 ἡμᾶς
2826 3233 3033 3338 παρὰ

627 3356 920 3462 Πατρὸς
965 3392 1025 3437 ει
1075 3357 1177 3457 μὴ
1229 3360 1313 3439 δι
1355 3364 1560 3441 Υἱοῦ.
1643 3361 1683 3439 5
1719 3394 1851 3458 μεν
1886 3360 2090 3440 οὖν’
2047 3367 2341 3466 αρχαῖος
2377 3395 2496 3441 και
2531 3363 2608 3440 ἐν
2642 3359 3036 3464 γράμμασι

625 3478 862 3581 νόμος,
923 3479 1136 3566 σκιὰς
1200 3482 1386 3589 ἔχων
1454 3487 1570 3563 καὶ
1632 3487 1900 3568 τύπους
1958 3491 2105 3565 τῶν
2160 3487 2544 3586 ἀληθινῶν,
2603 3518 3039 3584 σωματικω-
3069 3515 3144 3577 25

627 3605 862 3709 τεραν,
898 3606 984 3687 ἵν’
1025 3607 1250 3692 οὕτως
1285 3608 1479 3707 εἴπω,
1515 3612 1634 3688 καὶ
1677 3611 1754 3690 ἐν
1786 3610 2210 3715 παχυτέροις
2244 3609 2607 3712 ὁρωμένην
2641 3607 3038 3712 πράγμασι

624 3729 758 3832 τὴν
795 3738 943 3812 τῶν
982 3734 1190 3834 ἱερῶν
1222 3731 1620 3837 ἀνάῤῥησιν
1656 3740 2024 3815 τελεῖσθαι
2068 3733 2578 3837 προσέταττεν.
2658 3736 2700 3814 5
2736 3732 2883 3836 γάρ
2920 3767 3041 3814 τοι

290 3888 604 3948 1096Δ.ι
624 3854 972 3958 μακάριος
1017 3861 1373 3956 Μωυσῆς,
1413 3861 1609 3938 Θεοῦ
1662 3856 1888 3939 πάλιν
1925 3859 2118 3967 αὐτῷ
2166 3856 2769 3962 προστάττοντος,
2810 3861 3035 3939 ὕδασι

286 3999 444 4116 3325
624 3982 758 4083 μὲν
817 3980 1277 4085 ἀπονίζεσθαι
1350 3979 1479 4062 τόν
1543 4014 1620 4062 τε
1677 3979 1969 4086 Ἀαρὼν
2032 3982 2251 4063 αὐτὸν
2314 3986 2431 4064 καὶ
2505 3979 2669 4066 τοῦς
2730 3981 3041 4067 Λευΐτας

445 4102 459 4117 ’
625 4105 964 4188 ἐκέλευεν·
1026 4101 1179 4185 εἶτα
1220 4102 1351 4186 τὸν
1386 4109 1512 4206 τῆς
1557 4104 1994 4191 τελειώσεως
2039 4105 2525 4215 κατασφάξας
2576 4103 2776 4209 κριὸν
2814 4107 2996 4187 κατέ
2998 4153 3031 4168 -
3073 4143 3153 4203 3ο

701 4317 749 4355 1.
787 4301 997 4370 δράσειε
1021 4300 1087 4355 E.
1397 4317 1448 4357 2.
1483 4300 1988 4358 κατανεανιεῦσαιντο
2010 4300 2173 4358 habet
2504 4319 2587 4386 13.
2625 4302 2675 4356 οἷ
2738 4319 2802 4357 ro
2826 4302 2875 4356 εἷ
2900 4303 3026 4376 Eup

624 4372 1016 4499 ἃὰῗοῗέᾞῖίξ
1020 4370 1615 4570 ›equ0⁰1¹3⁷}'²¹s8p⁸¹'.oeu10
1644 4452 1851 4499 errante
1870 4371 2574 4534 ἒὸειῖἔζαουάοεζῗιμέἕῆιὲῗῗ)
2601 4372 3028 4502 {mezdgtffffi

621 4514 878 4571 adnotat
864 4533 977 4587 lpse
1001 4514 1144 4571 Aub.
1363 4461 1590 4587 ἕαῦτῷ
1620 4514 1681 4568 Ε.
1687 4533 1739 4586 p.
1763 4513 1889 4571 αὐτὸ
1918 4514 2018 4571 Ed.
2120 4514 2267 4570 ὕδατι
2291 4534 2339 4569 a.
2524 4532 2610 4587 29.
2646 4514 3026 4572 ἀπονίπτεσθαι

623 4585 749 4658 (eie)
776 4605 831 4658 p.
1044 4603 1134 4660 30.
1171 4584 1286 4641 ἐκᾶλ
1291 4607 1444 4642 evoe»
1466 4602 1519 4656 p.
