3269 5166
660 354 747 417 66
1266 353 1345 420 Β.
1392 353 1805 419 CYRILLI
1867 351 2443 418 ALEXANDR.
2845 350 2980 414 xix.
3011 365 3077 432 7.

661 516 1101 619 ἐγκλήματα,
1162 519 1553 600 Ἰουδαϊκὸν
1609 520 1802 599 ἔστω
1858 520 1942 600 τὸ
2002 519 2299 623 θράσος,
2357 523 2475 600 καὶ
2531 516 2617 599 τὸ
2682 521 2813 618 τῆς
2877 551 3082 616 μιαι-

665 643 922 749 φονίας
957 647 1056 727 εἶς
1095 644 1277 743 ὑμᾶς
1315 642 1569 729 αὐτοὺς
1603 642 1990 749 τετράφθω
2027 644 2274 724 κακόν.
2350 649 2410 723 εἶ
2449 641 2665 741 νόμος
2701 644 2861 721 ἐστὶ
2896 641 3078 743 παρ’

668 769 854 867 ὑμῖν,
892 768 931 846 5
963 773 1244 853 ποιναῖς
1279 775 1432 852 ταῖς
1475 769 1663 848 οὕτω
1710 770 2112 852 πανδείνοις
2167 770 2520 852 ὑποτιθεὶς
2574 766 2705 848 τὸν
2738 766 3078 869 ἡμαρτη·

665 888 842 971 κότα
875 889 1120 992 μηδὲν,
1160 894 1199 972 5
1238 889 1565 996 κολάζων
1598 891 1727 972 τὸν
1761 892 2196 989 ἀνωταίτιον,
2227 891 2664 995 πραττέσθω
2702 893 2821 970 καὶ
2857 897 3085 969 τοῦτο

665 1016 752 1095 δι’
794 1017 1010 1114 ὑμῶν,
1064 1015 1199 1118 ἐγὼ
1254 1020 1381 1116 τῆς
1434 1018 1549 1096 ἐπὶ
1604 1013 1838 1124 τούτῳ
1892 1014 2300 1114 συμπνοίας
2345 1016 2472 1095 οὐκ
2514 1014 2879 1121 ἀνέξομαι.
2955 1017 3081 1093 καὶ
3103 1042 3142 1101 5

665 1144 867 1219 ταυτὶ
922 1137 1054 1237 μὲν
1109 1135 1202 1217 ἂν
1256 1136 1473 1219 οἴοιτό
1527 1173 1634 1224 τις
1690 1137 1913 1245 τυχὸν
1967 1136 2095 1220 τὸν
2134 1138 2468 1220 Πιλάτον
2518 1145 2762 1220 εἰπεῖν·
2841 1139 3083 1218 ὧδίνει

665 1260 810 1366 γάρ
856 1296 1011 1347 πως
1055 1263 1094 1341 5
1149 1264 1317 1367 παρ’
1369 1264 1587 1344 αὐτοῦ
1645 1262 1870 1365 λόγος
1927 1270 2074 1343 τῶν
2132 1264 2472 1344 τοιούτων
2528 1261 2659 1362 τὴν
2717 1260 3076 1367 ἔμφασιν.

597 1401 640 1466 b
668 1387 1163 1489 καταπλαγείη
1209 1388 1277 1467 δ’
1338 1387 1429 1466 ἄν
1476 1422 1583 1472 τις
1640 1389 1775 1467 κάν
1828 1388 2060 1496 τούτῳ
2112 1385 2201 1487 δὴ
2256 1387 2486 1467 πάλιν
2520 1386 2654 1486 τὴν
2707 1392 2857 1467 τῶν
2891 1387 3077 1467 Ἰου-

670 1513 885 1591 δαίων
945 1512 1482 1617 ἀναισχυντίαν,
1543 1513 1693 1591 ἐπεὶ
1753 1511 1930 1612 μηδὲ
1986 1509 2245 1615 ἀνδρὸς
2302 1513 2745 1614 ἀλλογενοῦς
2805 1513 3079 1591 δικαιο-

672 1635 952 1739 κρισίας
1017 1635 1504 1740 αἰσχύνονται,
1569 1635 1795 1714 καίτοι
1860 1642 1990 1715 τοῦ
2054 1635 2245 1716 θείου
2308 1634 2531 1733 νόμου
2594 1636 2759 1737 περὶ
2834 1636 3080 1714 αὐτῶν
3101 1669 3172 1710 ιο

334 1790 463 1843 Mal.
480 1792 532 1842 ii.
675 1755 1034 1862 εἰρηκότος
1093 1769 1136 1806 “
1160 1756 1337 1838 ‘'On
1386 1759 1591 1864 χείλη
1652 1757 1883 1861 ἱερέως
1939 1756 2345 1865 φυλάξεται
2390 1760 2650 1863 κρίσιν,
2688 1762 2803 1839 καὶ
2852 1757 3079 1858 νόμον

339 1870 382 1921 7·
675 1894 719 1930 “
755 1883 1267 1987 ἐκζητήσουσιν
1307 1886 1384 1962 ἐκ
1420 1880 1787 1981 στόματος
1824 1883 2107 1963 αὐτοῦ.”

611 2124 1146 2214 γἈπεκρίθΗσαν
1200 2126 1381 2212 αὐτῷ
1439 2124 1500 2192 οἶ
1549 2122 1862 2192 Ἰουδαῖοι
1904 2122 2142 2203 Ἠμεῖο
2191 2126 2392 2204 νόμον
2446 2125 2700 2213 ἔχομεν,
2752 2125 2861 2191 καὶ
2910 2127 3076 2192 κατὰ

611 2274 649 2319 ο
776 2253 888 2320 τὸν
951 2254 1150 2330 νόμον
1216 2253 1402 2330 ἡμῶν
1466 2252 1724 2341 ὀφείλει
1789 2249 2167 2335 ἀποθανεῖν,
2231 2255 2333 2321 ὅτι
2405 2250 2542 2320 υἱὸν
2604 2253 2778 2318 Θεοῦ
2837 2252 3078 2321 ἑαυτὸν

775 2377 1102 2446 ἐποίησεν.
3106 2404 3176 2459 15

785 2539 1327 2646 Ἐληλεγμένης
1374 2545 1603 2626 ἑώλου
1651 2547 1780 2645 τῆς
1828 2546 1995 2648 παρ’
2038 2546 2273 2626 αὐτῶν
2314 2547 2389 2626 ἐν
2424 2547 2679 2651 ἀρχαῖς
2714 2550 3086 2626 συντεθει-

676 2666 890 2766 μένης
940 2669 1453 2773 συκοφαντίας,
1512 2672 1628 2750 καὶ
1684 2678 2163 2772 νεωτερισμοῦ
2210 2669 2342 2770 μὲν
2393 2670 2619 2771 ἤγουν
2665 2667 3084 2773 άντάρσεως

677 2793 805 2889 τῆς
871 2789 1054 2870 κατὰ
1128 2801 1256 2872 τοῦ
1330 2794 1702 2895 Καίσαρος
1767 2798 1994 2898 ἀρχῆς
2068 2795 2391 2893 οὐδεμιᾶς
2455 2794 3084 2894 ἀποδεδειγμένης·

678 2912 1198 3018 ἀπεσκευάζετο
1254 2915 1394 3020 γὰρ
1451 2916 1580 3001 τὰς
1639 2920 1753 2998 ἐπὶ
1818 2917 2094 3004 τούτοις
2149 2918 2375 3002 αἰτίας
2432 2918 2473 2996 5
2526 2916 2789 3020 Κύριος
2844 2916 3092 3020 λε’γων

338 3043 570 3173 ξξίξζζσ.
678 3051 721 3086 “
758 3041 858 3120 Ἡ
905 3042 1248 3136 βασιλεία
1287 3041 1330 3141 ἡ
1367 3039 1500 3141 ε’μὴ
1547 3043 1676 3121 οὐκ
1720 3040 1922 3122 ἔστιν
1956 3044 2033 3121 ἐκ
2070 3050 2198 3122 τοῦ
2237 3040 2519 3141 κόσμου
2555 3041 2832 3121 τούτου·
2899 3048 2964 3121 εἰ
3010 3045 3092 3122 ἐκ
3117 3051 3222 3122 πο

679 3176 722 3213 “
760 3174 887 3245 τοῦ
943 3163 1225 3265 κόσμου
1278 3166 1536 3247 τούτου
1590 3163 1682 3264 ἦν
1719 3166 1764 3267 ἦ
1812 3167 2158 3263 βασιλεία
2212 3167 2258 3265 ἡ
2310 3162 2463 3266 ἐμὴ,
2503 3171 2568 3246 οἱ
2626 3165 2972 3268 ὑπηρέται
3025 3172 3096 3247 οἱ

615 3306 659 3369 d
682 3297 725 3335 “
764 3291 917 3389 ἐμοὶ
987 3287 1413 3391 ἠγωνίζοντο
1474 3286 1563 3370 ἂν
1626 3289 1745 3369 ἵνα
1807 3286 1908 3388 μὴ
1977 3292 2370 3393 παραδοθῶ
2430 3297 2578 3373 τοῖς
2639 3291 3089 3375 Ἰουδαίοις·”

688 3411 1016 3493 Πιλάτου
1070 3447 1148 3492 τε
1200 3410 1384 3515 πρὸς
1428 3423 1655 3494 ταῦτα
1705 3411 2159 3515 καθηκόντως
2202 3448 2280 3494 τε
2325 3418 2441 3494 καὶ
2495 3412 2911 3499 ἀδεκάστως
2973 3418 3098 3495 καὶ

349 3535 525 3665 {232
686 3537 885 3614 οὔπω
941 3532 1122 3639 πρὸς
1175 3535 1387 3641 χάριν
1433 3538 1858 3642 δικάζοντος,
1890 3536 2239 3688 ’λέγοντός
2294 3571 2372 3617 τε
2429 3525 2812 3642 διαῤῥηδην
2855 3544 3092 3638 μηδε·

685 3659 856 3758 μίαν
891 3661 1248 3762 ηὑρῆσθαι
1295 3659 1747 3770 πρόφασιν’
1709 3697 1786 3742 εν
1824 3664 2040 3771 αὐτῷ,
2086 3668 2459 3747 παντελῶς
2503 3696 2687 3766 προς
2735 3661 2983 3764 ἕτερόν
3025 3698 3096 3745 τι
3125 3705 3216 3766 ²⁵

686 3794 1227 3889 μεταχωροῦσιν
1263 3791 1329 3866 οὶ
1364 3785 1790 3886 πάντολμοι·
1869 3787 2051 3891 νόμον
2109 3784 2250 3890 γὰρ
2301 3821 2487 3892 εχειν
2508 3787 3102 3941 διισχυρίζονται

688 3908 1240 4013 καταδικάζοντα
1292 3917 1419 3989 τοῦ
1459 3914 1795 4014 Σωτῆρος
1839 3908 1966 3990 τὸν
2005 3908 2340 3991 θάνατον.
2418 3912 2536 3990 καὶ
2584 3909 2688 3994 τίς
2736 3912 2777 3989 5
2823 3909 3094 4011 νόμος·
3073 3976 3098 4008 ‚
3213 3949 3214 4042 1

689 4033 729 4110 5
776 4039 922 4117 τοῖς
977 4040 1558 4141 βλασφημοῦσιν
1596 4034 2034 4137 ε’παρτήσας,
2080 4038 2293 4141 φησὶ,
2347 4032 2626 4138 ζημίαν·
2690 4034 3104 4138 γέγραπται
3211 4089 3212 4108 1

596 4181 603 4188 ‘
691 4154 833 4259 γὰρ
870 4159 946 4235 ἐν
981 4156 1252 4267 βιβλίῳ
1296 4164 1399 4264 τῷ
1453 4159 1872 4268 καλουμένῳ
1914 4161 2278 4268 Λευῖτικῷ,
2317 4158 2428 4239 ὅτι
2482 4155 2664 4242 τινὲς
2719 4167 3104 4246 τελοῦντες

690 4288 785 4364 εἱς
822 4282 1201 4368 Ἰουδαίους
1251 4283 1699 4388 ἐμαχέσαντο
1755 4280 1938 4364 κατὰ
1981 4281 2066 4363 τὸ
2124 4281 2622 4387 γεγραμμένον
2658 4286 2736 4363 ἐν
2769 4291 2862 4391 τῇ
2893 4319 3098 4390 παρ·

689 4410 992 4510 εμβολῇ,
1031 4402 1131 4484 ὧν
1169 4408 1209 4485 5
1248 4408 1478 4509 ἕτερος
1529 4416 1657 4488 τοῦ
1713 4410 1904 4488 θείου
1945 4412 2176 4513 φησὶν
2210 4407 2561 4508 ὀνόματος
2608 4409 3103 4511 ἐπιμνησθεὶς,

768 4619 813 4657 1.
852 4603 941 4670 τῆς
966 4603 1243 4672 μιαιφόνου
1272 4603 1334 4657 E.
1500 4621 1584 4659 21.
1622 4603 1652 4672 ἦ
1682 4604 1827 4675 priua
1851 4613 2189 4674 assumptum
2217 4623 2280 4660 ex
2309 4605 2374 4660 E.
2537 4622 2627 4674 30.
2665 4605 2934 4675 εἰρημένον
2963 4607 3030 4663 E.
