3269 5166
625 332 752 397 118
1233 335 1313 401 B.
1360 334 1785 401 CYRILLI
1842 335 2432 402 ALEXANDR.
2790 356 2906 413 Π.
2938 348 3047 417 17.

622 508 666 546 ‘⁶
704 502 872 579 ἀλλ’
897 505 963 581 οἰ
990 508 1225 586 κακῶς
1245 503 1591 608 ἕχοντες.”
1648 504 1902 584 οὐκοῦν
1923 501 2068 606 πρὸ
2094 502 2228 602 μὲν
2252 505 2382 602 τῆς
2409 499 2888 584 ἀναστάσεως
2910 503 3047 599 τῆς

624 626 702 704 ἐκ
739 632 1008 728 νεκρῶν
1045 626 1455 734 ἀδιαφόρως
1490 629 1921 731 ἐπεμίσγετο
1956 627 2247 712 δικαίοις
2283 661 2362 708 τε
2397 629 2515 707 καί
2552 627 3042 729 ἁμαρτωλοῖς·

625 747 975 844 ἀπεσόβει
1002 748 1080 830 δὲ
1112 759 1488 837 παντελῶς
1513 750 1766 832 οὐδένα
1791 758 1938 833 τῶν
1962 750 2420 855 προσιόντων
2438 752 2656 858 αὐτῷ.
2710 751 2830 829 καὶ
2857 755 3047 852 γοῦν

556 872 601 938 b
625 877 724 956 εἰς
759 870 888 952 τὸν
925 869 1119 954 οἰκον
1156 884 1285 955 τοῦ
1309 878 1714 979 Φαρισαίου
1738 875 2313 985 κατακεκλιμένῳ
2348 873 2550 967 ποτὲ,
2577 873 2762 977 γυνὴ
2787 907 3045 978 παρει-

624 993 876 1096 στήκει
925 997 1306 1099 κλαίουσα,
1349 1009 1394 1048 “
1423 999 1575 1100 ἥτις
1624 998 1718 1101 ἦν
1771 1002 1849 1080 ἐν
1889 1004 1981 1107 τῇ
2037 997 2252 1081 πόλει
2298 996 2791 1108 ἀμαρτωλὸςῖ
2845 995 3042 1078 καθὰ
3069 1026 3107 1086 5

624 1120 1045 1224 γέγραπται,
1100 1126 1220 1203 καὶ
1281 1120 1415 1226 τὴν
1472 1123 2046 1233 ἀειφιλόκοσμον
2108 1123 2564 1206 ἀπολύσασα
2620 1122 2860 1229 τρίχα,
2914 1124 3044 1202 καὶ

623 1242 837 1344 μόλις
881 1249 1136 1328 ἀνεῖσα
1167 1253 1314 1328 τῶν
1350 1249 1671 1355 ἀρχαίων
1705 1254 1946 1329 κακῶν
1979 1249 2397 1352 περιέματτε
2434 1244 2602 1333 τοὺς
2635 1245 2887 1346 πόδας,
2915 1250 3042 1327 καὶ

625 1368 1084 1456 διακωλύσας
1119 1373 1204 1452 οὐ
1241 1371 1591 1479 φαίνεται·
1673 1372 1876 1454 ἀλλά
1921 1375 2039 1453 καὶ
2084 1373 2204 1455 ὅτε
2256 1379 2387 1454 τοῦ
2430 1370 3045 1478 ἀρχισυναγώγου

289 1502 368 1553 1¹³·
390 1501 496 1553 *¹¹¹-
627 1493 712 1575 τὸ
752 1492 993 1599 κόριον
1030 1498 1293 1600 ε’γερῶν
1332 1495 1562 1603 ἀπῄει,
1602 1495 1831 1579 πάλιν
1864 1503 2393 1601 προσελθοῦσα
2430 1507 2472 1545 “
2501 1493 2685 1600 γυνὴ
2719 1496 2796 1574 ἐν
2828 1493 3045 1598 ῥύσει

631 1628 676 1666 “
695 1618 991 1718 αἵματος
1013 1619 1201 1699 οὖσα
1214 1619 1462 1727 ἥψατο
1483 1628 1613 1701 τοῦ
1637 1622 2050 1724 κρασπέδου
2059 1621 2338 1719 αὖτοῦ,”
2366 1623 2484 1700 καὶ
2504 1619 3045 1769 χαλεπαίνοντα
3073 1649 3151 1690 10

628 1740 762 1842 μὲν
798 1743 1123 1843 οὐδαμῶς
1168 1742 1589 1848 εὑρήσομεν,
1630 1743 1862 1848 λόγου
1899 1742 1976 1824 δὲ
2029 1750 2323 1843 μᾶλλον
2357 1742 2580 1847 αὐτὴν
2615 1743 3045 1851 ἀξιώσαντα

290 1900 371 1951 1b.
392 1902 474 1966 48.
631 1876 978 1972 χρηστοῦ·
1045 1878 1090 1916 “
1119 1868 1456 1973 Θύγατερ
1513 1867 1683 1973 γὰρ,
1738 1869 1902 1978 ἔφη,
1959 1869 2005 1970 ἡ
2064 1869 2312 1955 πίστις
2369 1903 2512 1950 σου
2565 1867 2859 1949 σέσωκέ
2910 1902 3041 1968 σε,

571 2004 651 2066 e‘
655 1989 1018 2094 ’πορεύου
1051 1997 1149 2077 εἰς
1185 1993 1493 2097 εἰρήνην.
1495 1994 1535 2020 ”
1605 1992 1808 2073 ἀλλὰ
1845 1992 2006 2075 τότε
2041 1990 2173 2092 μὲν
2210 1999 2695 2092 οἰκονομικῶς,
2733 1995 2852 2074 καὶ
2891 2000 3044 2079 τοῖς

630 2116 1143 2220 ἀκαθιπίρτοιςν
1093 2152 1198 2198 ετι
1238 2121 1355 2198 καὶ
1402 2116 2038 2219 μεμολυσμένον
1988 2152 2240 2225 εχουσι
2276 2120 2396 2199 καὶ
2432 2125 2653 2218 σῶμα
2689 2153 2806 2198 και
2842 2126 3042 2218 νοῦν,

628 2241 1128 2328 ἀδιακωλύτως
1167 2243 1340 2350 ἐξῆν
1376 2246 1495 2323 καὶ
1538 2245 1755 2342 αὐτῆς
1791 2246 1920 2342 τῆς
1956 2243 2165 2345 ἁγίας
2206 2240 2566 2323 ἅπτεσθαι
2598 2241 2876 2344 σαρκὸς
2910 2250 3044 2324 τοῦ
3074 2267 3148 2328 15

630 2368 963 2470 Σωτῆρος
1029 2367 1230 2467 ἡμῶν
1294 2372 1647 2471 Χριστοῦ,
1710 2369 1828 2447 καὶ
1894 2363 2192 2468 ἀπάσης
2253 2366 2584 2468 εὐλογίας
2643 2366 3043 2447 ἀπολαύειν

628 2493 756 2590 τῆς
791 2491 959 2596 παρ’
999 2492 1241 2572 αὑτοῦ·
1308 2488 1547 2594 ἐπειδὴ
1585 2490 1662 2572 δὲ
1698 2488 1833 2592 τὴν
1870 2492 2034 2571 καθ’
2074 2489 2261 2591 ἡμᾶς
2305 2490 2710 2594 πληρώσας
2755 2496 3037 2573 οἰκονο-

630 2615 821 2713 μίαν,
872 2618 988 2696 καὶ
1043 2616 1262 2697 αὐτὸν
1312 2615 1634 2716 ὑπέμεινε
1686 2613 1814 2698 τὸν
1864 2614 2183 2716 σταυρὸν
2231 2619 2351 2696 καὶ
2400 2613 2529 2697 τὸν
2572 2618 2688 2697 ἐπὶ
2737 2621 3042 2723 σταυρῷ

633 2736 965 2840 θάνατον,
1003 2741 1263 2837 ἀνεβίω
1301 2775 1380 2822 τε
1421 2738 1671 2840 πάλιν,
1708 2743 1826 2820 καὶ
1863 2737 2175 2821 θανᾶτου
2212 2741 2578 2843 κρείττονα
2612 2739 2744 2841 τὴν
2777 2741 3044 2822 οἰκείαν

635 2862 864 2969 φύσιν
921 2862 1353 2965 ἀποδεικνὺς,
1409 2862 1816 2946 ἀποκωλύει
1875 2862 2159 2964 λοιπὸν,
2215 2866 2333 2945 καὶ
2394 2866 2530 2970 οὐχ
2587 2865 2881 2962 ἑτοίμως
2937 2864 3044 2945 ἔτι
3071 2898 3154 2940 20

632 2988 989 3096 χαρίζεται
1047 2998 1193 3075 τοῖς
1255 2998 1694 3094 προσιοῦσιν
1764 2990 1958 3098 αὐτῷ
2022 2987 2106 3069 τὸ
2173 2991 2291 3070 καί
2349 2990 2569 3090 αὐτῆς
2635 2992 2762 3090 τῆς
2826 2990 3047 3093 ἁγίας

632 3110 993 3196 ἅπτεσθαι
1040 3114 1334 3219 σαρκὸς,
1371 3114 1599 3197 τύπον
1634 3121 1790 3200 ταῖς
1833 3113 2068 3218 ἁγίαις
2116 3113 2530 3213 ἐκκλησίαις
2575 3116 2693 3193 καὶ
2729 3120 2835 3220 τῷ
2869 3115 3040 3195 καθ’

563 3247 608 3312 d
633 3237 885 3318 ἑαυτὸν
921 3239 1296 3348 μυστηρίῳ
1337 3238 1421 3319 τὸ
1469 3246 1774 3342 πρᾶγμα
1823 3239 2059 3335 τιθεὶς,
2100 3236 2184 3318 ὃν
2218 3242 2337 3318 καὶ
2387 3235 2601 3322 αὐτὸς
2644 3237 2813 3337 ἡμῖν
2846 3237 2888 3318 ὃ
2928 3237 3050 3319 διὰ

632 3370 762 3441 τοῦ
811 3360 1205 3469 πανσόφου
1263 3361 1639 3446 Μωυσέως
1691 3360 1951 3464 ἐδήλου
2007 3360 2241 3463 νόμος,
2292 3361 2411 3442 ὅτε
2469 3365 2586 3442 καὶ
2646 3369 2746 3448 εἰς
2804 3359 3048 3444 εἰκόνα

294 3500 473 3617 33:068..
631 3490 965 3590 Χριστοῦ
1007 3484 1337 3566 διετύπου
1376 3484 1793 3591 σφάζεσθαι
1842 3486 1969 3568 τὸν
2021 3486 2272 3585 ἀμνόν·
2338 3496 2383 3534 “
2419 3492 2564 3573 πᾶς
2611 3485 2755 3591 γάρ
2806 3494 3047 3595 φησιν
3075 3522 3152 3584 25

292 3583 379 3618 ω’
393 3585 425 3630 ⁴
634 3620 679 3658 “
712 3612 1185 3713 ἀπερίτμητος
1250 3610 1377 3689 οὐκ
1437 3609 1666 3690 ἔδεται
1724 3611 1844 3690 ἀπ’
1913 3611 2193 3709 αὖτοῦ,”
2256 3612 2737 3714 ἀπερίτμητσν
2799 3612 3047 3716 λέγων

632 3734 760 3817 τὸν
796 3732 1228 3838 ἀκάθαρτον.
1305 3733 1708 3839 ἀκάθαρτος
1758 3733 1834 3816 δὲ
1878 3733 2061 3815 κατά
2095 3747 2180 3838 γε
2235 3733 2368 3838 τὴν
2410 3735 2670 3815 οἰκείαν
2716 3735 2952 3843 φύσιν
2997 3737 3045 3836 ἡ

633 3855 1101 3963 ἀνθρωπότης
1155 3859 1364 3940 νοοῖτ’
1421 3857 1513 3940 ἂν
1567 3858 1873 3944 εἰκότως.
1942 3859 2021 3940 τί
2066 3859 2212 3963 γὰρ
2270 3860 2314 3961 ἡ
2372 3859 2758 3963 ἀνθρώπου
2815 3857 3048 3967 φύσις

635 3989 731 4070 ὡς
781 3982 964 4088 πρὸς
1012 3982 1145 4085 τὴν
1192 3986 1501 4065 ε’νοῦσαν
1555 3986 1660 4093 τῷ
1706 3990 1873 4092 Θεῷ
1925 3984 2431 4088 καθαρότητα;
2512 3987 2624 4064 δεῖ
2659 3991 3051 4088 τοιγαροῦν

634 4110 764 4192 οὐκ
825 4107 1338 4213 ἀπεριτμήτους
1397 4108 1520 4207 ἔτι,
1582 4108 1979 4206 τουτέστιν,
2041 4108 2487 4212 ἀκαθάρτους
2547 4105 3047 4212 τυγχάνοντας
3076 4136 3158 4196 30

714 4391 800 4450 18.
833 4388 948 4462 ἰπὶ]
977 4398 1035 4456 -Ι-
1064 4395 1139 4466 τῷ
1165 4390 1211 4447 I.
1533 4406 1619 4445 21.
1654 4387 1831 4480 ἁγίας]
1866 4394 1923 4454 -Ι-
1952 4388 2112 4444 αὐτοῦ
2133 4405 2185 4444 a.
2509 4403 2597 4443 22.
2632 4388 2728 4441 τοῦ
2751 4384 2865 4442 me
2889 4387 3055 4476 αὐτὸν

634 4463 924 4551 μυστηρίου
951 4461 995 4517 1.
1020 4480 1070 4518 8.
1355 4476 1443 4532 23.
1477 4459 1687 4529 αὗτὸςὴ
1657 4463 1776 4531 ημῖν
1795 4476 1978 4514 assum
2019 4470 2138 4515 tum
2162 4477 2228 4514 ex
2254 4458 2321 4514 Ε.
2609 4474 2697 4525 24.
2721 4479 2978 4548 geva-'eos
3006 4458 3052 4513 Ῑ.

632 4556 868 4604 μωυσεος
894 4532 960 4590 Ε.
1247 4533 1333 4587 28.
1371 4530 1523 4586 νοοῖτ’
1550 4531 1670 4587 Ε..Ι
1694 4548 1745 4585 8.
1770 4552 1939 4586 νοοιτο
1993 4528 2069 4587 d.
2354 4545 2444 4600 30.
2475 4528 2554 4584 ἔτι
2578 4535 2702 4600 post
2724 4528 3053 4602 σκαθαρτους

635 4613 1000 4677 transponunt
1027 4603 1071 4658 1.
1096 4620 1146 4658 8.
