3269 5166
303 387 634 427 Batauum

1138 371 1461 430 INDEX
1545 371 1919 432 RERUM.

2603 378 2720 435 633

379 552 761 629 unionemque
820 555 1109 629 quomodo
1170 555 1277 612 scit
1331 554 1463 630 Ipse
1566 554 1765 613 Gloria
1804 556 1990 613 inanis
2031 576 2145 614 non
2190 575 2413 631 semper
2449 564 2554 621 est,
2586 555 2721 631 quid

386 655 507 710 823
538 652 598 709 b.

297 748 457 806 Filiis
486 749 787 825 indulgent
815 759 1008 825 patres
1038 754 1155 809 222
1186 770 1234 808 c.

298 845 616 923 Flagellum
668 848 1060 906 venditoribus
1118 850 1177 907 in
1227 850 1460 909 aedibus

379 945 557 1002 sacris
586 964 622 1002 a
647 945 882 1005 Christo
909 947 1244 1013 immissum,
1274 967 1460 1025 poena

381 1042 602 1099 servilis
641 1042 699 1099 in
728 1062 829 1101 eos
856 1044 952 1119 qui
980 1045 1187 1103 Filium
1225 1046 1455 1105 liberta-

382 1148 501 1197 tem
548 1140 781 1200 dantem
818 1160 936 1199 non
974 1145 1295 1219 acceperint
1343 1149 1456 1204 139

384 1256 419 1295 a
472 1238 562 1295 vel
578 1238 926 1298 ,ludaeorum
944 1242 1266 1316 rejectionis
1285 1251 1458 1321 typus

392 1339 507 1393 140
538 1355 570 1393 c
587 1335 642 1395 d.

304 1433 661 1491 Fluminibus
730 1446 1130 1511 comparantur
1191 1438 1456 1516 Evange-

385 1530 553 1588 listae
580 1542 1092 1610 praeceptoresque
1122 1538 1242 1593 470
1271 1556 1323 1594 a.

303 1628 611 1697 Foeminis‚
641 1648 748 1687 nec
776 1630 958 1687 solum
989 1633 1253 1690 masculis
1281 1633 1457 1692 vitam

381 1727 583 1785 tribuit
611 1727 851 1786 Creator
884 1733 998 1788 193
1028 1731 1087 1789 b.

304 1824 507 1882 Fortes
554 1827 881 1902 strenuique
927 1827 999 1885 ad
1042 1830 1372 1903 patiendum
1417 1832 1455 1889 ii

386 1925 480 1997 qui
511 1922 725 1981 Christi
755 1933 888 1983 sunt
918 1930 1034 1984 257
1066 1927 1120 1985 d.

307 2020 472 2096 Fuga
515 2021 819 2097 aliquando
875 2022 1027 2079 utilis
1073 2027 1192 2082 210
1222 2043 1254 2081 c
1319 2034 1376 2082 et
1424 2046 1455 2084 e

384 2119 661 2178 charitate
691 2123 825 2178 271.

852 2367 908 2423 G

307 2510 610 2570 Gnatam
707 2511 748 2570 J
753 2513 964 2572 udaeos
1073 2514 1457 2573 condemnant

390 2614 507 2670 203
537 2631 588 2670 a.

307 2707 591 2766 Gaudium
635 2709 944 2785 perfectum
990 2711 1280 2768 Christum
1331 2730 1456 2770 esse

387 2805 572 2864 Deum
600 2825 949 2882 cognoscere
977 2810 1096 2866 979
1127 2808 1183 2866 d.

306 2901 750 2963 Generationem
820 2906 1132 2966 Salvatoris
1187 2904 1452 2964 Divinam

386 3001 669 3077 explicare
699 3002 758 3061 S.
790 3002 831 3061 J
835 3005 1034 3063 oannis
1064 3008 1100 3061 8
1124 3024 1174 3061 c.

307 3096 619 3157 Generatio
674 3100 801 3158 Filii
848 3103 1102 3160 Aeterna
1155 3121 1226 3160 ex
1285 3102 1455 3159 Patre

393 3197 508 3253 169
551 3215 587 3253 a
614 3196 653 3255 b
738 3198 945 3274 duplex
992 3218 1027 3255 a
1076 3199 1243 3257 Patre
1290 3207 1351 3256 et
1397 3199 1454 3256 in

387 3310 557 3351 carne
586 3298 702 3353 447
726 3296 764 3353 b
780 3315 812 3353 c
830 3294 885 3352 d.

306 3399 343 3422 “
369 3390 679 3449 Generatio
699 3393 734 3415 ”
765 3391 892 3450 Filii
912 3394 1334 3452 subsistentiam
1357 3413 1457 3452 seu

385 3488 562 3546 vitam
588 3489 872 3566 significat
900 3495 1019 3549 446
1049 3511 1101 3559 e,
1132 3496 1249 3550 447
1280 3511 1331 3550 a.

310 3587 583 3646 Genitum
645 3597 706 3647 et
767 3590 1087 3667 ingenitum
1130 3591 1337 3649 collata
1376 3591 1453 3649 iii.

393 3690 532 3754 371,
563 3688 638 3747 cf.
670 3687 748 3748 iii.
782 3692 917 3748 367.

310 3781 516 3842 Gladio
540 3785 627 3843 uti
655 3805 769 3843 non
800 3786 1072 3844 debemus
1106 3790 1260 3846 1016
1290 3806 1335 3845 c.

309 3879 555 3938 Gloriari
625 3901 740 3940 non
811 3882 1037 3951 debent,
1095 3884 1191 3960 qui
1246 3885 1461 3943 Christi

389 3980 635 4056 vestigia
667 3982 825 4057 sequi
853 3982 1048 4049 velint,
1079 3981 1313 4040 Christo
1355 3981 1459 4039 soli

389 4077 615 4152 placere
643 4079 939 4137 studentes
968 4083 1087 4138 294
1117 4079 1171 4136 d.

319 4175 577 4235 Gloriam
600 4178 908 4236 humanam
930 4180 1024 4256 qui
1048 4188 1340 4255 quaerant,
1362 4180 1399 4237 ii
1428 4199 1464 4237 a

392 4274 517 4332 Deo
545 4274 725 4353 gloria
751 4284 947 4345 carth
977 4279 1094 4334 262
1125 4296 1157 4334 e
1219 4277 1459 4354 gloriam

391 4371 702 4430 humanam
729 4373 1117 4449 honoremque
1144 4393 1258 4432 non
1289 4394 1458 4451 quae-

393 4470 634 4527 rendum
700 4471 803 4529 sed
869 4472 1060 4547 potius
1125 4471 1462 4532 humilitatis

395 4568 661 4642 graviora
689 4571 806 4627 287
835 4568 891 4641 1),
921 4569 992 4627 cf.
1018 4574 1153 4628 344.

459 4679 604 4728 vot..
637 4682 740 4726 111.

1645 653 1720 710 sit
1749 652 2001 729 quisque,
2032 653 2320 712 declarare
2342 656 2482 711 489.

1564 749 1763 808 Gloria
1819 752 1926 810 Dei
1982 753 2043 809 id
2099 753 2251 828 quod
2307 769 2543 828 peccare
2601 770 2719 807 non

1643 857 1838 925 potest
1866 849 1932 907 M
1968 853 2020 908 3.

1563 945 1931 1004 Glorificatur
1957 947 2128 1005 Pater
2154 947 2213 1004 in
2248 948 2411 1013 Filio,
2443 946 2620 1004 Filius
2661 947 2717 1003 in

1643 1046 1811 1104 Patre
1843 1049 1959 1105 746
1989 1047 2100 1112 ab.
2132 1050 2418 1106 946-950
2489 1046 2660 1103 Pater
2686 1064 2722 1102 a

1644 1144 1785 1201 Filio
1829 1147 1946 1202 957
1979 1163 2028 1214 a,
2075 1147 2193 1202 958
2236 1144 2382 1201 bcd
2465 1142 2525 1199 in
2575 1143 2719 1203 Filio

1648 1243 1762 1299 961
1797 1260 1852 1298 a.

1560 1338 1964 1396 Glorificantes
2004 1339 2209 1405 Deum,
2251 1347 2311 1395 et
2352 1357 2460 1396 nos
2504 1339 2720 1413 glorifi-

1644 1435 1798 1493 cabit
1825 1435 1927 1493 Ille
1960 1440 2076 1495 746
2107 1455 2158 1501 c,
2191 1440 2310 1494 955
2341 1454 2373 1492 c
2394 1436 2450 1493 d.

1559 1534 1962 1591 Glorificamus
2003 1534 2189 1591 Deum
2240 1552 2355 1590 non
2413 1551 2519 1589 nos
2563 1532 2717 1609 ipsos

1642 1631 1740 1707 qui
1767 1631 1913 1689 bene
1940 1631 2198 1689 vivamus
2228 1634 2350 1690 955
2380 1649 2429 1688 c.

1559 1729 1767 1787 Graeci
1824 1731 2140 1801 veritatem,
2195 1732 2256 1785 τὸ
2324 1728 2543 1786 bonum
2613 1745 2717 1785 seu

1633 1828 1853 1903 justum
1898 1846 2167 1904 quaerere
2210 1826 2480 1884 simulant
2519 1829 2636 1885 405
2667 1843 2715 1897 e,

1645 1928 1763 1983 406
1795 1944 1844 1982 a.

1559 2020 1914 2079 Graecorum
1956 2023 2262 2089 sententia,
2305 2042 2395 2080 res
2438 2023 2719 2080 humanas

1640 2118 1797 2176 horis
1863 2137 1988 2177 esse
2058 2119 2362 2194 subjectas,
2422 2120 2717 2195 impietate

1640 2215 1807 2291 plena
1828 2219 1946 2274 453
1983 2216 2280 2274 arbitrium
2301 2215 2540 2273 liberum
2560 2235 2716 2273 ever-

1641 2314 1712 2371 tit
1742 2317 1860 2372 453
1893 2333 1942 2380 e,
1981 2316 2099 2371 454
2164 2312 2567 2370 absurdissima
2598 2317 2715 2371 455

1643 2411 1961 2478 εἰν-457,
1994 2415 2111 2469 458
2142 2411 2305 2469 bcd.

1561 2508 1764 2566 Gratia
1810 2510 2026 2567 Divina
2068 2518 2129 2567 et
2170 2508 2470 2567 ineffabilis
2521 2509 2714 2566 Salva·

1640 2606 1780 2663 toris
1828 2607 2018 2665 verbis
2080 2608 2368 2666 auditores
2423 2607 2715 2665 emulcens

1649 2707 1761 2763 132
1812 2723 1845 2761 e
1921 2704 2030 2760 Dei
2075 2706 2148 2762 ad
2202 2706 2495 2765 Christum
2542 2704 2720 2762 trahit

1645 2805 1763 2859 345
1792 2802 1881 2859 bc
1935 2818 2051 2859 non
2080 2802 2137 2858 vi
2170 2805 2289 2860 246
2319 2802 2377 2859 b.

1560 2898 1762 2956 Gratia
1790 2897 1974 2955 amitti
2001 2891 2207 2973 potest'
2225 2901 2343 2956 789
2372 2917 2405 2955 a
2422 2899 2482 2956 b.

1559 2994 1885 3053 Gratiarum
1958 2995 2108 3052 actio
2190 3014 2259 3052 ea
2326 3013 2469 3070 quae
2541 3012 2718 3070 super

1640 3111 1868 3150 mensas
1988 3099 2281 3167 ponuntur
2396 3092 2715 3149 sanctificat

1646 3192 1763 3248 282
1791 3197 1840 3247 e'.

1560 3288 1781 3346 Graves
1836 3305 1927 3344 res
1983 3287 2072 3344 vel
2139 3286 2391 3343 animum
2463 3285 2716 3344 sobrium

1645 3384 1948 3442 deturbare
1975 3392 2239 3459 potentes
2273 3386 2427 3442 1064
2459 3403 2508 3442 e.

2106 3628 2163 3685 H

1563 3775 1966 3833 Hunni-mus
2017 3776 2225 3834 citatur
2264 3779 2381 3834 785
2412 3776 2467 3849 d,
2513 3780 2628 3835 788
2659 3777 2714 3842 b,

1648 3876 1763 3931 792
1795 3892 1847 3939 c,
1881 3876 1998 3932 794
2027 3892 2078 3946 e,
2116 3878 2231 3933 797
2262 3894 2314 3941 a,
2353 3877 2469 3933 798
2498 3874 2557 3942 b,
2595 3877 2713 3934 846

1644 3970 1800 4036 cde,
1833 3973 1949 4029 848
1981 3970 2037 4042 d,
2069 3974 2188 4031 860
2219 3990 2252 4028 c
2274 3971 2325 4029 d.

1561 4066 1849 4124 Haeretici
1880 4077 2081 4125 eontra
2107 4068 2309 4124 Filium
2331 4067 2459 4136 Dei,
2477 4087 2547 4125 ea
2567 4086 2715 4143 quae

1642 4164 2000 4239 perversitati
2028 4184 2162 4223 suae
2197 4165 2387 4224 favere
2416 4166 2714 4224 videantur

1645 4262 1949 4339 dilig-enter
2044 4273 2477 4339 persequuntur.
2569 4283 2714 4338 quae

1644 4369 1832 4417 autem
1904 4360 2031 4417 Filii
2089 4361 2245 4418 Patri
2311 4359 2711 4435 aequalitatem

1645 4456 1957 4532 proferant,
1987 4476 2055 4515 ea
2085 4458 2309 4517 silentio
2339 4476 2548 4533 magno
2577 4475 2713 4514 con-

1645 4553 1788 4612 dunt
1817 4558 1892 4613 47
1924 4555 1978 4613 d.

1459 4683 1584 4747 4¹1
