3269 5166
226 343 340 384 vm
370 342 548 406 9-12.
634 323 739 388 ΙΝ
788 303 920 389 E‘P.
960 324 1018 388 1.
1072 323 1200 386 AD
1253 321 1840 388 mammos,
1918 321 2095 387 ΜΒ.
2127 322 2248 387 IV.
2447 325 2576 389 2¹77
2627 422 2704 490 [⁶
2759 422 2884 489 u]

2709 439 2728 474 Ι
2824 457 2838 472 .

261 562 518 632 Βλέπετε
570 567 637 632 δὲ
675 568 911 644 μήπως
964 567 1003 631 ἡ
1058 565 1320 635 ἐξουσία
1375 566 1557 642 ὑμῶν
1612 567 1774 632 αὕτη
1828 566 2217 654 πρόσκομμα
2272 567 2534 641 Γενηται
2606 590 2643 646 9

1082 688 1219 758 τοῖο
1272 692 1673 758 ἀσθενοῦσιν.

314 838 871 944 Ἀδιαφοροῦντες
917 841 1080 940 περὶ
1127 835 1212 917 τὸ
1255 836 1521 916 ἐσθίειν
1563 833 1659 927 τὰ
1714 835 2040 939 ἱερόθυτα
2095 839 2212 916 καὶ
2267 870 2583 917 συνανα-

220 967 472 1044 κεῖσθαι
529 969 674 1047 τοῖς
730 961 1064 1046 ἀπίστοις
1118 963 1194 1040 ἐν
1248 966 1394 1044 τοῖς
1450 965 1678 1063 ἱεροῖς,
1732 959 2153 1040 σκανδάλου
2204 959 2585 1067 πρόφασιν

170 1115 199 1173 5
219 1084 553 1164 ἐποιοῦντό
619 1119 773 1165 τισι
836 1088 964 1184 τῆς
1018 1087 1287 1166 ἑαυτῶν
1339 1080 1784 1187 ἑδραιότητος
1854 1083 1986 1182 τὴν
2041 1084 2399 1190 ἐπίδειξιν.
2479 1089 2591 1165 δεῖ

220 1205 344 1310 γὰρ
397 1209 520 1288 οὐκ
576 1210 690 1315 ἐφ’
733 1205 1008 1289 ἅπασιν
1044 1209 1204 1288 οὔτε
1256 1206 1397 1314 ἔξω
1435 1215 1680 1311 καιροῦ
1726 1210 1842 1287 καὶ
1878 1207 2296 1310 ἀδιακρίτως
2330 1213 2420 1312 τῇ
2455 1211 2583 1307 τῆς

218 1331 501 1417 πίστεως
555 1331 853 1439 ἐξουσίᾳ
908 1334 1505 1435 κατακεχρῆσθαι,
1558 1328 1801 1412 πάντα
1854 1329 1931 1411 δὲ
1984 1338 2273 1429 μᾶλλον
2316 1332 2580 1436 εὐσχη-

218 1455 423 1551 μόνως
455 1456 716 1558 πρέποι
751 1452 840 1535 ἂν
875 1455 1204 1558 γίνεσθαι
1238 1452 1419 1557 πρὸς
1455 1453 1682 1555 ἡμῶν.

221 1692 422 1761 Οὕτως
465 1695 535 1764 δὲ
582 1698 1075 1785 ἁμαρτάνοντες
1112 1692 1206 1761 εἷο
1245 1696 1399 1762 τοὺς
1433 1693 1769 1783 ἀδελφοὺς
1816 1693 1924 1760 καὶ
1966 1696 2317 1762 τύπτοντες
2362 1695 2581 1763 αὐτῶν
2615 1728 2685 1770 12

137 1843 197 1885 10
434 1824 549 1887 τήν
588 1821 955 1889 συνείδησιν
991 1822 1414 1903 ἀσθενοῦσαν,
1450 1817 1545 1886 εἰσ
1582 1821 1857 1909 Χριστὸν
1893 1821 2325 1910 ἁμαρτάνετε.

309 1989 898 2093 Σκανδαλίζοντες
950 1985 1319 2096 ἀδελφους,
1377 2024 1470 2075 εις
1526 1988 1743 2069 αὐτον
1796 1988 2423 2088 πλημμελήσομεν
2457 1988 2586 2069 τὸν

216 2110 368 2212 υτὲρ
417 2116 540 2211 τῆς
594 2112 936 2193 ἁπάντων
990 2114 1192 2213 ἡμῶν
1244 2112 1608 2216 σωτηρίας
1654 2116 2007 2192 τεθνεῶτα
2042 2112 2337 2217 Χριστον,
2375 2113 2463 2193 οὗ
2516 2114 2594 2192 τί

216 2230 292 2312 ἂν
319 2235 583 2335 γένοιτο
623 2271 711 2316 το
750 2242 1189 2317 ἶσοστατοῦν
1226 2235 1582 2335 ἀδίκημα·
1564 2298 1584 2331 ,
1644 2238 2043 2317 ἀπόλλυται
2079 2234 2223 2338 γὰρ
2254 2245 2283 2318 ὁ
2313 2234 2588 2318 &ovam
2610 2280 2714 2315 ver.
2733 2277 2810 2317 ιι.

216 2355 267 2436 ἓν
303 2361 378 2466 τῇ
423 2368 506 2470 σῇ
559 2359 829 2463 yda-ec,
865 2362 983 2441 καὶ
1036 2361 1329 2462 γέγονεν
1383 2359 1587 2460 ἡμῶν
1639 2359 1952 2461 ἁμαρτία
2003 2357 2089 2439 τὸ
2136 2359 2433 2462 ἀγαθὸν,
2471 2362 2587 2439 καὶ

141 2507 199 2570 15
218 2479 607 2563 σκάνδαλον
667 2485 1013 2590 ἀδελφοῖς
1064 2484 1112 2582 ἡ
1165 2485 1294 2582 τῆς
1350 2482 1670 2565 πίστεως
1722 2478 2106 2583 ἑδραιότης,
2148 2486 2265 2562 καὶ
2319 2479 2589 2588 βόθρος

217 2602 257 2700 ἦ
292 2613 571 2705 γνῶσις.

315 2731 807 2836 Παγχάλεπσν
839 2729 925 2811 τὸ
959 2737 1285 2832 πρᾶγμα·
1356 2727 1580 2829 μόνον
1616 2728 1760 2832 γὰρ
1798 2730 1959 2835 οὐχὶ
1995 2735 2148 2815 ταῖς
2184 2736 2329 2810 τῶν
2364 2733 2582 2811 ἀδελ-

220 2852 359 2952 φῶν
381 2853 781 2937 ἀσθενείαις
805 2850 1248 2933 ἐνάλλεσθαι
1282 2854 1402 2932 καὶ
1435 2854 1594 2956 οὐχὶ
1630 2855 1986 2951 μᾶλλον’
1949 2887 2026 2933 εν
2050 2857 2341 2958 σπουδῇ
2365 2861 2588 2934 ποιεῖ-

219 2978 372 3054 σθαι
421 2978 505 3056 τὸ
560 2973 870 3061 ἀσθενὲς
922 2977 1159 3056 αὐτῶν
1207 2972 1534 3059 συνειδος
1588 2977 2008 3080 ἐπιῤῥῶσαι·
2077 2980 2190 3056 δεῖ
2224 2973 2370 3078 γὰρ
2418 2985 2466 3023 “
2489 2974 2591 3079 μὴ
2617 3001 2766 3053 Rom.
2792 3002 2895 3054 xiv.

142 3126 201 3170 ιο
221 3100 534 3180 “τιθε’ναι
588 3097 1041 3202 πρόσκομμα
1075 3104 1181 3206 τῷ
1216 3095 1595 3204 ἀδελφῷ*
1558 3134 1605 3198 η
1653 3096 2132 3196 σκάνδαλον,”
2181 3100 2593 3184 ἐννοοῦντας
2620 3081 2700 3131 δ’

218 3217 291 3298 τὸ
320 3221 811 3327 γεγραμμένον
847 3233 891 3271 “
915 3221 1049 3322 Μὴ
1077 3221 1658 3328 καταφρονεῖτε’
1620 3255 1777 3305 ενος
1811 3228 1956 3303 τῶν
1988 3227 2263 3325 μικρῶν
2298 3222 2591 3321 τούτων,
2617 3250 2670 3301 S.
2688 3249 2882 3301 Μιιιιι.

220 3350 256 3387 “
285 3342 379 3425 ὅτι
434 3381 499 3426 οι
554 3347 866 3449 αγγελοι
899 3346 1133 3426 αυτῶν
1170 3342 1289 3425 διὰ
1328 3378 1599 3429 παντος
1642 3343 2007 3437 βλέπουσι
2054 3343 2139 3424 τὸ
2193 3344 2592 3448 πρόσωπον
2615 3316 2756 3367 ”fii
2778 3330 2856 3368 ¹⁰

220 3473 401 3548 “rofi
437 3465 804 3573 Πατρός.”
877 3465 1029 3548 εἶτα
1082 3474 1238 3551 πῶς
1293 3468 1379 3547 οὐ
1429 3467 1912 3573 παγχάλεπον
1945 3471 2062 3548 καὶ
2117 3468 2304 3571 πρὸς
2358 3470 2593 3550 αὐτῶν

221 3587 380 3685 ἡμᾶς
430 3597 989 3695 κατηγορεῖσθαι
1037 3597 1183 3672 τῶν
1220 3590 1443 3694 ἁγίων
1478 3589 1846 3693 ἀγγέλων,
1890 3593 1988 3675 ὡς
2042 3598 2197 3675 ταῖς
2252 3594 2593 3698 ἀδελφῶν

150 3732 204 3793 ²5
222 3709 588 3801 ἀσθενείαις
644 3718 1030 3819 μονονουχὶ
1081 3717 1198 3794 καὶ
1242 3714 1785 3812 εναλλομενους,
1828 3716 1947 3794 καὶ
1982 3714 2141 3819 οὐχι
2176 3712 2266 3815 δὴ
2302 3721 2595 3813 μᾶλλον

224 3839 650 3937 ποιουμένους
746 3840 825 3918 ἐν
917 3840 1204 3944 σπουδῇ
1293 3833 1381 3916 τὸ
1473 3834 1775 3920 ἀσθενες
1868 3836 2105 3917 αὐτῶν
2196 3839 2593 3942 ἐπιρῤῶσαι

225 3960 562 4058 συνειδόςς
