3269 5166
208 339 344 404 xxi.
369 340 519 405 1—6.
609 339 726 404 IN
786 339 858 404 8.·
902 338 1420 405 JOANNEM.
1511 337 1706 404 LIB.
1752 338 1915 403 XII.
2004 339 2210 405 CAP.
2260 340 2316 404 Ι.
2495 339 2622 402 159

210 506 309 588 ὦς
346 505 465 583 καὶ
504 502 633 583 τὸν
668 509 813 583 τῶν
846 502 1073 607 ἁγίων
1108 508 1505 607 προφητῶν
1540 504 1892 603 ἀτονῆσαι
1926 501 2179 605 λόγον.
2251 499 2617 604 τοιγάρτοι

208 629 327 707 καὶ
383 624 677 729 ἕκραῷν
733 637 776 674 “
807 627 1048 730 Κύριε,
1086 628 1194 711 τίς
1244 626 1623 707 ἐπίστευσε
1672 632 1762 731 τῇ
1808 628 1990 732 ἀκοῇ
2040 627 2244 726 ἡμῶν
2270 626 2333 723 ;”
2391 627 2611 728 Ἱερε-
2708 646 2957 697 mmm.

211 751 384 849 μίας
440 749 517 833 δὲ
571 749 800 832 πάλιν
854 762 899 799 “
923 751 1144 849 Οῗμω
1199 749 1361 852 ἐγω,
1411 755 1658 854 μῆτερ,
1714 752 1813 834 ὦς·
1863 747 2026 831 τινά
2077 784 2167 845 με
2223 750 2446 834 ἔτεκες
2493 748 2619 829 ἅν-
2706 745 2852 860 ἔξω·
2875 761 2962 794 ¹*-

209 883 255 921 “
292 877 431 975 δρα
489 873 943 977 δικαζόμενον
999 878 1113 955 καὶ
1171 874 1704 978 δικαρινόμενον
1758 875 1835 954 ἐν
1889 873 2096 980 πάσῃ
2149 879 2242 980 τῇ
2292 880 2412 980 γῇ,
2457 875 2616 955 οὔτε
2641 909 2679 948 a
2707 893 2852 948 1115
2875 891 2955 947 A.

145 1008 255 1085 5“
292 997 677 1106 ὦφέλησα,
712 1001 872 1079 οὔτε
910 998 1265 1105 ὦφέλησέ
1309 1033 1399 1097 με
1451 999 1701 1082 οὐδείς·
1766 1000 1812 1098 ἡ
1865 998 2078 1104 ἰσχύς
2112 1034 2252 1098 μου
2288 998 2618 1105 ἐξέλιπεν

208 1135 257 1171 “
293 1125 371 1203 ἐν
406 1129 556 1207 τοῖς
605 1124 1127 1227 καταρωμένας·
1168 1156 1283 1221 με.
1405 1129 1559 1206 πῶς
1612 1122 1739 1201 οὖν
1791 1123 1920 1203 οὐκ
1968 1125 2044 1202 ἐν
2081 1122 2222 1230 ἴσῳ
2260 1128 2621 1204 τεθεῖσθαι

210 1248 371 1347 δοίη
433 1281 543 1330 τις
605 1244 697 1326 ἂν
768 1254 916 1332 τοῖς
981 1246 1317 1345 μηδόλως
1377 1244 1900 1348 τεθηρευμένοις
1969 1243 2099 1326 τὸν
2171 1250 2426 1346 ἀπειθῆ
2502 1248 2621 1327 καὶ

210 1373 557 1474 δυσήνιον
587 1372 918 1478 Ἰσραὴλ,
956 1372 1073 1454 ὅτε
1121 1377 1239 1453 καὶ
1289 1372 1506 1454 αὐτὸν
1550 1370 1681 1453 τὸν
1717 1372 2172 1476 διορισθέντα
2222 1371 2339 1453 διὰ
2379 1378 2614 1453 Μωυ·
2727 1408 2730 1413 ·

210 1497 400 1583 σε’ως
434 1496 797 1599 πεπάτηκε
835 1498 1101 1598 νόμον;
1164 1498 1275 1577 ὅτι
1324 1495 1400 1578 δὲ
1436 1500 1554 1577 καὶ
1592 1493 1774 1597 αὐτῆ
1809 1501 1958 1577 τῶν
1991 1498 2217 1576 ἐθνῶν
2253 1497 2298 1595 ἡ
2335 1495 2617 1598 πληθὺς

106 1652 186 1695 ιο
212 1622 700 1724 ἆσαγήνευτός
755 1657 833 1702 τε
878 1620 969 1722 ἦν
1002 1620 1130 1719 ἔτι,
1173 1624 1291 1702 καὶ
1328 1625 1455 1721 τῆς
1499 1626 1645 1701 τῶν
1684 1621 1893 1701 θείων
1929 1620 2374 1721 μαθημάτων
2407 1656 2613 1724 περι-

208 1749 446 1845 βολῆς
497 1745 639 1852 ἔξω
693 1747 1014 1845 μένουσα
1065 1751 1463 1842 παντελῶς,
1513 1744 1794 1829 οὐδενὸς
1844 1742 1935 1824 ἂν
1985 1744 2155 1844 ἡμῖν
2205 1741 2389 1846 πρὸς
2435 1743 2619 1827 ἀπό.

210 1869 436 1976 δειξιν
472 1869 725 1970 δεήσαι
776 1868 1027 1972 λόγου.
1106 1868 1390 1954 ἐκείνοις
1446 1869 1572 1948 οὖν
1609 1868 1752 1972 ἄρα
1797 1865 2062 1952 σκότος
2111 1867 2204 1970 ἦν
2236 1871 2313 1949 ἐν
2362 1870 2620 1976 καρδίᾳ

211 1996 333 2075 καὶ
378 1990 520 2101 νὺξ
570 1992 974 2093 διαβολικὴ,
1005 1993 1090 2073 τὸ
1145 1997 1274 2094 τῆς
1327 1995 1646 2094 ἀληθοῦς
1696 1995 2140 2095 θεογνωσίας
2194 1992 2618 2100 ἐξείργουσα
2644 2013 2689 2079 b

214 2122 401 2222 φῶς.
480 2118 733 2197 οὐκοῦν
771 2112 853 2198 δι’
893 2118 1054 2212 ἴλης
1094 2120 1194 2201 ὡς
1236 2116 1404 2201 ἔπος
1447 2122 1671 2198 εἰπεῖν
1709 2112 2169 2203 κοπιάσαντες
2212 2115 2329 2210 τῆς·
2367 2117 2618 2212 νυκτὶς,

112 2266 188 2324 ¹5
215 2240 486 2344 ἰχθύων
541 2241 644 2321 ἔτι
696 2241 1148 2346 χηρεύουσαν
1202 2238 1335 2341 τὴν
1391 2238 1725 2343 σαγήνην
1779 2237 1974 2346 εἶχον
2037 2239 2171 2339 τὴν
2231 2239 2494 2340 νοητὴν
2553 2274 2621 2320 οι

211 2396 361 2465 προ
404 2366 531 2462 τῆς
567 2365 963 2465 ἐπιδημίας·
1042 2399 1304 2474 πρωιας
1361 2360 1435 2446 δε
1488 2399 1859 2470 γενομενης,
1898 2362 2251 2462 τουτέστι,
2289 2368 2623 2445 διαλελυ-

214 2488 434 2588 μένης
468 2486 606 2590 ἤδη
651 2491 780 2590 τῆς
826 2491 1246 2589 διαβολικῆς
1282 2487 1554 2595 ἀχλύος
1590 2490 1710 2568 καὶ
1745 2488 2174 2593 ἀνίσχοντος
2215 2496 2343 2568 τοῦ
2379 2485 2622 2595 φωτος

215 2620 349 2692 τοῦ
406 2615 776 2713 ἀληθινοῦ,
831 2617 1056 2713 δῆλον
1113 2611 1288 2693 δὲιγ
1247 2647 1359 2693 οτι
1413 2617 1766 2716 Χριστοῦ,
1822 2612 2224 2711 πυθομένου
2287 2647 2366 2694 τε
2422 2646 2621 2716 παρα

217 2741 367 2815 τῶν
401 2733 920 2817 κεκοπιακότων
959 2735 1093 2837 Μὴ
1131 2736 1275 2839 ἄρα
1309 2770 1380 2816 τι
1414 2742 1562 2816 τῶν
1599 2737 1826 2816 λίνων
1860 2736 2154 2842 ἔχουσιν
2188 2733 2405 2832 ἐντὸς,
2444 2736 2623 2836 ὅπερ

109 2888 191 2930 20
217 2855 309 2938 ἂν
356 2859 632 2961 γένοιτο
684 2859 931 2967 τροφὴ
975 2866 1079 2968 τῷ
1137 2858 1269 2961 τὴν
1328 2859 1674 2941 ἁπάντων
1729 2860 1934 2959 ἡμῶν
1989 2861 2356 2964 σωτηρίαν
2413 2860 2621 2939 οἷονεί

2546 2977 2568 3007 ἱ

214 2988 547 3063 πεινῶντι
584 2985 773 3090 Θεῷ·
852 2989 1138 3087 βρῶσιν
1190 3018 1335 3087 γαρ
1373 2985 1634 3064 οἰκείαν
1679 2980 2053 3081 ὠνόμασεν
2104 2984 2149 3082 ἠ
2200 2979 2450 3088 γραφὴ
2487 3014 2676 3080 την
2709 2977 2879 3107 ῗζῑὲῗ

217 3110 682 3208 Σαμαρειτῶν
716 3107 1184 3212 ἐπιστροφήν*
1259 3110 1576 3210 ἐναργῶς
1616 3141 1697 3187 ’τε
1746 3113 1891 3187 τῶν
1933 3105 2408 3209 ἐρωτωμένων
2445 3110 2684 3186 &co-0

213 3228 738 3331 μολογηκότων
794 3235 891 3316 ὡς
946 3230 1150 3313 οῦδεν
1204 3231 1289 3312 τὸ
1343 3229 1727 3381 παράπανη
1745 3232 1947 3311 ἐστὶν
2002 3231 2261 3328 αὐτοῖς,
2307 3233 2688 3311 καθεῖναι

213 3352 446 3435 πάλιν
480 3352 831 3436 ἐπιτάττει
885 3394 959 3440 το
1018 3352 1284 3437 δίκτυον
1334 3364 1426 3443 εἰς
1474 3391 1570 3436 τοι
1613 3359 1727 3437 τοῧ
1771 3359 2014 3436 πλοίου
2062 3351 2277 3464 δεξιοί.
2359 3358 2623 3453 καθῆκε
2681 3413 2686 3420 ’

113 3504 191 3564 ²5
218 3474 353 3576 μὲν
401 3475 546 3582 γὰρ
583 3484 700 3600 καὶ
737 3480 777 3558 ὁ
812 3478 1157 3582 μακάριος
1197 3482 1530 3578 Μωυσῆς
1576 3477 1664 3559 τὸ
1719 3483 1847 3579 τῆς
1905 3477 2342 3632 ὑφηγήσεως
2395 3480 2623 3577 λίνον,

218 3600 340 3681 διὰ
397 3611 688 3701 νομικοῦ
743 3601 820 3683 δὲ
871 3602 1206 3704 δηλονότι
1257 3601 1727 3706 γράμματος··
1788 3606 1958 3683 ἀλλ’
2017 3602 2291 3707 ἐγένετό
2337 3639 2495 3690 πως
2547 3604 2624 3683 ἐν

217 3725 601 3823 εὐωνύμοις
664 3727 710 3826 ἡ
774 3724 980 3830 θήρα,
1046 3726 1423 3828 νοουμένης
1496 3730 1572 3807 ἐν
1639 3729 1841 3836 δεξιᾷ
1910 3731 2040 3828 τῆς
2095 3735 2225 3808 τοῦ
2287 3731 2625 3829 Σωτῆρος

217 3847 427 3948 ἡμῶν
480 3852 797 3951 ἐντολῆς.
876 3850 1131 3954 μείζων
1187 3851 1331 3955 γὰρ
1393 3852 1844 3955 ἀσυγκρίτως
1900 3853 2018 3931 καὶ
2073 3851 2377 3951 ἀμείνων
2441 3849 2624 3931 κατὰ
2669 3874 2674 3878 ’

215 3970 416 4053 πολὺ
467 3974 652 4054 κατά
700 4009 778 4055 τε
818 3972 1031 4075 τιμῆν
1076 3979 1194 4057 καὶ
1238 3974 1464 4084 δόξαν
1519 3983 1666 4056 τῶν
1719 3982 2026 4073 νομικῶν
2069 3973 2533 4073 ἐνταλμάτων
2576 3975 2622 4075 ἡ
2715 4034 2722 4040 -

108 4126 191 4185 3ο
216 4095 340 4176 διὰ
375 4101 707 4202 Χριστοῦ
762 4105 1021 4180 νοεῖται
1078 4101 1487 4197 παίδευσις,
1506 4101 1657 4180 ἐπεὶ
1702 4100 1820 4180 καὶ
1865 4105 2010 4179 τῶν
2045 4099 2291 4180 τύπων
2325 4098 2613 4202 προκεί-

216 4255 427 4303 σεται
488 4224 779 4308 πάντως
841 4224 889 4323 ἢ
948 4222 1270 4324 ἀλήθεια,
1334 4226 1450 4304 καὶ
1512 4223 1784 4304 οἰκέτου
1845 4221 2258 4324 Δεσπότης,
2316 4226 2433 4302 καὶ
2493 4230 2623 4303 τοῦ

288 4456 342 4515 5.
378 4441 523 4517 οὔτε]
550 4441 661 4499 οὔτ’
688 4442 757 4499 Ε.
972 4441 1019 4496 6.
1057 4450 1485 4514 museumptum
1513 4459 1578 4496 ex
1610 4442 1672 4497 E.
1900 4441 1982 4497 18.
2018 4463 2076 4496 τε
2099 4458 2282 4496 assum
2322 4451 2438 4496 tum
2463 4459 2529 4496 ex
2555 4439 2621 4496 E.

218 4528 305 4569 21.
341 4521 550 4572 πινόηι
576 4514 647 4571 Ε.
926 4529 1014 4582 23.
1050 4512 1216 4570 ἐκθεὶς
1237 4531 1335 4585 pro
1358 4512 1585 4569 καθεῖναι
1609 4511 1675 4569 Ε.
1943 4524 2030 4583 27.
2065 4509 2197 4582 θήρα
2222 4511 2287 4566 Ε.
2338 4549 2352 4565 .
2379 4510 2482 4566 Ed.
2508 4527 2621 4580 mg.

213 4583 475 4658 xpum.
