3269 5166
242 317 331 380 iv.
361 317 423 381 6.
632 317 737 380 IN
789 317 920 380 ΕΡ.
970 317 1063 381 ΙΙ.
1119 317 1245 380 AD
1300 316 1886 381 CORINTHIOS.
1965 315 2140 380 LIB.
2176 315 2268 379 II.
2521 317 2649 378 343

2829 412 2906 461 M.

242 491 290 527 “
330 487 490 583 φῶς
524 479 737 582 μέγα·
798 485 863 560 οἱ
901 488 1382 565 κατοικοῦντες
1419 483 1494 559 ἐν
1531 479 1734 585 χώρᾳ
1765 484 1882 559 καὶ
1917 482 2093 585 σκιᾷ
2128 477 2459 575 θανάτου,
2491 484 2649 585 φῶς
2698 412 2808 479 [93
2929 412 2954 478 ]

243 615 289 650 “
330 601 618 709 λάμψει
672 602 785 710 ἐφ’
825 604 1075 701 ὑμᾶς·”
1139 606 1255 682 καὶ
1303 605 1343 683 ὁ
1382 602 1768 685 θεσπέσιος·
1824 602 1901 683 δὲ
1938 603 2205 683 Δαυείδ
2249 611 2502 706 φησιν,
2552 605 2651 686 ὡς·

243 730 324 807 ἐκ
372 727 771 829 προσώπου
826 733 970 806 τῶν
1024 729 1098 806 ἐν
1154 725 1379 831 ἁχλύϊ
1429 729 1545 807 καὶ
1611 725 1856 834 σκότῳ
1898 724 2135 807 ““On
2200 727 2301 807 σὺ
2358 732 2649 834 φωτιεΐς
2675 746 2760 795 Pe.
2779 746 2900 796 xvii.

246 862 291 899 “
329 850 602 955 λύχνον
656 886 797 949 μου
834 849 1072 954 Κύριε,
1131 853 1172 930 ὁ
1208 849 1395 934 Θεός
1446 885 1586 945 μου
1639 856 1921 956 φωτιεΐς
1977 849 2061 930 τὸ
2116 849 2381 935 σκότος
2435 851 2645 949 μου.”
2680 826 2759 876 ²9·

180 997 218 1057 5
245 972 487 1073 ἐπειδὴ
542 973 618 1054 δὲ
676 973 1140 1075 πεπλήρωται
1203 974 1463 1055 λοιπὸν
1529 974 1642 1081 ἐφ’
1706 974 1873 1073 ἡμῖν
1936 975 1980 1072 ἡ
2051 970 2454 1078 ὑπόσχεσις·
2523 981 2654 1054 τοῦ

250 1096 563 1199 Πατρὸς,
603 1101 720 1176 καὶ
766 1096 850 1176 τὸ
900 1102 1090 1178 θεῖον
1126 1098 1294 1198 ἡμῖν
1332 1101 1449 1177 καὶ
1498 1098 1751 1197 νοητὸν
1789 1096 2138 1200 διηύγασε
2189 1105 2375 1203 φῶς,
2418 1096 2644 1198 ἐγνώ·
2681 1117 2772 1171 94
2800 1114 2895 1171 Μ.

249 1254 476 1318 καμεν
511 1221 730 1300 αὑτοῦ
764 1217 896 1320 τὴν
933 1220 1155 1328 δόξαν
1193 1223 1251 1302 ἐν
1288 1223 1629 1331 προσώπῳ
1670 1223 1969 1329 Χριστοῧ·
2031 1218 2181 1300 εἶτα
2219 1219 2414 1324 εἴπερ
2453 1215 2654 1301 ἐστὶν

250 1345 291 1422 ὁ
326 1341 657 1446 Χριστὸς
710 1345 795 1423 οὐ
850 1346 1067 1449 φύσει
1123 1379 1200 1425 τε
1256 1348 1373 1425 καὶ
1427 1351 1718 1444 ἀληθῶς
1755 1343 1963 1443 Θεὸς,
2014 1343 2146 1443 τὴν
2186 1351 2316 1423 τοῦ
2364 1341 2655 1446 Πατρὸς·

252 1467 479 1573 δόξαν
506 1470 582 1546 ἐν
611 1468 801 1575 αὐτῷ
840 1467 1275 1566 τεθεάμεθας
1322 1469 1547 1548 καίτοι
1583 1468 1924 1569 λέγοντος
1960 1468 2192 1549 ἀκούω
2230 1474 2493 1573 σαφῶς
2532 1476 2657 1547 τοῦ

153 1623 227 1662 10
252 1596 449 1671 Θεοῦ
497 1593 615 1669 καὶ
657 1589 945 1691 Πατρός
1004 1603 1047 1639 “
1074 1592 1232 1690 Τὴν
1283 1589 1506 1698 δόξαν
1542 1627 1683 1690 μου
1734 1590 1948 1700 ἑτέρῳ
1985 1592 2068 1671 οὗ
2119 1589 2407 1671 δώσω·”
2485 1593 2651 1670 ἀλλ’
2683 1600 2976 1650 Ee.11ii.8.

251 1711 407 1794 ἰδοὺ
465 1715 762 1794 δεδωκεν
818 1713 1038 1814 αὐτὴν
1093 1720 1196 1822 τῷ
1247 1720 1427 1823 Υὶῷ·
1520 1716 1655 1819 οὐχ
1710 1714 1943 1817 ἕτερος
2007 1716 2148 1818 ἆρα
2210 1717 2377 1819 παρ’
2442 1712 2658 1794 αὐτόν

251 1842 479 1935 ἐστιν,
515 1837 716 1937 πλὴν
752 1837 933 1918 ὅσον
980 1840 1056 1918 ἐν
1107 1839 1508 1919 ὑποστάσει
1561 1843 1675 1918 καὶ
1728 1838 1812 1918 τὸ
1869 1838 2210 1944 ὑπάρχειν
2248 1844 2502 1935 ἱδικῶς,
2541 1839 2656 1918 ἵνα

250 1960 353 2061 μὴ
410 1961 753 2066 φαίνηται
808 1960 1318 2066 ψευδοεπήσας
1369 1964 1408 2041 ὁ
1451 1961 1710 2066 Πατὴρ
1764 1966 1866 2070 τῷ
1921 1963 2260 2071 προσώπῳ
2310 1970 2438 2042 τοῦ
2473 1968 2654 2043 Υὶοῦ

250 2085 385 2186 τὴν
421 2087 608 2165 ἰδίαν
646 2085 869 2190 δόξαν
906 2089 1224 2188 προθεὶς,
1266 2089 1383 2165 καὶ
1435 2086 1545 2165 ὅτι
1580 2084 1767 2171 Θεὸς
1821 2084 2004 2165 κατὰ
2048 2086 2278 2193 φύσιν
2328 2089 2527 2167 ἐστὶν
2580 2088 2656 2165 ἐν

158 2240 226 2301 15
252 2210 450 2316 αὐτῷ
504 2243 583 2289 τε
639 2212 754 2288 καὶ
810 2210 895 2288 δι’
957 2209 1175 2289 αὐτοῦ
1224 2206 1772 2311 γινωσκόμενος·
1842 2212 2235 2312 πρόσωπος·
2292 2210 2436 2314 γάρ
2498 2213 2657 2290 ἐστι

252 2338 367 2415 καὶ
398 2332 608 2414 εἰκὼν
646 2336 761 2412 καὶ
812 2331 1262 2434 ἀπαύγασμα
1299 2337 1427 2432 τῆς
1481 2333 1955 2417 ὑποστάσεως
1995 2334 2236 2413 αὑτοῦ·
2309 2338 2425 2414 καὶ
2462 2337 2646 2415 ἀπο·

251 2447 694 2539 καλύπτεται
745 2455 877 2555 μὲν
932 2458 972 2535 ὁ
1007 2457 1181 2540 Υἱὸς·
1234 2455 1434 2560 παρὰ
1487 2461 1616 2536 τοῦ
1672 2457 1989 2560 Πατρὸς,
2033 2457 2523 2539 ἀποκαλύπτει
2579 2459 2654 2539 δὲ

255 2586 369 2663 καὶ
403 2581 618 2668 αὐτὸς
654 2580 823 2680 ἡμῖν
857 2582 933 2660 ἐν
970 2583 1196 2689 ἑαυτῷ
1231 2579 1358 2661 τὸν
1399 2577 1710 2683 Πατέρα.
