3269 5166
691 314 825 379 474
1344 318 1422 384 B.
1467 316 1844 382 CYRILLI
1903 314 2427 381 ALEXANDR.

355 504 614 556 anath.
691 479 788 561 ὦς
822 478 1165 583 ὀκνηρός·
1143 541 1167 578 ,
1230 489 1276 529 “
1297 477 1507 561 Ἔδει
1560 514 1649 561 σε
1704 479 1869 631 γὰρ,
1908 481 2119 583 φησὶ,
2157 483 2592 575 καταβαλεῖν
2628 474 2713 556 τὸ
2749 467 3070 623 ἀργύριόν

501 580 582 635 ²⁶⁷
691 609 912 698 “μου
958 610 1109 687 τοῖς
1155 601 1621 753 τραπεζίταις,
1659 601 1858 705 κάγὼ
1905 601 2210 683 ἐλθὼν’
2174 598 2619 750 εκομισοὶμην
2655 596 2748 678 ἂν
2789 632 2873 678 το
2917 594 3072 696 ἐμὸν

712 722 913 803 ισὺν
972 724 1201 834 τόκῳ]
1300 726 1558 805 οὐκοῦν
1619 729 1717 809 ὡς
1780 723 2226 827 τραπεζίταις
2289 726 2452 821 ὑμῖν
2507 719 2944 821 ἐπιοτήμοσι
2995 750 3072 796 το

688 847 1118 928 δεσποτικὸν
1175 848 1520 951 ἀργύριον
1572 848 1909 954 ἐξοδωὶζω
1961 847 2132 948 ἐγῶ·
2198 848 2392 948 ὑμεῖς
2446 845 2522 927 δὲ
2576 843 2950 941 λαβόντες,
2987 846 3074 926 εἷς

690 976 860 1049 νοῦν
895 970 1258 1052 ἀπόθεσθε
1311 970 1398 1051 τὸ
1456 970 1663 1052 δοθὲν
1701 975 1818 1051 καὶ
1867 977 1965 1062 εἰς
2010 970 2094 1052 τὸ
2148 970 2375 1067 βάθος
2423 974 2550 1071 τῆς
2599 971 2875 1049 ἑαυτῶν
2909 993 3118 1069 'cap-5

691 1094 847 1177 δίας
902 1094 1252 1201 κρύψατε,
1306 1095 1385 1175 εὖ
1446 1092 1705 1178 εἰδότες
1771 1093 1881 1175 ὅτι
1943 1093 2038 1174 τὰ
2098 1099 2194 1178 εἰς
2256 1098 2398 1197 γῆν
2459 1088 2890 1192 πεμπόμενα
2947 1095 3074 1170 τῶν

692 1217 1129 1321 σπερμάτων
1165 1218 1663 1323 ἐγχωννύμενα
1710 1216 1842 1317 μὲν
1877 1225 2031 1302 ταῖς
2066 1218 2338 1313 βώλοις
2389 1222 2859 1324 καρποφορεῖ,
2893 1211 2982 1294 τὰ
3011 1209 3072 1291 δὲ

693 1341 1180 1449 ἀκατάχωστα
1214 1342 1692 1446 διαρπάζει-αι.

1804 1521 1990 1600 XV.

806 1667 1025 1768 Πλὴν
1060 1670 1586 1751 ἐσπούδασεν“
1554 1704 1596 1750 ο
1639 1670 1904 1772 Κύριος
1950 1668 2130 1770 μήτε
2167 1672 2252 1749 δι’
2293 1667 2472 1749 ολου
2508 1673 2929 1777 φανερῶσαι
2961 1663 3068 1762 τὴν
3090 1690 3137 1731 10

692 1793 945 1870 ἑαυτοῦ
983 1790 1287 1892 θεότητα
1323 1792 1502 1895 μήτε
1551 1798 1648 1877 εἰς
1699 1792 1784 1873 τὸ
1833 1791 2182 1878 παντελες
2215 1791 2654 1898 ἀποκρύψαι,
2691 1824 2776 1871 το
2812 1825 2944 1890 μεν
2973 1785 3069 1868 διὰ

690 1947 857 1998 τους
911 1912 1095 2012 τότε,
1130 1914 1215 1995 τὸ
1263 1915 1341 1995 δὲ
1395 1914 1514 1996 διὰ
1559 1949 1727 2002 τους
1780 1915 1962 2016 μετὰ
2009 1925 2257 1996 ταῦτα·
2316 1914 2507 1995 ὥστε
2544 1913 2768 2022 δεῖξαι
2815 1918 2931 1994 καὶ
2963 1915 3068 2010 τῆς

694 2035 1028 2137 θεότητος
1078 2039 1297 2119 αὐτοῦ
1333 2040 1453 2118 καὶ
1488 2043 1617 2139 τῆς
1655 2038 2203 2141 ἀνθρωπότητος
2250 2038 2516 2142 τρανὰς
2550 2035 2678 2123 τὰς
2714 2037 3064 2140 ἐνεργείας,

690 2160 809 2238 ἵνα
854 2160 1033 2260 μήτε
1087 2162 1134 2262 ἡ
1186 2162 1340 2242 θειά
1386 2163 1682 2260 δύναμις
1714 2165 2099 2267 ἅμβλυνθῇ
2128 2162 2308 2264 μήτε
2343 2162 2390 2260 ἡ
2423 2161 2834 2265 ἀνθρωπίνη
2872 2158 3069 2267 φύσις

692 2285 1085 2389 ἀπιστηθῇ.
1185 2283 1425 2385 ἐπειδὴ
1484 2283 1629 2389 γὰρ
1686 2285 1987 2385 ἔμελλεν
2040 2286 2313 2388 αἵρεσις
2375 2286 2803 2365 ἀνακύπτειν
2853 2284 2899 2383 ἡ
2957 2279 3060 2361 λε’·
3089 2303 3136 2361 ¹5

693 2438 933 2507 γουσα
969 2406 1078 2487 ὅτι
1115 2406 1516 2514 φάντασμα
1552 2406 1646 2508 ἦν
1685 2408 1771 2489 τὸ
1807 2415 2027 2509 σῶμα
2072 2411 2190 2488 καὶ
2238 2409 2328 2516 ἐξ
2371 2409 2671 2512 οὐρανοῦ
2708 2411 3064 2507 κατῆλθεν·

696 2530 779 2610 οὗ
815 2528 960 2634 γὰρ
997 2527 1088 2612 ἂν
1122 2527 1345 2627 ἔλαβε
1393 2540 1524 2613 τοῦ
1571 2538 1903 2639 φθαρτοῦ
1950 2531 2290 2633 σώματος
2338 2529 2579 2637 σάρκα
2628 2530 2672 2631 ἦ
2721 2531 3066 2637 ἄφθαρτος

696 2653 942 2759 φύσις,
981 2653 1125 2734 οὐδ’
1164 2653 1257 2735 ἂν
1291 2657 1719 2765 κατεδέξατο
1752 2655 1982 2761 ῥύπον
2025 2655 2072 2758 ἢ
2107 2656 2495 2756 μολυσμὸν
2530 2654 2575 2757 ἢ
2614 2662 2914 2736 σπῖλον·
2967 2652 3065 2731 ἵνα

694 2777 1158 2878 πιστώσηται
1194 2779 1234 2857 ὁ
1273 2776 1459 2863 Θεὸς
1500 2787 1648 2861 τῶν
1685 2779 2084 2884 ἀνθρώπων
2116 2776 2203 2861 τὸ
2251 2779 2458 2883 γε’νος
2505 2778 2617 2859 ὅτι
2664 2787 2880 2858 τοῦτο
2923 2774 3060 2878 ἐγέ-

699 2933 859 2980 νετο
895 2899 937 2980 ὅ
985 2903 1225 3001 ἐσμεν,
1261 2903 1494 3001 με’νων
1529 2901 1571 2984 ὃ
1618 2902 1733 3004 ἦν,
1773 2903 1892 2985 διὰ
1941 2912 2156 2985 τοῦτο
2209 2901 2673 3008 συνεχώρησε
2729 2906 2820 3006 τῇ
2873 2897 3062 3001 σαρκὶ
3084 2928 3136 2970 ²0

698 3022 1012 3129 πάσχειν
1066 3024 1158 3105 τὰ
1211 3026 1373 3124 ἴδια,
1414 3030 1532 3106 καὶ
1587 3026 1806 3135 ἔδειξε
1861 3032 2126 3127 διπλῆν
2180 3026 2314 3129 τὴν
2365 3027 2738 3129 ἐνέργειαν,
2782 3023 3064 3127 πάσχων

697 3146 829 3246 μὲν
883 3151 980 3234 ὡς
1044 3149 1438 3253 ἅνθρωπος,
1492 3153 1800 3253 ἐνεργῶν
1859 3151 1934 3231 δὲ
1998 3155 2094 3243 ὡς
2158 3149 2344 3236 Θεὸς
2406 3151 2447 3231 ὁ
2512 3149 2745 3234 αὐτός·
2805 3149 2888 3229 οὐ
2941 3142 3062 3248 γὰρ

701 3269 932 3355 ἄλλος
988 3275 1106 3352 καὶ
1161 3273 1416 3371 ἄλλος,
1471 3280 1531 3354 εἰ
1586 3277 1705 3354 καὶ
1760 3274 2010 3360 ἄλλως
2064 3278 2181 3355 καὶ
2238 3274 2510 3360 ἄλλως.

736 3629 868 3695 Τοῦ
923 3631 1106 3707 &riou
1161 3634 1465 3723 κυρίλλου
1520 3633 1613 3701 εἰς
1671 3640 1744 3704 τό
1795 3637 2010 3726 Πατὲρ
2064 3634 2158 3703 εἰς
2217 3634 2437 3726 χεῖράς
2492 3659 2608 3703 σου
2662 3636 3030 3727 παρατίθημι

1604 3763 1680 3828 τὸ
1734 3763 1988 3840 πνεῦμά
2043 3784 2186 3840 μου.
3077 3768 3134 3827 ⁸5

816 3935 1037 4037 Μέγα
1107 3936 1337 4017 πάλιν
1401 3945 1516 4018 καὶ
1589 3939 1948 4046 ἐξαίρετον
2009 3938 2434 4044 κατόρθωμα
2505 3949 2662 4026 ταῖς
2732 3940 3054 4041 ἡμετέραις

702 4059 973 4161 ψυχαῖς
1010 4056 1125 4138 δια
1161 4069 1288 4141 τοῦ
1323 4059 1615 4143 πάντων
1653 4064 1852 4162 ἡμῶν
1891 4066 2228 4167 Σωτῆρος
2264 4068 2614 4168 Χριστοῦ.
2677 4063 2909 4163 ἐπειδὴ
2939 4057 3052 4162 γὰρ

703 4181 1207 4286 δεδικαιώμεθα
1253 4183 1369 4263 διὰ
1416 4188 1543 4284 τῆς
1591 4187 1905 4271 πίστεως
1951 4190 2079 4287 τῆς
2126 4192 2222 4272 εἷς
2272 4185 2488 4269 αὐτὸν
2523 4190 2640 4268 καὶ
2676 4191 2754 4269 ἐν
2783 4189 2960 4292 αὐτῷ
2986 4212 3053 4261 ro

771 4413 825 4461 4.
771 4394 933 4461 4cls·
956 4397 1077 4448 νοῦν
1098 4392 1361 4451 αποθέσθε
1384 4396 1489 4451 hoc
1515 4396 1702 4452 ordine
1727 4397 1789 4453 L.
2031 4416 2114 4456 10.
2149 4418 2180 4455 e
2203 4399 2354 4455 Maio
2376 4418 2485 4471 p.4
2579 4399 2689 4467 fin„
2712 4398 2917 4455 exhibet
2936 4404 2983 4451 et
3003 4392 3053 4447 1-

698 4465 792 4519 fol.
818 4466 941 4537 498.
968 4465 1217 4532 κυρίλλου
1240 4467 1455 4535 ὁμιλία·
1442 4484 1498 4520 ιιι
1522 4485 1634 4538 mg.
1662 4485 1888 4538 ponens.
2110 4486 2199 4538 24.
2238 4469 2386 4527 Haec
2409 4470 2514 4527 sub
2661 4439 2816 4525 t’itulo
2837 4466 3058 4524 exhibens

702 4533 968 4591 Catenae
954 4552 1011 4590 m
1035 4536 1173 4591 Acta
1199 4536 1300 4592 SS.
1321 4538 1722 4608 Apostolorum,
1748 4540 1818 4595 cf.
1843 4557 2006 4611 supra
2028 4557 2082 4611 p.
2107 4559 2232 4613 443.
2256 4541 2459 4598 contuli
2480 4558 2605 4598 oum
2627 4559 2660 4597 a
2679 4541 2771 4597 fol.
2794 4554 2862 4612 52
2880 4556 2928 4595 v.
