3269 5166
583 352 704 406 614

1393 348 1718 407 INDEX
1802 351 2169 409 RERUM.

2813 367 2927 405 aba
2936 367 3008 405 Pa

580 531 766 608 Alapa
793 531 1026 589 Christo
1066 533 1199 590 data
1236 532 1608 608 ignominiam
1639 551 1741 608 per
1845 532 2090 592 Animas
2116 543 2249 592 ante
2275 551 2518 610 corpora
2547 532 2827 601 extitisse,
2860 550 3005 590 vane

663 637 958 704 peccatum
988 640 1245 687 nostram
1273 630 1443 687 solvit
1475 633 1636 689 1026
1665 647 1716 687 e.

580 726 801 784 Altaria
830 727 943 785 duo
973 727 1189 786 Christi
1216 729 1340 805 typi
1372 731 1512 787 391.

580 824 804 882 Altiora
858 825 1137 883 curiosius
1191 845 1310 883 non
1370 826 1740 884 scrutandum

663 926 775 980 471
811 942 861 988 c.
908 925 1025 982 603
1057 924 1113 992 d,
1158 923 1235 981 iii.
1266 926 1404 991 469,
1439 926 1575 989 552,
1617 924 1742 980 vide

661 1020 1016 1088 Difficiliora,
1045 1020 1412 1079 Abscondita.

582 1121 616 1148 “
639 1120 687 1176 A
718 1118 936 1193 meipso
962 1118 1111 1176 facio
1137 1119 1279 1177 nihil
1297 1117 1330 1142 ’⁹
1363 1139 1464 1195 per
1491 1119 1737 1177 illustra-

662 1215 883 1273 tionem
912 1221 1056 1276 525.

580 1315 768 1372 Amen
806 1314 965 1373 laicis
999 1317 1433 1392 pronuntiatum
1474 1316 1739 1374 sacerdo-

662 1419 787 1470 tum
854 1413 1119 1488 precibus
1185 1414 1740 1473 consummationem

661 1509 898 1585 praebet
924 1511 992 1569 M
1027 1516 1103 1570 70
1135 1510 1223 1587 [p.
1255 1513 1425 1588 296].

580 1604 765 1664 Αιιιοι·
792 1608 975 1666 virtus
1002 1609 1218 1685 optima
1250 1613 1366 1669 194
1397 1629 1432 1668 a
1506 1609 1739 1667 Amoris

661 1713 752 1762 est
769 1703 1011 1764 inimicis
1030 1708 1598 1782 persecutoribusque
1621 1725 1738 1765 non

662 1802 950 1870 resistere,
980 1803 1084 1861 sed
1112 1805 1327 1863 evitare
1357 1806 1473 1864 271
1507 1823 1555 1862 c.

579 1899 765 1957 Amor
790 1900 899 1958 Dei
927 1920 1044 1959 non
1071 1901 1128 1959 in
1158 1902 1347 1960 verbis
1385 1902 1558 1960 meris
1594 1920 1735 1960 con·

661 2005 775 2055 stat
821 2001 942 2057 807
969 1999 1111 2057 cde
1165 1999 1569 2058 mandatorum
1617 2018 1737 2058 ser-

659 2095 815 2153 vatio
845 2099 964 2156 833
993 2116 1030 2156 a
1088 2098 1353 2174 primum,
1399 2098 1457 2156 in
1491 2098 1739 2173 proximi

660 2201 857 2252 tamen
887 2214 1081 2254 amore
1109 2195 1399 2272 perficitur
1427 2197 1547 2254 888
1577 2197 1637 2255 d.

578 2291 761 2348 Amor
814 2292 1102 2352 fraternus
1153 2293 1291 2352 facit
1343 2302 1412 2351 ut
1465 2312 1535 2351 ea
1586 2311 1736 2370 quae

661 2390 778 2447 sint
844 2390 1085 2448 aliorum
1153 2409 1493 2466 quaeramus
1585 2394 1729 2458 842.

667 2489 784 2546 887
814 2507 847 2545 a
864 2487 902 2545 b
920 2487 959 2544 d
1013 2487 1214 2546 Amori
1234 2489 1488 2547 fraterno
1505 2508 1734 2566 compa·

659 2596 785 2646 rata
808 2586 1009 2645 muudi
1036 2587 1223 2664 gloria
1247 2589 1388 2646 nihil
1423 2592 1578 2648 1019
1602 2608 1636 2647 c
1653 2589 1713 2647 d.

581 2685 772 2744 Amor
799 2683 1018 2743 Christi
1058 2705 1200 2762 erga
1232 2706 1338 2745 uos
1367 2690 1487 2747 883
1517 2688 1556 2745 d
1605 2705 1733 2763 per·

657 2784 860 2850 fectus,
890 2783 1016 2858 quis
1046 2787 1167 2843 886
1200 2785 1256 2853 d,
1287 2788 1406 2843 888
1439 2804 1492 2844 a.

578 2881 953 2940 Amorrhaeis
980 2881 1324 2958 longanimis
1351 2883 1508 2941 Deus
1538 2886 1660 2942 594
1682 2900 1734 2940 e.

576 2980 812 3054 Ἀνδρεία
836 2998 937 3038 seu
961 2999 1137 3056 agere
1163 2977 1401 3040 viriliter
1430 2984 1548 3040 314
1572 3000 1623 3040 e.

579 3078 847 3155 Angelus
880 3097 1090 3136 nomeu
1126 3097 1244 3136 non
1286 3098 1510 3155 semper
1537 3100 1736 3141 essen-

659 3178 815 3243 tiam,
858 3176 960 3235 sed
1013 3176 1344 3235 missionem
1397 3176 1610 3237 indicat
1655 3183 1728 3241 61

663 3275 703 3331 d
721 3293 774 3333 e.

578 3371 789 3448 Angeli
829 3372 1049 3430 cultum
1091 3372 1400 3449 spiritalem
1431 3372 1557 3432 Deo
1591 3374 1731 3432 offe·

658 3479 794 3527 runt
823 3473 942 3529 633
966 3490 998 3528 c
1020 3471 1058 3527 d
1119 3488 1362 3548 corpora
1397 3472 1593 3530 tenuia
1627 3471 1732 3530 ha-

657 3568 798 3626 bent
850 3568 920 3625 M
964 3571 1042 3627 63
1095 3569 1180 3644 [p.
1212 3568 1358 3643 283]
1432 3568 1617 3628 Deum
1674 3570 1732 3628 in

658 3664 882 3722 coelum
923 3666 1329 3724 ascendentem
1377 3667 1734 3745 proclamant

657 3771 717 3821 et
743 3761 1068 3820 collaudant
1098 3766 1216 3822 764
1246 3764 1333 3823 ab
1351 3784 1403 3822 c.

574 3858 838 3937 Angelus
892 3859 991 3936 qui
1044 3860 1318 3920 Ecclesiis
1380 3871 1607 3939 praeest
1673 3872 1734 3922 et

658 3957 1119 4034 liturgizantibus
1156 3968 1499 4037 cooperatur
1526 3963 1646 4020 638
1678 3980 1729 4027 a,

657 4055 727 4113 cf.
761 4054 826 4113 M
857 4058 938 4115 63
985 4057 1069 4133 [p.
1095 4059 1268 4132 283].

574 4152 790 4212 Anima
829 4161 1028 4213 sancta
1067 4163 1128 4213 et
1163 4156 1258 4232 pia
1283 4174 1384 4213 vas
1411 4155 1730 4231 preciosum

655 4270 758 4329 per
823 4272 1099 4329 magnum
1162 4254 1532 4312 Sacerdotem
1600 4252 1732 4313 Deo

657 4350 813 4410 Patri
854 4352 1111 4410 oblatum
1148 4355 1265 4411 319
1294 4351 1333 4410 d
1353 4371 1386 4410 e
1427 4352 1731 4428 spiritusve

658 4468 729 4507 eo
757 4449 1063 4516 robustior,
1088 4468 1201 4524 quo
1222 4449 1501 4509 infirmior
1521 4469 1731 4527 corpus

658 4545 727 4602 M
758 4548 836 4604 96
868 4547 951 4623 [p.
978 4547 1147 4620 348].

1925 640 2125 707 putant
2182 630 2442 688 nonnulli
2487 633 2562 689 78
2643 629 2919 687 refutatio
2971 649 3003 688 e

1924 729 2160 787 diversis
2189 728 2296 787 SS.
2328 727 2656 805 Scripturas
2683 727 3003 785 rationibus

1927 829 2144 892 79-86‚
2195 829 2338 893 588.
2382 830 2523 894 589.
2568 826 2638 884 cf.
2683 826 2754 883 M
2791 829 2889 892 12,
2925 829 3002 883 76

1926 921 2005 1006 [p.
2026 930 2142 985 308
2167 927 2284 998 fin.‚
2305 921 2450 1006 309]
2493 925 2685 983 anima
2725 943 2845 982 non
2890 925 3004 1001 spi-

1924 1022 2176 1082 raculum
2206 1024 2358 1082 vitae
2386 1025 2505 1083 822
2535 1023 2572 1082 b
2590 1043 2643 1082 e.

1841 1121 2085 1179 Animus
2125 1120 2290 1180 fortis
2342 1121 2874 1198 imperterritusque
2916 1129 3005 1179 te·

1921 1220 2144 1278 nendos
2173 1223 2285 1278 761
2320 1220 2359 1277 b
2380 1220 2419 1277 d
2442 1238 2490 1279 e.

1839 1317 2112 1375 Animum
2153 1327 2215 1377 et
2254 1336 2354 1376 cor
2382 1316 2601 1376 Christi
2634 1316 3007 1393 evangelium

1921 1416 2275 1492 portantium
2316 1415 2560 1474 deficere
2600 1432 2720 1472 uon
2748 1422 3004 1491 oportet.

1921 1513 2144 1572 etiamsi
2176 1513 2389 1590 ingrati
2425 1513 2541 1571 sint
2567 1512 2607 1569 ii
2634 1511 2844 1588 quibus
2878 1511 3003 1588 opi-

1921 1611 2179 1669 tulantur
2206 1615 2319 1671 901
2355 1611 2410 1670 b.

1840 1708 2121 1768 Anomaei
2147 1709 2419 1768 haeretici
2448 1709 2565 1768 832
2596 1706 2653 1765 b.

1840 1816 1877 1843 ‘⁸
1906 1805 2067 1866 Ante
2150 1816 2379 1883 tempus
2401 1805 2437 1829 ''
2507 1804 2598 1879 (S.
2625 1804 2845 1863 Matth.
2884 1805 3001 1863 viii.

1926 1911 2028 1981 29)
2101 1904 2174 1964 de
2241 1903 2660 1963 Incarnationis
2736 1911 3005 1980 tempore

1925 2006 2046 2063 560
2075 2021 2127 2061 a.

1841 2100 2230 2158 Antichristus
2259 2102 2378 2158 262
2408 2099 2517 2166 bc,
2551 2097 2619 2156 Μ
2650 2102 2748 2157 44.

1838 2196 2123 2274 Apostoli,
2172 2206 2239 2255 ut
2290 2196 2448 2254 orbis
2500 2203 2780 2254 terrarum
2832 2214 3001 2272 prae-

1921 2302 2200 2372 ceptores,
2289 2294 2587 2353 Christum
2667 2294 3001 2369 exemplum

1919 2393 2134 2452 habent
2165 2396 2278 2453 197
2309 2412 2346 2452 a
2391 2393 2650 2450 omnium
2687 2391 2787 2468 qui
2816 2391 3002 2450 futuri

1919 2501 2112 2551 essent
2188 2491 2478 2550 Ecclesiae
2561 2496 3001 2566 praeceptorum

1919 2600 2092 2670 typus
2134 2594 2252 2651 292
2282 2590 2390 2658 cd.
2427 2592 2544 2650 383
2577 2588 2616 2647 d
2681 2589 3000 2664 Apostolo-

1920 2709 2049 2749 rum
2076 2688 2601 2765 prophetarumque
2631 2687 2796 2745 labor
2822 2705 2999 2756 unus,

1918 2789 2107 2847 honor
2144 2786 2477 2862 fructusque
2517 2784 2839 2843 communis
2872 2788 2999 2845 200

1919 2885 1958 2944 d
1986 2906 2019 2944 e
2100 2884 2327 2944 vocatio
2378 2886 2499 2943 640
2542 2882 2642 2941 ab
2723 2880 3001 2958 Apostoli

1920 2983 2216 3042 Christum
2302 3001 2473 3057 saepe
2567 2979 2816 3039 confessi
2873 2985 2911 3039 7
2918 2983 2997 3039 72

1919 3101 1954 3141 a
1969 3083 2008 3140 b
2025 3101 2058 3140 c
2139 3079 2395 3156 corporis
2453 3077 2673 3137 Christi
2732 3078 2999 3137 membra

1917 3178 2251 3256 principalia
2277 3182 2396 3238 994
2426 3196 2460 3236 e
2512 3195 2630 3235 non
2654 3176 2831 3234 iidem
2858 3184 2997 3235 autc

1917 3286 1978 3337 et
2018 3287 2151 3354 post
2192 3276 2441 3352 Spiritus
2470 3273 2668 3335 Sancti
2700 3275 2995 3332 dationem

1922 3380 2073 3436 1031
2108 3375 2147 3432 d
2227 3382 2572 3450 potestatem
2626 3381 2994 3449 peccatorum

1916 3471 2390 3532 remittendorum
2438 3479 2611 3549 atque
2659 3469 2990 3528 retinendo·

1915 3589 2065 3644 rum,
2093 3578 2370 3647 tanquam
2406 3568 2625 3644 Spiritu
2654 3569 2869 3626 Sancto
2903 3568 2989 3627 iu·

1914 3667 2156 3728 habitati
2183 3667 2471 3744 accipiunt
2503 3670 2655 3725 1101
2684 3659 2854 3725 bc‘d.

1832 3767 2243 3844 Apostolorum
2270 3765 2456 3823 officia
2481 3768 2636 3824 1094
2656 3783 2689 3822 e
2731 3771 2990 3841 potestas

1914 3862 2057 3924 nihil
2083 3864 2205 3922 sine
2231 3863 2468 3921 Christo
2502 3864 2659 3921 1116
2687 3881 2739 3921 a.

1832 3961 2120 4039 Apostoli,
2165 3960 2407 4038 operarii
2449 3970 2509 4019 et
2552 3961 2675 4018 sine
2716 3959 2986 4036 eloquen-

1915 4060 2013 4128 tia,
2047 4068 2231 4118 totam
2259 4060 2609 4118 Graecorum
2653 4057 2987 4134 sapientiam

1914 4166 2243 4218 everterunt
2269 4156 2344 4215 iii.
2376 4161 2518 4216 471.

1832 4258 2002 4332 Aqua
2016 4265 2077 4315 et
2094 4256 2346 4333 sanguis,
2367 4253 2743 4313 sanctificatio
2759 4256 2916 4313 1096
2934 4272 2983 4312 a.

1831 4354 2149 4412 Arbitrium
2174 4353 2414 4411 liberum
2438 4354 2516 4411 63
2539 4371 2593 4421 a,
2629 4354 2744 4410 155
2767 4352 2828 4419 b.
2869 4353 2982 4410 346

1914 4471 1965 4524 c,
1995 4455 2112 4511 394
2135 4450 2193 4517 d,
2224 4454 2341 4509 453
2372 4469 2424 4516 e,
2454 4453 2598 4514 454.
2633 4453 2754 4510 730
2782 4468 2837 4516 e,
2866 4453 2978 4507 814

1915 4570 1966 4624 a,
2002 4553 2120 4608 822
2150 4569 2202 4620 e,
2245 4551 2363 4606 85⁷
2394 4567 2444 4619 c,
2480 4551 2602 4608 900
2630 4547 2688 4616 d,
2724 4550 2842 4606 901
2876 4546 2978 4612 ad,
