3269 5166
606 334 649 396 6
1212 334 1292 398 Β.
1341 333 1759 399 CYRILLI
1821 333 2411 399 ALEXANDR.
2716 331 2870 396 xvii.
2913 350 3026 412 24.

608 496 902 602 δωρεὰν,
952 500 992 577 5
1035 496 1276 579 πάντα
1330 506 1516 579 πᾶσι
1573 497 1810 584 διδοὺς
1875 501 2296 597 πλουσίως;
2386 502 2878 601 ε’παγωνιεῖται
2939 494 3025 576 δὲ

538 637 581 702 b
609 620 812 701 οὐδὲν
860 620 1078 722 ἦττον
1113 627 1218 730 τῷ
1273 622 1475 731 λόγῳ
1530 621 1616 704 τὸ
1654 624 1740 703 δι’
1780 625 1998 704 αὐτοῦ
2054 622 2283 706 πάλιν
2335 621 2519 728 πρὸς
2572 624 2759 723 ἡμᾶς
2816 627 3018 724 εἰρη-

266 740 445 870 {ig-⁰3
608 743 847 845 με’νον.
928 745 1112 852 ἔχων
1163 745 1308 850 γὰρ
1360 749 1436 827 ἐν
1484 750 1712 856 ἑαυτῷ
1764 757 2135 830 λαλοῦντα
2170 745 2503 851 Χριστὸν
2541 749 2657 827 καὶ
2707 745 2837 831 τὰς
2885 756 3025 827 τοῦ

269 871 404 998 Ῑέὼ·
432 870 501 920 Vi·
611 878 655 915 ‘⁶
679 868 1084 969 μέλλοντος
1109 876 1363 957 αἰῶνος
1383 871 1760 971 δυνάμεις”
1788 871 2414 970 ἀποκαλύπτοντα,
2439 872 2579 979 ἔφη
2600 869 2827 952 πάλιν
2854 870 3016 951 ὦδί·

267 1002 517 1134 ³31¹?ss
611 992 1217 1095 διαναστήσονται
1270 994 1404 1096 μὲν
1441 995 1585 1099 γὰρ
1625 1002 1691 1077 οἱ
1749 998 1997 1100 νεκροὶ,
2033 1001 2286 1103 φησὶν,
2325 994 2528 1076 ἀλλὰ
2573 997 2691 1076 καὶ
2747 1004 2791 1042 “
2817 994 3021 1095 ἡμεῖς
3055 1027 3094 1084 5

415 1107 427 1127 ⁹
609 1127 653 1165 “
690 1122 757 1197 οἱ
793 1117 1047 1221 ζῶντες
1083 1125 1147 1202 οἱ
1182 1119 1756 1223 περιλειπόμενοι
1801 1119 1951 1220 ἅμα
1987 1119 2131 1201 σὺν
2169 1122 2406 1206 αὐτοῖς
2440 1118 3026 1224 ἁρπαγησόμεθα

605 1253 651 1292 “
685 1246 762 1323 ἐν
817 1240 1154 1348 νεφέλαις
1202 1251 1301 1330 εἷς
1348 1243 1760 1346 ἀπάντησιν
1797 1254 1927 1326 τοῦ
1967 1247 2238 1350 Κυρίου
2274 1251 2371 1330 εἷς
2417 1246 2619 1347 ἀέρα,
2664 1246 2783 1323 καὶ
2829 1245 3024 1323 οὕτω

605 1378 650 1416 “
685 1366 995 1451 πάντοτε
1052 1367 1193 1450 σὺν
1252 1368 1500 1478 Κυρίῳ
1553 1368 1938 1471 ἐσόμεθα.”
2034 1376 2441 1476 χαριεῖσθαι
2497 1370 2573 1449 δὲ
2628 1371 2748 1449 καὶ
2802 1365 3023 1452 αὐτὸς

602 1494 773 1594 ἡμῖν
809 1494 983 1574 αὐτὸ
1041 1493 1128 1594 δὴ
1187 1502 1396 1574 τοῦτο
1453 1500 1717 1602 σαφῶς
1767 1496 1808 1576 5
1850 1494 2116 1599 Κύριος
2167 1496 2370 1595 ἡμῶν
2405 1495 2693 1594 Ἰησοῦς
2741 1495 2782 1574 5
2819 1499 3010 1598 Χρι-

261 1631 428 1759 {²3³1}
543 1654 578 1700 e
603 1651 784 1701 στος
839 1616 1280 1720 ἐπήγγελται
1333 1618 1573 1720 λε’γων
1634 1629 1679 1666 “
1716 1619 2130 1722 Πορεύομαι
2197 1622 2314 1699 καὶ
2369 1616 2729 1717 ἑτοιμάσω
2789 1615 3021 1699 τόπον
3056 1658 3130 1699 ιο

351 1735 362 1746 ’
421 1735 433 1748 ’
605 1744 870 1841 “ὑμῖν,
908 1741 1134 1823 πάλιν
1172 1742 1327 1850 ἥξω
1375 1745 1490 1823 καὶ
1539 1742 2078 1850 παραλήψομαι
2126 1746 2307 1843 ὑμᾶς
2342 1745 2490 1844 μετ’
2531 1746 2863 1843 ἐμαυτοῦ,
2898 1744 3021 1824 ἵνα

600 1878 644 1915 “
683 1866 865 1948 ὅπου
902 1871 1043 1968 εἶμι
1079 1865 1224 1968 ἐγὼ
1261 1869 1381 1948 καὶ
1418 1869 1611 1967 ὑμεῖς
1647 1870 1800 1967 μετ’
1842 1870 2015 1968 ε’μοῦ
2050 1867 2215 1970 ἧτεῖ

697 1989 810 2072 Ἢ
860 1991 1005 2097 γὰρ
1050 2000 1377 2078 νοοῦντες
1432 1993 1516 2073 οῦ
1571 1993 1874 2098 σφόδρα
1917 2000 2210 2097 πικρῶς,
2268 1991 2854 2097 ἀπεριεργότερον
2901 1997 3018 2074 ε’κ-

593 2114 990 2224 ληψόμεθα
1038 2115 1156 2197 διὰ
1214 2116 1470 2197 τούτου
1528 2118 2017 2218 σημαίνεσθαι
2080 2115 2212 2202 τὰς
2268 2152 2417 2198 ανω
2475 2117 2721 2217 μονὰς,
2781 2116 3014 2219 ἤγουν

593 2242 707 2346 ἐφ’
771 2242 1009 2344 ἑτέρας
1077 2242 1300 2326 ιόντες
1372 2239 1667 2339 ἐννοίας,
1722 2240 1949 2322 τόπον
2006 2239 2260 2394 ὥσπερ
2326 2238 3012 2342 ἀπονεμηθήσεσθαι
3047 2274 3115 2333 15

592 2363 922 2465 δώσομεν
967 2364 1096 2446 τὸν
1151 2365 1370 2446 αὐτον
1425 2367 1593 2467 ἡμῖν
1651 2400 1769 2447 και
1805 2372 2134 2475 Χριστῷ,
2174 2369 2386 2447 οἱονεὶ
2435 2364 2565 2452 τὰς
2621 2365 2793 2472 ἐξ
2761 2365 3004 2466 ομοιό·

598 2524 810 2591 τητος
846 2495 965 2572 καὶ
1019 2493 1095 2570 ἐν
1134 2491 1277 2599 ἴσῳ
1314 2488 1519 2599 λόγῳ
1561 2487 1794 2590 τιμὰς,
1833 2490 2016 2570 κατά
2069 2524 2153 2594 γε
2208 2490 2294 2572 τὸ
2351 2488 2650 2598 ἐμφερὲς
2705 2493 2824 2572 καὶ
2881 2490 3014 2593 τὴν

254 2627 428 2678 Phil.
412 2625 487 2677 fii.
600 2617 931 2715 μίμησιν.
1033 2616 1461 2723 σύμμορφοι
1518 2613 1664 2718 γὰρ
1728 2613 2041 2714 ἐσόμεθα
2113 2620 2240 2717 τῆς
2305 2615 2525 2724 δόξης
2591 2617 2830 2715 αὑτοῦ,
2897 2619 3015 2697 καὶ

261 2707 342 2745 21.

255 2757 576 2875 2ff1m.ii.d
602 2739 1306 2840 συμβασιλεύσομεν
1343 2741 1558 2848 αὐτῷ,
1579 2739 1766 2820 κατὰ
1785 2738 1915 2825 τὰς
1937 2740 2148 2843 ἁγίας
2185 2739 2497 2846 γραφάς·
2560 2743 3014 2847 ὑπισχνεῖται

253 2891 307 2942 s
317 2891 511 2942 Matth
601 2863 678 2944 δε
721 2863 889 2946 καθ’
939 2900 1022 2945 ον
1066 2861 1278 2949 αὐτὸς
1335 2862 1477 2945 οιδε
1532 2865 1806 2969 τρόπον
1851 2870 1969 2944 καὶ
2017 2863 2788 2966 συνανακλιθήσεσθαι
2841 2863 3007 2964 μεθ’
3040 2896 3112 2937 20

258 2958 421 3088 Rxpvoiss.
429 2972 510 3075 ’ἰῗῑζ
598 2990 802 3091 ἡμῶν
838 2992 914 3072 ἐν
953 2995 1043 3096 τῇ
1079 2991 1431 3098 βασιλεία
1467 2997 1613 3071 τῶν
1652 2991 2000 3093 οὐρανῶν.

264 3103 344 3138 ²⁰
702 3113 881 3196 Ὅτι
934 3152 1065 3214 μεν
1112 3117 1238 3197 ουν
1275 3114 1741 3214 συνεσόμεθα
1789 3120 1894 3222 τῷ
1931 3117 2237 3221 Χριστῷ
2290 3115 2408 3192 καὶ
2463 3112 3011 3220 o-vpueee‘gom'v

600 3273 681 3319 τε
737 3244 864 3339 τῆς
920 3239 1139 3345 δόξης
1195 3241 1415 3319 αὐτοῦ
1470 3242 1589 3318 καὶ
1645 3242 1772 3337 τῆς
1825 3239 2213 3333 βασιλείας
2274 3235 2592 3338 ἐσόμεθα
2653 3246 3006 3335 κοινωνοὶ,

601 3362 941 3463 παρέντες
997 3368 1093 3445 εὶς
1149 3362 1233 3441 τὸ
1288 3361 1523 3465 παρὸν
1560 3359 1678 3441 διὰ
1724 3360 2080 3444 πλειόνων
2115 3362 2217 3443 ἔτι
2253 3363 2612 3461 δεικνύειν,
2650 3366 2747 3447 ὦς
2790 3363 3002 3443 οὖδα-

601 3486 823 3586 μόθεν
878 3485 1322 3592 ἀμφίλογον,
1357 3491 1703 3591 χωρῶμεν
1745 3490 1857 3568 ἐπὶ
1906 3487 1992 3568 τὸ
2046 3488 2307 3592 ἕτερον,
2349 3493 2536 3596 φημὶ
2592 3487 2680 3588 δὴ
2734 3487 2820 3567 τό
2860 3485 3010 3568 “lm
3037 3520 3107 3580 25

544 3650 581 3695 e
604 3609 874 3721 θεωρῶσι
925 3608 1031 3706 τῆν
1069 3606 1266 3719 δόξαν
1300 3608 1408 3706 τῆν
1444 3612 1623 3717 ἐμήν.
1694 3610 2066 3716 περιέσται
2108 3619 2492 3715 τοιγαροῦν
2536 3613 2620 3692 οὐ
2660 3610 3010 3711 βεβήλοις

601 3739 718 3819 καὶ
775 3736 1250 3839 ἁμαρτωλοῖς,
1297 3737 1466 3816 ἀλλ’
1505 3735 1665 3816 οὐδὲ
1700 3744 1850 3821 τοῖς
1885 3733 2013 3816 τὸν
2064 3741 2253 3816 θεῖον
2304 3734 2730 3839 ἀτιμάζουσι
2769 3736 3010 3837 νόμον,

602 3858 687 3941 τὸ
723 3862 799 3940 ἐν
835 3859 1086 3964 ὁράσει
1132 3859 1469 3965 γενέσθαι
1514 3864 1643 3960 τῆς
1681 3860 1898 3968 δόξης
1934 3866 2289 3965 Χριστοῦ,
2321 3858 2563 3958 μόνοις
2600 3857 2674 3940 δὲ
2718 3867 3010 3961 μᾶλλον

602 3994 750 4070 τοῖς
810 3985 1040 4071 ὁσίοις
1097 3988 1214 4066 καὶ
1274 3987 1597 4088 ἀγαθοῖς.
1670 3990 1788 4066 καὶ
1845 3993 2061 4066 τοῦτο
2119 3983 2349 4066 πάλιν
2404 3985 2767 4084 εἰσόμεθα,
2824 4019 3005 4088 προ-

265 4136 350 4185 Es.
376 4136 510 4185 xxvi.
603 4108 839 4218 φήτου
890 4106 1021 4208 μὲν
1075 4111 1422 4212 λε’γοντος
1476 4120 1520 4157 “
1556 4110 1894 4215 Ἀρθήτω
1940 4110 1981 4190 5
2035 4106 2335 4209 ἀσεβὴς,
2379 4109 2496 4189 ἵνα
2551 4107 2654 4210 μὴ
2709 4109 2825 4215 ἴδῃ
2880 4106 3009 4210 τὴν
3031 4140 3108 4197 30

269 4215 349 4252 ω’
604 4246 648 4283 “
684 4232 907 4342 δόξαν
949 4234 1292 4338 Κυρίου·”
1357 4236 1432 4316 ἐν
1470 4234 1556 4313 δε’
1585 4268 1668 4337 γε
1703 4242 1848 4319 τοῖς
1887 4235 2377 4338 εὐαγγελικοῖς
2426 4233 2844 4338 κηρύγμασι
2882 4241 3007 4314 τοῦ

261 4365 513 4482 {lg-mh·
606 4364 939 4465 Σωτῆρος
1000 4365 1329 4463 Χριστοῦ
1397 4369 1441 4406 “
1482 4358 1850 4464 Μακάριοι
1908 4362 1974 4439 οὶ
2041 4360 2340 4464 καθαροὶ
2404 4362 2494 4465 τῇ
2559 4360 2836 4465 καρδίᾳ,
2900 4358 3006 4440 ὅτι

1664 4605 1717 4658 3.
1756 4590 1860 4659 ἔχω
1888 4586 1952 4643 Ε.
