3269 5166
311 388 512 432 umus

309 604 318 614 .
395 554 512 610 Sua
563 550 840 617 tribuens,
891 548 1014 608 Sibi
1069 549 1188 626 Ipsi
1242 567 1470 607 rursum

394 669 464 709 ea
518 668 662 725 quae
712 648 952 724 Templo
1008 647 1130 707 Suo
1183 647 1472 724 pertinent

400 752 518 807 150
545 766 597 820 e,
644 750 755 806 151
799 766 852 817 a,
910 746 980 805 cf.
1018 749 1133 805 178
1167 765 1216 811 c,
1261 751 1380 805 375
1411 746 1468 814 d,

393 849 517 906 376
546 865 599 912 a,
636 849 756 905 485
785 865 839 915 e,
875 849 994 905 549
1018 864 1068 911 c,
1098 849 1213 905 631
1242 863 1290 912 c,
1328 849 1467 915 632,

398 946 516 1002 762
536 963 569 1001 c
586 944 625 1001 d
642 961 692 1016 e,
723 947 840 1003 763
862 961 897 1000 a
913 943 973 1008 1),
1002 946 1124 1002 836
1142 943 1181 1000 d
1198 962 1247 1014 e,
1278 945 1396 1002 863
1415 961 1467 1008 e,

394 1040 460 1098 M
485 1045 557 1100 71
580 1040 725 1114 init,
743 1041 821 1100 iii.
846 1044 987 1106 493,
1011 1043 1151 1106 499,
1172 1045 1312 1107 500,
1334 1043 1470 1113 525,

397 1142 516 1198 527
574 1139 831 1214 quamvis
866 1157 985 1195 non
1024 1146 1160 1196 sunt
1190 1137 1342 1196 idem
1369 1157 1471 1194 na·

394 1246 525 1295 tura
539 1236 801 1295 Verbum
822 1244 884 1294 et
902 1254 1109 1312 eorpus
1139 1236 1323 1302 3611),
1355 1239 1472 1294 363

394 1336 433 1393 1)
454 1354 486 1392 c
571 1335 910 1392 Incamatus
977 1333 1212 1391 humilia
1278 1339 1475 1389 nostra

396 1432 516 1491 Sua
539 1432 676 1491 fecit
701 1435 818 1491 178
838 1431 945 1496 de,
965 1433 1088 1490 585
1145 1448 1249 1488 cur
1275 1429 1470 1486 Incar-

392 1537 564 1588 natus
594 1532 708 1588 501
742 1527 889 1586 cde
949 1545 1081 1584 cum
1120 1525 1324 1583 ceteris
1363 1526 1472 1582 hu-

394 1627 625 1685 milibus
675 1625 908 1693 nostris,
947 1633 1007 1683 et
1050 1624 1204 1690 colit,
1251 1621 1473 1681 etiamsi

396 1744 626 1802 semper
699 1724 905 1782 colitur
967 1718 1118 1798 Ipse‘
1152 1724 1288 1792 185,
1337 1722 1471 1786 186,

401 1827 518 1882 190
535 1823 575 1880 b
635 1822 988 1898 objectiones
1015 1820 1335 1879 refutantur
1357 1820 1471 1877 186

396 1922 658 1980 (1-190.
761 1920 897 1977 Vide
924 1918 1269 1985 Incarnatio,
1293 1916 1475 1975 Verbi

395 2019 549 2092 unio,
580 2017 794 2077 Christi
824 2016 1066 2091 Corpus.

316 2118 492 2177 Filius
514 2125 553 2151 ‘⁸
569 2115 849 2177 Patrem”
867 2114 1025 2179 dicit,
1045 2113 1123 2172 Se
1144 2131 1269 2172 esse
1286 2114 1471 2171 Deum

397 2216 750 2275 subinnuens
789 2216 904 2272 185
934 2231 991 2278 a.
1027 2215 1145 2270 213
1176 2210 1234 2277 d,
1272 2213 1391 2269 214
1421 2228 1473 2276 c,

405 2317 562 2373 1010
584 2314 622 2371 1)
678 2313 865 2371 Deum
894 2310 1031 2368 dicit
1057 2318 1329 2385 tanquam
1351 2308 1477 2366 Ho-

398 2431 494 2470 mo
536 2414 729 2479 845e,
773 2410 849 2469 iii.
891 2412 1029 2475 378,
1073 2411 1191 2466 380
1290 2406 1477 2464 “Nos

398 2518 627 2588 oportet
667 2506 935 2586 operari”
970 2515 1242 2582 tanquam
1282 2505 1477 2562 Homo

399 2607 477 2667 Se
522 2607 823 2666 nobiscum
873 2624 1290 2664 connumerans
1338 2603 1478 2662 dicit

399 2709 518 2765 599
542 2725 592 2778 e,
623 2708 743 2764 856
764 2706 818 2763 1).

319 2804 492 2863 Filius
537 2822 658 2861 non
705 2801 1089 2878 imperfectus,
1140 2820 1214 2859 ne
1263 2800 1475 2877 imper·

396 2902 582 2960 fectus
621 2910 682 2959 et
722 2901 894 2959 Pater
922 2902 1041 2959 493
1069 2900 1128 2965 b,
1168 2902 1306 2966 522,
1348 2901 1467 2957 524

394 3000 552 3059 Patri
579 2997 1081 3057 consubstantialis
1109 2998 1247 3063 496,
1277 2999 1394 3056 674
1418 3014 1470 3062 a,

399 3103 517 3157 832
545 3097 584 3156 b
601 3116 635 3155 c
651 3097 706 3156 d.

320 3194 491 3254 Filius
568 3193 763 3252 omnia
845 3193 1049 3259 sciens,
1126 3191 1472 3250 humanitati

399 3292 552 3351 Snae
588 3291 945 3368 ignorantiae
976 3290 1222 3348 formam
1252 3289 1475 3365 effingit

399 3394 519 3450 529
536 3409 588 3456 c,
629 3389 700 3449 cf.
730 3389 804 3448 iii.
838 3392 976 3455 584,
1010 3392 1127 3447 585
1213 3388 1471 3446 omnium

397 3490 545 3555 Rex,
595 3506 822 3564 semper
867 3496 934 3545 ut
979 3488 1171 3562 Deus;
1221 3505 1256 3544 a
1298 3485 1469 3544 Patre

395 3588 509 3647 hoe
552 3585 834 3662 accipiens
876 3593 943 3644 ut
990 3585 1185 3643 Homo
1222 3589 1340 3644 963
1372 3605 1404 3644 c
1433 3586 1473 3643 d

397 3705 466 3745 ea
493 3704 638 3762 quae
661 3692 729 3742 ut
760 3684 956 3742 Homo
981 3684 1185 3761 accipit
1209 3693 1277 3743 ut
1305 3685 1464 3744 Deus

395 3783 652 3861 possidet
679 3785 797 3842 972
820 3802 871 3841 a.

317 3882 445 3941 Filii
491 3892 531 3916 “
549 3900 735 3958 genna
783 3880 1026 3940 sumus”
1064 3880 1196 3955 quia
1238 3899 1468 3940 carnem

396 3989 657 4040 nostram
683 3980 919 4055 suscipit
940 3978 1045 4037 Ille
1066 3982 1184 4039 653
1202 3998 1234 4036 c
1252 3980 1291 4037 d
1359 3998 1468 4037 nos

394 4080 457 4137 in
513 4079 651 4155 Ipso
704 4097 809 4154 per
864 4077 1050 4135 carnis
1112 4077 1469 4136 identitatem

397 4181 517 4237 823
533 4195 588 4244 c,
615 4175 690 4237 cf.
715 4179 869 4236 1003
893 4195 928 4234 a
981 4175 1156 4233 Filius
1193 4176 1338 4234 filios
1364 4195 1473 4235 nos

395 4276 569 4335 efficit
615 4274 684 4332 Μ
719 4278 747 4332 1
850 4274 982 4350 Ipse
1034 4274 1094 4331 in
1147 4273 1311 4332 nobis
1370 4293 1475 4351 per

396 4374 676 4451 Spiritum
705 4374 823 4431 823
843 4372 901 4442 d,
925 4374 1044 4431 824
1061 4372 1119 4438 1),
1150 4375 1268 4433 933
1289 4392 1325 4430 a
1371 4393 1473 4431 no-

395 4474 485 4532 bis
506 4474 565 4530 in
587 4471 852 4531 omnibns
879 4470 1157 4547 primitiae
1181 4475 1300 4531 956
1316 4491 1351 4530 a
1366 4472 1404 4530 b
1422 4492 1472 4539 c,

398 4575 512 4631 981
538 4590 589 4639 c,
624 4574 779 4630 1003
801 4569 859 4638 1),
891 4568 956 4627 Μ
978 4572 1054 4629 76
1085 4564 1165 4650 [p.
1191 4565 1353 4650 308],
1381 4570 1467 4628 Μ.

1137 370 1463 429 INDEX
1548 370 1919 428 RERUM.

2608 373 2727 430 629

1656 555 1691 608 5
1717 550 1857 619 init„
1879 550 1957 609 iii.
1978 553 2115 622 365,
2141 553 2275 622 378,
2302 553 2419 609 384
2442 557 2502 608 et
2517 548 2634 608 vita
2653 550 2723 609 M

1658 653 1733 707 74
1752 650 1848 708 fin.
1901 648 1962 706 in
1984 648 2071 706 Eo
2099 648 2516 707 sanctificamur
2535 656 2596 705 et
2621 666 2728 705 nos

1655 748 1823 806 99Θά
1869 746 2096 825 Corpus
2114 747 2297 806 Suum
2315 747 2725 822 ceuTemplum

1654 844 1990 904 inhabitavit
2017 845 2192 903 Filius
2221 849 2338 904 343
2362 863 2397 901 a
2457 844 2578 903 Sibi
2605 844 2731 902 uni-

1654 943 1740 1000 vit
1758 942 1824 1000 M
1847 948 2026 1011 lnot„
2048 943 2124 1004 iii.
2148 946 2266 1002 364
2331 943 2527 1001 Homo
2546 944 2731 1001 factus

1657 1041 1818 1098 Deus
1871 1059 2097 1117 semper
2137 1041 2214 1099 iii.
2254 1043 2393 1108 364,
2432 1045 2570 1112 444,
2610 1045 2729 1099 474

1656 1138 1959 1197 vivificavit
1979 1138 2146 1195 Pater
2164 1156 2267 1213 per
2283 1138 2487 1195 Filium
2503 1143 2531 1197 1
2545 1142 2657 1197 102
2679 1157 2730 1209 e,

1663 1239 1819 1295 1103
1842 1255 1879 1294 a
1938 1235 2213 1293 Filietatis
2254 1236 2478 1293 initium
2519 1255 2733 1294 novum

1657 1334 1859 1393 habuit
1882 1334 1958 1393 iii.
1980 1336 2099 1392 365
2160 1333 2217 1390 in
2248 1334 2418 1392 Patre
2447 1333 2733 1408 quomodo

1659 1435 1777 1491 819
1808 1432 1847 1489 d
1938 1431 2224 1507 quomodo
2285 1431 2585 1507 cognoscit
2628 1432 2734 1488 Pa-

1655 1539 1802 1589 trem
1830 1534 1951 1588 450
1969 1530 2023 1588 (1.

1574 1629 1753 1688 Filius
1793 1627 1999 1703 accipit
2037 1635 2104 1685 ut
2138 1627 2315 1685 homo
2355 1645 2390 1684 a
2425 1634 2589 1703 patre
2627 1645 2734 1685 suo

1656 1726 1947 1785 hominem
1985 1744 2112 1784 esse
2152 1725 2354 1801 accipit
2389 1728 2500 1783 171
2527 1744 2579 1793 a,
2610 1729 2731 1784 220

1659 1844 1710 1891 e,
1746 1827 1859 1883 221
1884 1843 1919 1881 a
2003 1824 2264 1900 spiritum
2312 1842 2419 1901 pro
2462 1831 2588 1883 toto
2634 1843 2737 1901 ge-

1658 1940 1794 1980 nere
1848 1922 2101 1980 humano
2148 1925 2262 1982 991
2299 1942 2352 1989 e,
2405 1926 2522 1981 998
2554 1941 2607 1989 c,
2657 1922 2735 1980 iii.

1662 2023 1779 2078 378
1851 2019 1949 2078 dat
1990 2019 2159 2096 idque
2199 2039 2316 2077 non
2359 2021 2638 2079 serviliter
2665 2017 2735 2079 M

1661 2119 1760 2176 86.

1578 2214 1753 2273 Filius
1794 2214 2015 2291 accipit,
2059 2214 2286 2290 quando
2332 2215 2509 2272 homo
2550 2215 2736 2274 factus

1659 2323 1747 2371 est
1774 2317 1884 2372 171
1908 2313 1944 2370 d
1964 2331 2013 2379 e,
2048 2317 2160 2372 172
2180 2311 2286 2379 ad.
2322 2316 2435 2371 173
2455 2330 2508 2377 a,
2540 2315 2659 2370 220
2680 2330 2733 2381 a,

1662 2415 1781 2471 224
1812 2413 1868 2479 d,
1931 2416 2050 2471 253
2093 2432 2145 2483 c,
2204 2415 2323 2473 963
2354 2412 2392 2469 d
2419 2431 2472 2481 e,
2532 2415 2650 2471 975
2681 2432 2735 2480 a,

1667 2513 1818 2569 1001
1843 2511 1953 2578 bc,
1987 2515 2198 2571 10068,
2251 2511 2454 2589 accipit
2487 2530 2594 2589 pro
2630 2530 2735 2568 no-

1659 2608 1748 2666 bis
1782 2612 1937 2669 1003
1958 2629 2010 2669 a.

1577 2707 1754 2765 Filius
1794 2708 2015 2784 accipit,
2057 2709 2205 2766 sicut
2242 2708 2397 2784 ignis
2438 2708 2620 2766 virtus
2661 2709 2734 2766 ab

1660 2805 1794 2882 igne
1834 2805 2038 2882 accipit
2073 2809 2192 2865 225
2216 2824 2249 2863 e
2317 2824 2421 2864 cur
2457 2806 2533 2863 ad
2572 2806 2732 2864 Dex-

1658 2910 1806 2962 tram
1835 2901 2144 2961 consedere
2171 2903 2380 2960 dicitur
2409 2906 2528 2962 844
2550 2902 2589 2959 1)
2610 2922 2658 2960 c.

1576 2999 1749 3059 Filius
1791 2999 2078 3077 quomodo
2127 3000 2335 3057 missus
2376 3002 2490 3058 168
2515 2999 2570 3072 d,
2615 3002 2733 3059 169

1656 3120 1690 3158 a
1709 3101 1762 3172 1),
1797 3103 1911 3158 197
1931 3118 1963 3157 c
1984 3099 2039 3172 d,
2084 3101 2201 3156 366
2224 3098 2260 3155 1)
2283 3117 2335 3164 c,
2368 3101 2486 3157 413
2513 3098 2567 3164 1),
2611 3101 2730 3157 555

1656 3199 1713 3270 1),
1762 3201 1881 3256 670
1911 3217 1962 3265 a,
2009 3200 2122 3257 671
2158 3198 2215 3266 1),
2266 3199 2385 3255 689
2417 3216 2470 3266 a,
2520 3199 2640 3255 904
2674 3196 2733 3262 1),

1657 3299 1775 3355 965
1805 3297 1843 3354 1)
1871 3315 1922 3361 c,
1953 3299 2073 3354 994
2095 3314 2131 3352 a
2196 3294 2484 3370 quomodo
2526 3294 2734 3352 sancti-

1656 3395 1859 3451 ficatus
1888 3397 2001 3453 671
2030 3412 2062 3451 c
2084 3393 2122 3450 d
2148 3412 2200 3465 e,
2239 3393 2362 3450 vide
2404 3393 2737 3451 Sanctificat

1656 3495 1995 3551 Incarnatus
2072 3510 2141 3549 ea
2210 3510 2353 3567 quae
2439 3490 2733 3549 hominem

1655 3590 2069 3652 transcendunt
2097 3589 2259 3648 Patri
2293 3589 2510 3657 tribuit,
2540 3609 2738 3666 quam-

1655 3690 1743 3748 vis
1798 3690 1990 3747 omnia
2054 3707 2158 3765 per
2210 3688 2409 3764 Ipsum
2477 3689 2737 3766 operanti

1659 3790 1774 3847 367
1803 3787 1844 3845 1)
1881 3806 1933 3854 c,
1975 3786 2041 3844 M
2076 3791 2169 3855 11,
2213 3791 2289 3846 75
2333 3788 2431 3845 fin.
2485 3787 2654 3846 discit
2700 3806 2738 3846 a

1658 3888 1842 3953 Patre,
1909 3885 1970 3943 id
2036 3893 2128 3944 est
2195 3885 2378 3943 Patris
2448 3886 2735 3943 Naturam

1656 3983 1833 4043 Suam
1887 3983 2060 4042 habet
2110 3985 2227 4042 528
2267 3984 2307 4041 (1
2349 4002 2383 4042 e
2476 3983 2738 4042 similiter

1658 4090 1699 4115 ‘⁸
1721 4082 1830 4140 scit
1846 4081 1883 4104 '⁸
1939 4090 2210 4158 tanquam
2284 4082 2460 4139 homo
2528 4089 2736 4139 natura

1656 4188 1915 4239 naturam
1965 4180 2145 4256 patris
2186 4180 2273 4237 sui
2319 4180 2428 4238 scit
2473 4180 2591 4238 582
2627 4179 2666 4236 d
2702 4197 2736 4237 e

1657 4278 1819 4335 audit
1865 4297 1900 4335 a
1942 4279 2130 4344 Patre,
2180 4277 2243 4335 id
2297 4286 2387 4336 est
2436 4276 2737 4352 cognoscit

1660 4378 1778 4434 549
1815 4375 1853 4432 d
1885 4394 1919 4433 e
1992 4388 2053 4434 et
2093 4375 2289 4434 Homo
2329 4375 2516 4432 factus
2553 4376 2672 4430 550
2701 4392 2739 4432 a

1659 4472 1737 4532 Se
1774 4473 2104 4541 exinanivit,
2148 4473 2227 4533 Se
2264 4482 2324 4532 et
2361 4471 2633 4530 exaltavit
2660 4471 2738 4531 iii.

1662 4574 1798 4630 380.
