3269 5166
862 356 1099 422 ACTA
1146 359 1262 423 SS.
1309 357 2003 424 APOSTOLORUM.
2502 359 2632 422 443

909 528 1155 596 Σολομὼν
1180 528 1237 581 δὲ
1263 526 1591 601 ᾠκοδόμησεν
1615 527 1753 601 αὐτῷ
1777 523 1933 582 οἶκον.

306 634 483 709 Quod
526 635 794 713 sequitur
839 637 1101 698 scholion
1145 658 1219 697 ex
1262 638 1482 707 Oatena
1509 638 1637 699 MS.
1667 639 1949 699 Vaticana
1987 638 2242 699 Niketae
2282 657 2401 696 non
2443 637 2629 696 Hera-

226 731 487 792 cleorum
540 734 643 792 sed
699 734 995 812 Naupacti
1057 736 1183 812 [sed
1204 737 1307 812 (2)]
1361 737 1461 795 fol.
1509 756 1625 796 200
1675 737 1910 797 exhibet
1961 736 2234 813 (Patrum
2283 735 2431 795 Bibl.
2479 754 2631 793 nova

227 829 313 887 iii.
346 834 494 906 452)
542 832 737 892 Maius
776 834 1103 908 Ἀνεδείματο
1149 836 1246 907 μὲν
1299 837 1355 891 ἐν
1397 840 1506 895 τοῖς
1549 836 1931 908 Ἱεροσολύμοις
1982 839 2073 892 τὸν
2127 839 2400 907 διαβόητον
2444 837 2633 891 ἐκεῖνον

226 933 356 985 νεὼν
381 935 412 986 6
440 934 752 1006 σοφώτατος
776 936 1035 1005 Σολομῶν·
1078 934 1356 1008 ε’πεγάνυτο
1396 935 1454 990 δὲ
1493 935 1612 990 λίαν
1642 936 1781 1011 αὐτῷ
1819 940 1922 990 τῶν
1946 936 2182 991 ῖουδαίων
2209 939 2239 990 6
2266 937 2441 1006 δῆμος,
2471 931 2634 1010 ᾤοντό

226 1051 285 1084 τε
322 1029 404 1084 ὅτι
440 1030 732 1106 κατῴκησεν
761 1033 822 1087 ἐν
856 1033 993 1107 αὐτῷ
1032 1033 1446 1105 περιειλημμένος
1481 1035 1511 1086 6
1542 1038 1645 1088 τῶν
1681 1032 1819 1089 ὅλων
1860 1037 2007 1090 Θεός·
2050 1034 2262 1105 βραδεῖς
2287 1034 2389 1105 γὰρ
2416 1030 2501 1087 ἀεί
2521 1053 2634 1088 πως

226 1128 301 1185 εἷς
329 1126 546 1183 σῦνεσιν
570 1129 653 1184 καὶ
677 1134 781 1184 τῶν
805 1130 923 1201 περὶ
949 1133 1084 1185 Θεοῦ
1114 1132 1286 1203 λόγων
1309 1129 1723 1201 ἀνεπιστήμονες,
1751 1129 1806 1186 οἵ
1834 1153 1898 1203 γε
1934 1134 2015 1186 καὶ
2043 1135 2177 1186 Θεοῦ
2200 1133 2356 1187 πόλιν
2381 1128 2634 1199 οἰηθέντες

226 1226 321 1295 τὴν
344 1226 704 1299 Ἰερουσαλὴμ,
733 1228 789 1282 ἐν
821 1229 948 1297 αὐτῇ
984 1229 1042 1283 δὲ
1078 1230 1160 1283 καὶ
1194 1230 1325 1299 μόνῃ
1368 1229 1644 1302 διεγίνοντο
1677 1225 2009 1305 [διετείνοντο
2049 1226 2379 1285 emendavit
2406 1224 2626 1303 Maius]

229 1328 480 1380 κατοικεῖν
505 1326 661 1381 αὐτὸν
686 1326 769 1380 διά
803 1347 886 1381 τοι
920 1330 1013 1381 τοῦ
1047 1324 1295 1399 λέγεσθαι
1320 1326 1405 1381 διὰ
1431 1328 1611 1398 φωνῆς
1638 1331 1731 1381 τοῦ
1759 1327 1926 1392 Δαβίδ
1954 1329 1989 1357 “
2009 1326 2377 1397 Δεδοξασμένα
2404 1322 2630 1395 ἐλαλήθη
2658 1325 2743 1375 PS-
2760 1324 2958 1375 lxxxvi·

231 1424 265 1451 “
290 1423 412 1494 περὶ
453 1427 574 1491 σοῦ,
617 1422 648 1492 ἦ
688 1425 839 1481 πόλις
877 1428 970 1479 τοῦ
1010 1423 1192 1479 Θεοῦ.”
1248 1425 1439 1497 σμικρὰ
1478 1428 1750 1497 τοιγαροῦν
1789 1425 2092 1492 δοξάζοντας
2131 1424 2339 1496 ε’λέγχει
2380 1423 2509 1479 Θεὸς
2549 1425 2633 1479 καί
2656 1404 2703 1454 3‘

229 1522 370 1591 φησι
418 1523 579 1576 Ποῖον
623 1516 761 1577 οἶκον
806 1521 1169 1592 οἰκοδομήσετέ
1210 1544 1320 1593 μοι,
1371 1521 1554 1594 θρόνον
1580 1524 1752 1592 ἔχοντι
1797 1522 1888 1576 τὸν
1933 1523 2162 1595 οὐρανὸν,
2212 1521 2492 1577 ὑποπόδιον
2538 1521 2632 1589 τὴν

226 1619 327 1689 γῆν
340 1641 361 1681 ,·

226 1766 265 1806 a
289 1748 392 1808 fol.
425 1762 498 1823 52
519 1771 576 1810 v.
616 1756 722 1808 Τοῦ
747 1753 896 1825 ἁγίου
923 1755 1168 1825 κυρίλλου
1195 1753 1268 1810 εἷς
1292 1755 1355 1808 τό
1380 1753 1552 1826 Πατὲρ
1580 1756 1656 1811 είς
1689 1756 1866 1826 χεῖράς
1893 1775 1992 1808 σου
2018 1752 2326 1825 παρατίθημι
2350 1752 2411 1806 τὸ
2436 1753 2633 1820 πνεῦμά

739 1874 838 1921 μου
862 1848 996 1908 vide
1023 1848 1174 1907 infra
1200 1850 1356 1909 inter
1379 1848 1755 1908 homiliarum
1781 1849 2118 1926 fragmenta.

308 1965 431 2022 eds
469 1965 527 2020 δὲ
564 1966 629 2020 τὸ
666 1971 859 2038 γόνατα
900 1989 945 2024 κ.
961 1989 1007 2023 τ.
1028 1970 1080 2023 λ.
1168 1964 1522 2043 Fragmenta
1565 1965 1822 2042 quinque
1869 1964 1966 2024 hic
2005 1963 2241 2023 exhibet
2280 1982 2313 2022 e
2355 1961 2633 2022 Cramero

124 2054 139 2067 “
226 2062 449 2139 Migne,
489 2068 584 2119 τοῦ
623 2066 780 2131 αμτοῦ
818 2061 1231 2140 praemittente
1272 2063 1506 2138 codice3
1562 2063 1820 2140 primum
1860 2070 2057 2122 autem
2098 2069 2159 2121 et
2199 2061 2514 2121 secundum
2554 2063 2632 2121 ad

226 2159 291 2219 8.
312 2160 797 2237 chrysostomum
839 2161 1015 2222 Hom.
1052 2164 1124 2221 18
1163 2163 1241 2221 ad
1279 2162 1385 2221 loc.
1424 2161 1740 2240 pertinent,
1778 2181 1885 2220 nec
1924 2161 1985 2222 8.
2007 2160 2293 2237 cyrillum
2335 2165 2631 2221 auctorem

224 2257 445 2317 habent
471 2257 585 2317 tria
612 2265 919 2336 postrema.

304 2357 400 2415 Ὦς
424 2361 702 2431 πράθατον.
760 2359 1341 2434 ἐμφανὴς-φυόμενος
1380 2356 1477 2416 hic
1518 2357 1757 2416 exhibet
1791 2357 2005 2435 Migne‚
2037 2376 2186 2435 quae
2225 2357 2301 2415 ad
2342 2375 2629 2416 commen-

222 2453 420 2513 taria'
402 2474 466 2511 m
494 2454 728 2513 Esaiam
753 2455 1100 2534 prophetam
1135 2455 1201 2531 [i.
1220 2476 1269 2517 e.
1304 2458 1420 2532 746
1443 2476 1493 2529 c,
1526 2468 1639 2531 747
1663 2456 1722 2528 b,
1757 2461 1872 2532 748
1895 2457 1934 2516 b
1956 2456 1993 2515 d
2037 2463 2108 2515 ut
2146 2455 2388 2514 adnotat
2428 2455 2631 2533 Higne

223 2551 376 2631 ipse]
408 2552 722 2631 pertinent.

302 2717 342 2756 a
370 2696 468 2756 fol.
501 2710 575 2774 77
599 2718 655 2758 V.
687 2698 888 2757 Ἐπεσε
914 2705 974 2757 τὸ
1000 2706 1207 2773 Πνεῦμα
1233 2704 1293 2758 τὸ
1319 2704 1466 2777 ἅγιον
1494 2726 1543 2760 κ.
1562 2726 1604 2759 τ.
1626 2706 1678 2761 λ.
1765 2702 1897 2760 Hoc
1925 2701 2086 2761 deest
2113 2700 2177 2758 in
2205 2697 2419 2776 Migne‚
2449 2717 2556 2757 nec

810 2796 871 2858 8.
893 2797 1175 2876 Cyrillum
1204 2806 1498 2860 auctorem
1529 2803 1622 2876 (ut
1649 2799 1822 2879 puto)
1849 2799 2039 2859 habet.

305 2912 431 2968 Ἐάν
456 2936 536 2970 τις
559 2913 889 2986 ἆμφιβῶλοι
912 2917 1072 2970 πάλιν
1095 2917 1197 2988 πρὸ
1232 2921 1324 2972 τοῦ
1356 2917 1702 2987 βαπτισθῆναι
1740 2916 1858 2972 τοὺς
1898 2915 2037 2988 ἀμφὶ
2075 2915 2166 2968 τὸν
2193 2910 2493 2985 Κορνήλιον,
2522 2914 2633 2966 πῶς

225 3008 521 3081 ήξιῶθησαν
545 3015 641 3066 τοῦ
663 3011 841 3084 Ἀγίου
867 3011 1179 3083 Πνεῦματος,
1206 3012 1341 3070 ἴστω
1369 3015 1453 3070 διὸ
1488 3014 1582 3084 τὴν
1622 3013 1794 3086 κρίσιν
1835 3007 2113 3090 [διάκρισιν
2138 3007 2262 3067 eod.
2291 3002 2494 3086 Coisl]
2538 3011 2632 3061 τοῦ

227 3107 433 3181 Πὲτρου
460 3109 544 3164 καὶ
577 3113 681 3164 τῶν
707 3109 763 3164 ἐκ
788 3112 1066 3184 περιτομῆς
1091 3112 1153 3166 τὸ
1177 3116 1410 3167 τοιοῦτον
1436 3111 1764 3185 γεγενῆσθαι.

349 3275 388 3315 a
413 3255 512 3316 fol.
544 3260 639 3316 80.
680 3258 818 3333 Ἐγὼ
843 3260 922 3318 τίς
946 3263 1089 3331 ἤμην.
1176 3258 1383 3337 Neque
1410 3258 1520 3318 hoc
1545 3264 1742 3318 tamen
1770 3276 1900 3317 meo
1919 3255 2139 3336 judicio
2168 3254 2226 3315 8.
2253 3252 2477 3331 cyrilli.

310 3375 584 3444 Οἶκονομία
618 3395 696 3431 τις
732 3375 935 3447 ἐγένετο
972 3376 1056 3431 διὰ
1091 3376 1185 3445 τὴν
1208 3376 1410 3444 πολλὴν
1433 3381 1537 3430 τῶν
1561 3377 1618 3431 ἐκ
1653 3377 1928 3448 περιτομῆς
1960 3373 2353 3430 πιστευσάντων
2377 3371 2633 3443 διάκρισιν

228 3468 327 3550 (ef.
357 3469 534 3529 schol.
561 3469 798 3551 praem),
839 3475 942 3546 πρὸ
982 3477 1075 3529 τοῦ
1113 3474 1473 3544 βαπτίσματος
1509 3474 1872 3544 καταξιωθῆναι
1907 3473 2027 3529 τοὺς
2066 3473 2184 3543 περὶ
2224 3472 2313 3524 τὸν
2348 3467 2632 3540 Κορνήλιον

225 3574 319 3625 τοῦ
346 3567 655 3640 nutamus,
682 3567 765 3626 ἵνα
800 3570 892 3641 τὴν
915 3570 1211 3644 ἀντίρρησιν
1234 3577 1338 3626 τῶν
1363 3570 1778 3644 ἀγανακτούντων
1810 3569 2010 3639 παῦσῃ.
2066 3569 2184 3624 ὅθεν
2217 3568 2274 3623 δὲ
2311 3568 2394 3622 καὶ
2429 3567 2632 3624 εἰκότως

225 3666 347 3741 περὶ
371 3672 476 3723 τῶν
499 3668 868 3742 ἀντιλεγόντων
895 3667 1086 3742 εἴρηται
1107 3666 1442 3726 Ἀκούσαντες
1468 3669 1524 3723 δὲ
1548 3667 1837 3740 ἡσύχασαν.

308 3818 344 3856 a
373 3797 471 3857 fol.
505 3816 583 3873 90
613 3797 712 3857 fin.
754 3802 930 3870 Μάνης
952 3801 1400 3874 γὰρ-ἅνθρωπος
1428 3804 1458 3855 ὁ
1485 3801 1639 3857 αὐτὸς
1665 3817 1698 3857 e
1726 3796 1905 3856 Hom.
1934 3817 1994 3855 x.
2035 3796 2098 3854 in
2136 3795 2197 3855 S.
2219 3795 2439 3854 Lucam
2470 3793 2630 3868 (vide

228 3895 374 3955 unii
413 3894 564 3953 Bibl.
594 3895 746 3955 Nov.
775 3895 835 3953 ii.
874 3915 1008 3968 144,
1046 3910 1156 3970 145
1194 3904 1256 3956 et
1293 3896 1616 3956 versionem
1658 3915 1690 3954 e
1730 3895 1930 3972 ling-ua
1970 3893 2207 3971 Syriaca
2246 3892 2632 3969 Anglicanam

225 3992 342 4051 viri
406 3990 725 4052 doctissimi
780 3992 851 4052 R.
908 3992 979 4053 P.
1037 3993 1250 4069 suaith,
1305 3993 1596 4054 Ecclesiae
1653 3992 2136 4070 Metropolitanae
2192 3989 2632 4050 cantuariensis

226 4090 464 4162 Decani,
493 4089 737 4162 Oxford,
775 4093 956 4167 1859)
987 4091 1375 4169 desumptum.
1462 4091 1658 4150 Verba
1697 4110 1882 4169 pauca
1920 4093 2210 4167 anonyma
2246 4093 2275 4144 ὁ
2306 4090 2368 4144 τὸ
2396 4088 2631 4159 ὑπόδημα

229 4188 712 4264 -σνγιριθήσεται
737 4188 900 4248 addit
929 4188 1141 4268 Migne.

863 4357 901 4397 a
927 4336 1009 4397 fol
1038 4356 1111 4415 91
1144 4356 1197 4398 v.
1242 4340 1347 4413 ε’γῶ
1375 4338 1599 4411 σήμερον
1618 4337 1897 4411 γεγέννηκά
1930 4358 2011 4393 σε.

307 4454 370 4508 ‘O
396 4456 552 4525 μόνος
592 4454 739 4511 εἰδὼς
778 4456 869 4510 τὸν
892 4455 1099 4528 Πατέρα
1138 4456 1220 4510 καὶ
1258 4455 1360 4510 ὑπὸ
1399 4456 1556 4523 μόνου
1596 4454 1972 4526 γινωσκόμενος
2010 4454 2103 4506 τοῦ
2140 4450 2359 4521 Πατρὸς,
2390 4447 2421 4515 ή
2457 4441 2626 4517 σοφία

227 4553 309 4607 καὶ
334 4554 364 4607 6
390 4553 558 4626 Λόγος
584 4553 756 4618 αὐτοῦ,
785 4555 814 4608 6
839 4555 931 4623 τῆς
964 4554 1188 4627 μεγάλης
1224 4554 1421 4621 βουλῆς
1457 4551 1695 4624 ἄγγελος,
1724 4552 1849 4606 κατὰ
1884 4550 1975 4620 τὴν
2002 4553 2094 4604 τοῦ
2129 4543 2403 4618 προφήτου
2431 4541 2623 4615 φωνὴν,
2650 4544 2735 4593 Es.
2767 4545 2834 4595 ix.
2855 4541 2905 4596 6.

1346 4664 1384 4729 3
1418 4667 1452 4707 ι.
1487 4662 1523 4710 2
