3269 5166
193 337 332 402 xix.
360 356 467 424 30.
771 336 885 401 IN
938 336 1006 401 S.
1055 335 1563 402 JOANNEM.
1658 337 1849 403 LIB.
1899 338 2059 403 XII.
2531 340 2618 403 99

193 501 449 604 λέγων
504 512 549 549 “
576 503 754 583 Ὅτι
809 501 931 582 ἐὰν
984 504 1502 605 περιτέμνησθε
1548 502 1876 606 Χριστὸς
1933 506 2112 603 ὑμᾶς
2167 501 2373 584 οὐδὲν
2427 508 2611 611 ὠφε-
2702 523 2817 575 Gal·
2834 539 2884 574 v.
2912 538 2957 576 ²·

196 636 246 675 “
284 624 525 727 λήσει.
607 627 1100 730 κατηργήθητε
1144 624 1290 707 ἀπὸ
1333 632 1669 729 Χριστοῦ
1716 629 1967 713 οἵτινες
2015 630 2092 709 ἐν
2147 626 2342 737 νόμῳ
2392 633 2616 708 δικαι-
2708 642 2788 692 Ib-
2814 657 2864 706 4·

198 762 245 799 “
280 757 535 848 οῦσθε,
595 755 721 851 τῆς
788 752 1079 857 χάριτος
1131 749 1583 857 {gemb-are?
1660 754 1830 831 ἀλλ’
1891 751 2010 832 ἵνα
2067 750 2196 832 τὸν
2251 759 2379 833 τοῦ
2433 786 2615 855 προ-

196 875 526 974 κειμένου
586 876 962 980 χρησίμως
1022 879 1141 954 καὶ
1203 877 1607 978 ἀναγκαίως
1673 875 2300 978 ἀναμηρυσῶμεθα
2360 875 2610 980 λόγον,

126 1032 166 1094 5
195 998 529 1104 σχίζεται
577 1001 689 1081 τοῦ
741 1001 893 1080 ναοῦ
941 1000 1015 1081 τὶ
1070 997 1611 1106 καταπέτασμα
1662 1001 1806 1082 ltu-3
1843 997 2073 1082 ἄνωθεν
2111 1000 2231 1087 ἕως
2275 999 2488 1099 noim,
2522 998 2616 1080 τὰ

194 1123 378 1226 ἅγια
427 1130 573 1204 τῶν
621 1124 846 1226 ἁγίων
897 1122 1525 1209 ἀνακαλύπτοντος
1575 1122 1831 1227 ὥσπερ
1883 1126 2022 1226 ἤδη
2076 1133 2206 1205 τοῦ
2244 1129 2457 1223 Θεοῦ,
2495 1128 2614 1206 καὶ

190 1244 442 1347 βατὴν
469 1253 616 1333 τοῖς
649 1246 1120 1328 πιστεύουσιν
1157 1254 1253 1332 εἱς
1280 1246 1613 1350 Χριστὸν
1649 1245 1781 1349 τὴν
1819 1248 1966 1329 ἔσω
2005 1247 2264 1329 λοιπὸν
2299 1247 2611 1334 τιθέντος
2634 1260 2679 1326 b

191 1372 508 1473 σκηνήν.
606 1369 969 1475 πρόκειται
1019 1370 1163 1477 γὰρ
1217 1373 1354 1474 ἤδη
1408 1378 1556 1453 τῶν
1610 1375 1819 1454 θείων
1874 1374 2043 1473 ἡμῖν
2094 1374 2512 1477 μυστηρίων
2564 1373 2612 1472 ἡ

190 1503 499 1601 γνῶσις,
535 1497 764 1576 οὐκέτι
808 1499 898 1603 τῇ
940 1495 1299 1603 παχύτητι
1335 1505 1462 1577 τοῦ
1497 1506 1790 1597 νομικοῦ
1828 1496 2250 1601 γράμματος
2287 1494 2611 1601 καθάπερ

79 1663 164 1704 ιο
189 1626 342 1703 τινὶ
394 1620 985 1722 καταπετάσματι
1033 1623 1640 1730 κατημφιεσμένη,
1679 1623 1840 1703 οὐδὲ
1892 1621 1976 1704 τὸ
2014 1626 2091 1703 ἐκ
2125 1626 2254 1722 Τῆς
2287 1623 2610 1727 ἱστορίας

191 1746 479 1851 ἔχουσα
533 1745 1087 1847 κατακοῖλυμμα,
1129 1747 1355 1849 ἤγουν
1391 1746 1476 1826 τὸ
1531 1750 1607 1827 ἐν
1657 1746 1904 1832 τύποις
1960 1746 2230 1853 ἀφανὲς
2285 1753 2434 1832 τοῖς
2480 1751 2609 1848 τῆς

190 1871 516 1955 διανοίας
585 1870 789 1971 ἡμῶν
861 1870 1183 1970 ὄμμασιν
1256 1868 1817 1974 ἀνατειχίζουσα,
1877 1869 2049 1951 ἀλλ’
2111 1874 2188 1951 ἐν
2250 1868 2608 1971 ἁπλότητι

192 1995 522 2079 πίστεως
564 1997 681 2075 καὶ
730 1997 808 2075 ἐν
855 1997 1131 2098 ὀλίγοις
1174 1998 1431 2101 κομιδῇ
1477 2002 1623 2081 τοῖς
1667 1993 2011 2100 ῥήμασιν·
2079 2006 2123 2043 “
2156 1993 2429 2150 Ε’γγῦς
2465 1994 2609 2099 γάρ
2697 2005 2848 2057 Βοω·
2871 2022 2922 2057 ¹·

193 2130 245 2168 “
282 2152 451 2216 σου,
490 2123 703 2226 φησὶ,
743 2154 829 2201 το
881 2120 1086 2225 ῥῆμιί
1127 2122 1354 2215 ἐστιν,
1394 2121 1470 2199 ἐν
1505 2125 1610 2227 τῷ
1655 2118 1971 2219 στόματί
2017 2153 2160 2199 σου
2215 2123 2333 2199 καὶ
2388 2122 2464 2200 ἐν
2518 2125 2608 2225 τῇ
2833 2110 2847 2124 ’

87 2276 164 2338 15
195 2256 244 2293 “
283 2243 545 2351 καρδία
596 2279 762 2342 σου,
802 2244 1130 2325 τουτέστι
1164 2278 1249 2325 το
1297 2246 1494 2349 ῥῆμα
1536 2249 1666 2344 τῆς
1699 2244 2012 2329 πίστεως
2049 2243 2089 2324 ὃ
2124 2243 2608 2347 κηρύσσομεν,

197 2381 244 2418 “
286 2367 401 2448 ὅτι
465 2367 589 2447 ἐὰν
654 2368 854 2474 εἴπῃς
911 2371 990 2449 ἐν
1045 2375 1148 2478 τῷ
1212 2367 1526 2468 στόματι
1586 2403 1731 2449 σου
1795 2368 2059 2472 Κύριος
2122 2369 2429 2469 Ἰησοῦς,
2492 2370 2607 2446 καὶ
2633 2405 2670 2448 ο

195 2506 245 2543 “
281 2491 692 2600 πιστεύσῃς
745 2495 821 2573 ἐν
857 2498 947 2600 τῇ
996 2492 1251 2602 καρδίᾳ
1301 2527 1442 2574 σου
1492 2493 1603 2573 ὅτι
1648 2494 1688 2573 ὁ
1727 2490 1913 2578 Θεὸς
1957 2492 2239 2597 ἤγειρεν
2277 2491 2494 2572 αὑτὸν
2532 2494 2609 2572 ἐκ

193 2631 243 2669 “
283 2624 577 2723 νεκρῶν,
621 2616 956 2726 σωθήσῃ·
1013 2620 1271 2727 καρδίᾳ
1306 2618 1449 2721 γὰρ
1495 2618 1908 2701 πιστεύεται
1965 2625 2062 2704 εἰς
2117 2617 2603 2718 δικαιοσύνην,

195 2755 244 2794 “
279 2740 605 2843 στόματι
641 2743 716 2824 δὲ
761 2745 1217 2847 ὁμολογεῖται
1263 2749 1358 2827 εἷς
1404 2744 1841 2845 σωτηρίαν.”
1919 2742 2097 2824 ὅλον
2147 2739 2293 2845 γὰρ
2326 2743 2498 2843 ἡμῖν
2533 2745 2610 2822 ἐν

86 2915 168 2956 ιο
193 2869 484 2951 τούτοις
536 2868 786 2971 ὁρᾶται
839 2866 925 2948 τὸ
979 2872 1108 2969 τῆς
1161 2869 1528 2963 εὐσεβείας
1583 2866 2006 2971 μυστήριον.
2082 2869 2250 2947 ἀλλ’
2294 2867 2423 2951 ἕως
2478 2867 2611 2962 μὲν

196 2995 408 3074 οὔπω
440 2996 568 3091 τῆς
602 2992 944 3094 ἡμετέρας
979 2989 1492 3095 ὑπεραθλήσας
1527 2991 1709 3095 ζωῆς
1745 2990 1871 3071 τὸν
1911 2995 2038 3081 τῆς
2074 2987 2349 3092 σαρκὸς
2387 2988 2609 3070 θάνα-

197 3152 333 3200 τον
369 3116 739 3216 ὑπέμεινεν
776 3119 817 3195 ὁ
853 3115 1208 3220 Χριστὸς,
1248 3113 1546 3216 ἥπλωτό
1588 3150 1744 3199 πως
1780 3116 1883 3195 ἔτι
1922 3112 1995 3195 τό
2042 3114 2605 3220 καταπέτασμα·

197 3238 485 3345 ἐκράτει
541 3237 686 3342 γὰρ
731 3239 832 3321 ἔτι
887 3244 1016 3340 τῆς
1063 3237 1247 3320 κατὰ
1301 3239 1519 3337 νόμον
1556 3242 1852 3338 ἐντολῆς
1888 3239 1934 3339 ἦ
1972 3239 2289 3336 δύναμις.
2368 3236 2607 3337 ἐπειδὴ

199 3365 282 3447 δὲ
331 3363 578 3446 πάντα
632 3359 1018 3445 τετέλεστο
1073 3361 1165 3443 τὰ
1214 3365 1330 3444 ἐπὶ
1374 3369 1684 3470 Χριστῷ
1741 3360 2174 3463 τολμήματα
2227 3361 2429 3466 παρὰ
2483 3366 2610 3463 τῆς

91 3526 169 3586 25
195 3488 573 3571 Ἰουδαίων
626 3485 1110 3589 ἀνοσιότητος,
1167 3491 1284 3569 καὶ
1347 3486 1607 3569 λοιπὸν
1668 3486 2007 3595 ἐξέπνευσε
2071 3488 2155 3565 δι’
2215 3487 2430 3587 ἡμᾶς,
2490 3491 2606 3567 καὶ

195 3623 420 3697 τοῦτο
471 3610 726 3694 παθὼν
776 3614 817 3692 ὁ
851 3610 1344 3712 Ἐμμανουὴλ,
1384 3609 1624 3714 καιρὸς
1675 3610 1764 3711 ἦν
1813 3610 1950 3711 ἤδη
1995 3609 2605 3714 περιῤῥήγνυσθαι
2627 3631 2670 3695 d

197 3736 469 3820 λοιπὸν
502 3735 589 3817 τὸ
625 3740 924 3843 ἀρχαῖον
960 3740 1179 3817 ἐκεῖνο
1219 3740 1337 3817 καὶ
1371 3734 1617 3818 πλατὺ
1654 3737 2206 3835 καταπέτασμα,
2247 3736 2602 3833 τουτέστι,

195 3863 337 3965 τὴν
372 3869 507 3943 τοῦ
554 3869 844 3959 νομικοῦ
896 3859 1320 3965 γράμματος
1360 3858 1795 3966 ἀσφάλειαν,
1834 3862 1951 3939 καὶ
2008 3863 2607 3960 ἀπογυμνοῦσθαι

198 3995 354 4073 τοῖς
401 3984 523 4066 διὰ
569 3987 883 4070 πίστεως
937 3984 1399 4086 ἡγιασμένοις
1453 3987 1530 4064 ἐν
1584 3986 1891 4092 Χριστῷ
1948 3987 2073 4083 τῆς
2129 3984 2467 4088 ἀληθείας
2521 3983 2606 4064 τὸ

88 4145 170 4203 30
196 4111 506 4196 κάλλος.
587 4108 909 4215 σχίζεται
947 4107 1022 4188 δὲ
1062 4107 1310 4189 διόλου
1344 4106 1430 4189 τὸ
1469 4107 2009 4207 καταπέτασμα,
2046 4107 2130 4189 τὸ
2167 4106 2312 4212 γάρ
2331 4107 2608 4190 Ἀνωθεν

197 4238 326 4324 ἕως
371 4234 567 4317 κάτω
604 4234 684 4315 τί
713 4232 805 4313 ἂν
842 4233 1081 4336 ἕτερον
1116 4234 1286 4333 ἡμῖν
1322 4233 1368 4334 ἢ
1403 4240 1613 4312 τοῦτο
1649 4234 2029 4332 σημαίνεις
2088 4236 2205 4314 καὶ
2242 4230 2359 4312 διὰ
2392 4233 2609 4313 ποίαν

272 4428 326 4486 7.
360 4413 623 4486 βοτὴσΕ.
647 4410 944 4484 μότηνΕᾶ.
1049 4411 1277 4468 τιθέντος
1300 4428 1482 4466 assum
1522 4420 1639 4467 tum
1666 4429 1731 4466 ex
1763 4410 1824 4466 Β.
2203 4427 2285 4482 13.
2322 4412 2384 4466 τὸ
2442 4411 2610 4465 roxa}

194 4486 412 4558 Migne.
793 4483 877 4538 16.
914 4504 1016 4537 σου
1039 4493 1379 4552 assumptum
1404 4500 1470 4537 ex
1919 4498 2005 4550 24.
2042 4485 2145 4537 τῶν
2166 4499 2263 4571 pro
2285 4484 2378 4551 τῆς
2466 4481 2608 4551 igne.

195 4559 290 4614 28.
523 4577 637 4611 ειαν
673 4553 740 4609 Ε.
746 4553 806 4609 F.
829 4576 919 4625 γρ.
952 4554 1217 4625 ἀσάφειαν
1252 4554 1416 4621 (recte
1450 4561 1514 4608 ut
1549 4551 1784 4623 videtur)
1813 4551 1857 4606 F
1879 4570 1991 4623 mg.
2027 4552 2172 4613 unde
2206 4551 2469 4623 ἀσάφειαν
2506 4550 2609 4604 Ed.

197 4646 288 4702 29.
324 4629 409 4684 διὰ
473 4624 786 4696 «Ι-τῆςΕᾶ.
812 4623 1070 4679 invitoE.

1363 4713 1474 4760 02
