3269 5166
390 447 686 516 [qu.]

703 346 834 411 378
1050 346 1130 410 Β.
1179 343 1555 410 CYRILLI
1607 341 2140 407 ALEXANDR.
2196 338 2753 405 FRAGMENTA
2930 337 2966 400 i.
2988 359 3037 422 9.

707 521 1050 626 κούρημα,
1086 526 1201 603 καὶ
1258 522 1345 622 δὴ
1396 524 1513 602 καὶ
1559 524 1846 624 ε’ροῦσιν
1901 523 1997 605 ὡς
2051 518 2304 599 ἑνώσει
2355 525 2445 624 τῇ
2498 516 2677 620 πρὸς
2714 514 2891 598 Θεὸν
2935 514 3043 612 τὴν

705 649 832 745 τῆς
882 644 1064 726 κατὰ
1103 646 1331 753 φύσιν
1367 643 1699 745 θεότητος
1747 645 2216 747 περικείσεται
2251 641 2498 749 δόξαν·
2569 638 2892 742 ὁμολόγει
2920 640 3043 719 τοί-

707 804 833 850 νυν
887 773 1123 870 ἀληθῆ
1179 769 1313 867 τὴν
1367 769 1623 848 ἕνωσιν
1679 770 1795 846 καὶ
1850 766 1949 865 μὴ
2005 766 2312 871 σοφίζὸυ
2367 762 2451 844 τὸ
2504 770 2766 870 χρῆμα,
2812 760 3050 844 διιστὰς

705 893 836 993 μὲν
880 891 1009 977 τὰς
1047 892 1303 999 φύσεις
1358 894 1476 971 καὶ
1532 888 1671 970 ἀνὰ
1722 889 1935 994 με’ρος
1992 887 2305 987 εκάστην
2352 893 2586 985 τιθεὶς,
2620 889 2942 991 ἀσυναφῆ
2987 917 3049 963 τε

707 1012 885 1096 εἶναι
947 1016 1253 1119 θατέραν
1321 1015 1555 1118 λε’γων
1616 1016 1732 1094 καὶ
1791 1011 2019 1112 μόνην
2074 1013 2241 1112 ἡμῖν
2295 1018 2440 1093 τῶν
2492 1012 2897 1115 προσώπων
2944 1005 3100 1105 τὴν.»

705 1141 963 1220 ἕνωσιν
1018 1142 1146 1220 οὐκ
1201 1137 1333 1220 οἷδ’
1383 1139 1577 1222 ὅπως
1624 1138 2039 1245 ἐξευρηκώς.

817 1267 1174 1366 Εἱρῆσθαι
1222 1265 1456 1342 τοίνυν
1501 1258 2102 1367 διαβεβαιούμεθα
2153 1257 2336 1361 πρὸς
2384 1257 2510 1340 τὸν
2561 1261 2639 1338 ἐκ
2677 1264 2863 1339 Θεοῦ
2904 1254 3056 1336 κατὰ

706 1386 934 1492 φύσιν
987 1386 1168 1467 Υἱόν
1219 1390 1314 1469 ὡς
1371 1388 1536 1465 καθ’
1605 1385 1790 1484 ἡμᾶς
1853 1380 2223 1486 γεγονότα,
2287 1383 2661 1463 τουτέστιν
2719 1383 3058 1485 ἄνθρωπον

702 1512 1138 1613 Ἠγάπησας
1188 1507 1591 1602 δικαιοσύνην
1636 1517 1754 1588 καὶ
1804 1507 2140 1613 ἐμίσησας
2182 1510 2490 1612 ἀνομίαν,
2533 1502 2653 1587 δια
2690 1509 2868 1586 τοῦτο
2903 1504 3051 1606 ἔχρι-

705 1632 815 1713 σίν
876 1668 954 1714 σε
1019 1643 1048 1714 ὁ
1114 1634 1287 1719 &bf
1348 1642 1377 1714 ὃ
1442 1633 1613 1717 Θεὸς
1678 1668 1797 1712 σου
1857 1631 2079 1712 ἔλαιον
2134 1627 2640 1733 ἀγαλλιάσεως
2703 1627 2896 1738 παραὶ
2938 1629 3058 1712 τοὺς
3082 1663 3130 1704 ιο

701 1757 1034 1859 μετίχους
1093 1792 1234 1837 σου.
1317 1754 1553 1855 ἐπειδὴ
1611 1753 1757 1858 γὰρ
1812 1756 1854 1833 5
1914 1761 2198 1858 πρῶτος
2262 1753 2640 1857 ἅνθρωπος
2703 1752 2836 1854 τὴν
2895 1751 3060 1832 θείαν

703 1878 1109 1981 πεπάτηκεν
1170 1879 1490 1981 ἐντολὴν,
1540 1875 1689 1958 εἶτα
1747 1876 2127 1977 νενόσηκεν
2190 1878 2234 1977 ἡ
2294 1876 2681 1981 ἀνθρώπου
2735 1876 2949 1982 φύσις
2992 1873 3060 1952 τὸ

703 1999 899 2084 πολὺ
935 2003 1104 2083 λίαν
1151 2001 1771 2106 εὐπαρακόμιστον
1823 2002 2007 2103 πρὸς
2049 2003 2421 2103 ἁμαρτίας·
2497 2000 2616 2081 διὰ
2653 2008 2863 2082 τοῦτο
2908 1993 3062 2078 κατὰ

703 2127 934 2232 φύσιν
983 2128 1330 2231 ἄτρεπτος
1379 2125 1483 2206 ὢν
1532 2129 1571 2206 5
1622 2129 1702 2207 ἐκ
1740 2131 1933 2206 Θεοῦ
1973 2126 2234 2227 Λόγος,
2291 2124 2490 2228 ἅγιός
2525 2159 2604 2204 τε
2664 2129 2781 2205 καὶ
2835 2123 3062 2203 δίκαιος

702 2252 821 2329 καὶ
873 2257 1110 2349 μισῶν
1167 2250 1298 2349 τὴν
1352 2251 1627 2330 ἀδικίαν
1680 2248 1928 2352 γε’γονε
1985 2250 2154 2328 καθ’
2217 2249 2402 2349 ἡμᾶς
2451 2252 2568 2328 καὶ
2627 2244 3062 2353 κεχρημάτικε
3086 2273 3134 2329 ¹5

703 2375 982 2471 δοῦλος,
1019 2376 1135 2453 καὶ
1166 2372 1358 2453 Θεὸν
1390 2373 1860 2479 ἐπεγράψατο
1896 2372 2023 2451 τὸν
2053 2372 2348 2475 Πατέρα
2384 2370 2499 2453 διὰ
2532 2371 2619 2452 τὸ
2648 2371 3065 2475 ἀνθρώπινον

653 2541 659 2546 ·
703 2498 930 2576 καίτοι
976 2494 1162 2580 Θεὸς
1220 2494 1581 2602 ὑπάρχων,
1631 2500 1748 2576 καὶ
1803 2496 1890 2604 ἐξ
1940 2498 2157 2576 αὐτοῦ
2211 2497 2585 2602 κεχρίσθαι
2641 2496 2921 2598 λέγεται
2969 2488 3066 2571 διὰ

368 3269 456 3319 Ee.
475 3270 601 3321 lxiii.
629 3283 677 3336 9.

700 2628 829 2739 τοῦ
866 2621 1120 2722 Ἀγίου
1161 2621 1596 2719 Πνεύματος,
1633 2622 1768 2726 οὐχ
1803 2622 2029 2728 ἑαυτῷ
2076 2619 2451 2724 δεχόμενος
2484 2627 2727 2699 τοῦτο·
2803 2621 2914 2698 καὶ
2945 2613 3066 2718 γάρ

701 2746 860 2823 ἐστι
896 2744 1078 2824 κατὰ
1115 2743 1343 2850 φύσιν
1379 2743 1579 2847 ἅγιος
1617 2748 1715 2828 ὡς
1753 2743 1967 2827 Θεός*
2041 2742 2212 2823 ἀλλ’
2252 2742 2401 2823 οἷον
2440 2742 2525 2822 δι’
2561 2743 2818 2823 ἑαυτοῦ
2851 2771 3062 2843 προσ·

701 2867 903 2969 α’γων
972 2868 1157 2966 ἡμᾶς
1227 2875 1319 2974 τῇ
1389 2868 1628 2973 χάριτι
1698 2870 1816 2948 καὶ
1886 2867 2133 2974 ἀξίους
2202 2869 2626 2973 ἀποφαίνων
2697 2871 2826 2966 τῆς
2893 2859 3065 2965 παρὰ
3087 2897 3140 2938 20

706 2989 999 3094 Πατρὸς
1034 2992 1384 3093 εὐλογίας,
1423 2991 1648 3070 καίτοι
1703 2989 1937 3071 πάλαι
1984 2991 2647 3095 προσκεκρουκότας
2700 2988 2818 3070 διά
2852 3024 2923 3068 τε
2956 2983 3066 3085 τὴν

702 3113 779 3192 ἐν
814 3113 1034 3212 Ἀδὰμ
1082 3114 1505 3218 παράβασιν
1554 3119 1672 3194 καὶ
1708 3112 1838 3213 τὴν
1887 3111 2067 3211 μετὰ
2119 3121 2333 3194 τοῦτο
2379 3112 2548 3193 καθ’
2586 3114 2792 3212 ἡμῶν
2840 3142 3066 3212 τυραν·

704 3236 1041 3336 νήσασαν
1096 3237 1471 3340 ἁμαρτίαν·
1544 3249 1589 3284 “
1612 3239 1729 3317 Οὐ
1786 3236 1930 3341 γὰρ
1983 3236 2335 3341 πρέσβυς,
2370 3237 2500 3318 οὐκ
2553 3235 2869 3340 ἅγγελος
2919 3231 3063 3313 ἀλλ’

704 3369 752 3408 “
786 3360 998 3444 αὐτὸς
1019 3362 1058 3388 ”
1101 3364 1141 3441 5
1183 3360 1446 3465 Κύριος
1484 3361 1767 3441 ἔσωσεν
1804 3362 2012 3460 ἡμᾶς.
2083 3366 2142 3441 εἰ
2181 3360 2255 3441 δὲ
2293 3359 2382 3461 δή
2418 3396 2523 3447 τις
2572 3361 2796 3441 οἴεται
2845 3358 2964 3440 τὸν
3004 3357 3069 3434 ἐκ

703 3487 896 3562 Θεοῦ
934 3481 1226 3587 Πατρὸς
1266 3485 1509 3587 Λόγον
1546 3491 1642 3567 εἷς
1686 3484 1870 3564 ἰδίαν
1906 3484 2136 3590 φύσιν
2174 3484 2507 3588 δέχεσθαι
2543 3481 2674 3565 τὸν
2711 3477 3065 3587 ἁγιασμόν,
3090 3492 3143 3551 ²5

702 3611 800 3689 εἰς
837 3605 1081 3686 πλατὺ
1117 3609 1234 3685 καὶ
1269 3607 1457 3709 με’γα
1492 3610 1926 3714 δυσφημιῶν
1964 3607 2417 3708 ἀποδημήσει
2447 3607 2797 3710 πέλαγος.
2856 3613 2913 3685 εἶ
2946 3602 3068 3706 γὰρ

702 3730 777 3809 ἐν
815 3729 1145 3835 ἐσχάτοις
1184 3738 1312 3809 τοῦ
1349 3736 1601 3816 αἰῶνος
1647 3739 1911 3835 καιροῖς
1959 3729 2370 3836 πεπράχθαι
2408 3730 2648 3836 φαμὲν
2685 3729 2817 3831 τὴν
2851 3726 3066 3809 ἐνθάδε

702 3854 1097 3955 λεγομένην
1148 3854 1396 3960 χρίσιν
1448 3856 1606 3956 ἤτοι
1669 3855 2056 3957 ἁγιασμὸν,
2112 3861 2266 3938 πῶς
2327 3856 2454 3935 οὐκ
2512 3855 2911 3958 ἀναγκαίως
2970 3850 3067 3928 καὶ
3179 3908 3180 3993 l

702 3979 838 4082 οὐχ
892 3976 1179 4061 ἑκόντας
1233 3980 1616 4081 ὁμολογεῖν
1672 3982 1768 4063 ὡς
1829 3981 1954 4058 οὐκ
2013 3977 2103 4059 ἂν
2164 3978 2271 4078 εἴη
2327 3976 2511 4058 κατὰ
2567 3978 2799 4084 φύσιν
2857 3978 3063 4076 ἅγιος,

702 4107 992 4196 μᾶλλον
1048 4101 1123 4182 δὲ
1178 4102 1337 4182 οὐδὲ
1391 4099 1595 4204 ἅγιος
1650 4103 1833 4183 κατά
1876 4138 1960 4205 γε
2002 4101 2169 4188 τοὺς
2223 4106 2299 4184 ἐν
2353 4105 2542 4209 ἀρχῇ
2598 4107 2715 4184 καὶ
2770 4098 2911 4205 πρὸ
2959 4099 3066 4195 τῆς
3085 4118 3144 4179 30
3179 4148 3180 4151 ¹

701 4222 1008 4327 χρίσεως
1042 4224 1342 4328 χρόνους
1377 4225 1600 4329 ἤγουν
1639 4226 2073 4330 ἀπεράντους
2109 4231 2369 4312 αἰῶνας
2401 4232 2517 4307 καὶ
2553 4233 2725 4330 πρὶν
2757 4225 3065 4329 γενέσθαι

776 4476 826 4515 2.
862 4461 1109 4543 ὁμολόγει
1132 4459 1427 4516 emendavi.
1450 4461 1709 4534 ᾀμολογει
1735 4462 1827 4518 Cr.
2101 4478 2181 4517 12.
2217 4462 2249 4532 ἡ
2273 4480 2381 4517 om.
2408 4462 2500 4518 Cr.
2777 4478 2860 4532 23.
2893 4454 3062 4513 ἀλλ’-

702 4530 833 4597 ἡμᾶς
856 4531 1036 4585 omisit
1062 4529 1363 4585 Cramerus.
