3269 5166
556 288 676 350 656

637 494 852 542 versae,
899 477 970 534 ad
1019 477 1212 534 Unum
1261 486 1452 534 tamen
1502 494 1707 536 conve-

635 575 799 632 niunt
827 575 903 631 iii.
937 578 1073 644 425,
1117 574 1256 642 496,
1305 578 1442 643 513,
1487 575 1558 633 cf.
1588 579 1707 634 495

637 672 907 744 Verbum,
935 674 1056 729 vide
1086 673 1447 749 Unigenitus.

555 770 818 827 Vsastm
847 772 964 827 vita'
1005 771 1075 828 ad
1119 780 1359 828 mortem
1395 772 1707 836 descendit,

634 878 698 924 ut
716 887 823 925 nos
834 867 1032 943 Seipso
1051 869 1392 926 commixtos
1412 868 1559 926 vitae
1576 887 1704 944 par-

636 967 835 1040 ticipes
863 968 1069 1024 efficiat
1098 970 1211 1026 172
1236 986 1268 1024 ο
1326 976 1520 1043 utpote
1549 967 1705 1032 Vita,

636 1063 881 1122 Carnem
938 1063 1113 1122 Suam
1169 1065 1450 1123 vivificam
1509 1065 1701 1131 efficit,

631 1168 699 1220 ut
753 1172 811 1220 et
869 1181 1109 1238 corpora
1178 1163 1438 1220 mortalia
1505 1172 1704 1220 nostra

631 1261 878 1318 vivificet
911 1264 1027 1320 354
1058 1261 1096 1318 b
1114 1280 1163 1329 ο,
1197 1265 1311 1321 361
1335 1263 1390 1329 b,
1418 1265 1533 1321 362
1555 1281 1604 1328 a,
1627 1262 1702 1318 iii.

636 1363 775 1428 495,
801 1363 917 1419 497
979 1378 1094 1416 non
1125 1360 1184 1416 in
1212 1359 1396 1419 Carne
1425 1360 1525 1417 sed
1554 1357 1706 1417 Caro

630 1457 848 1516 factum
877 1474 980 1533 pro
1009 1458 1236 1517 Unione
1266 1458 1381 1517 363
1406 1478 1439 1516 a
1499 1474 1615 1515 non
1647 1459 1706 1514 in

634 1556 863 1613 homine
891 1557 990 1614 sed
1025 1557 1215 1614 Homo
1243 1556 1454 1615 factum
1487 1560 1603 1617 393
1622 1575 1676 1613 e.

549 1653 807 1712 Verbum
834 1652 1133 1730 Templum
1171 1673 1394 1730 semper
1424 1654 1542 1713 Sibi
1580 1656 1701 1713 uni-

629 1752 711 1808 vit
748 1769 853 1807 nec
885 1770 1002 1808 uno
1031 1752 1254 1827 quidem
1300 1762 1592 1812 momento
1634 1755 1705 1812 ab

632 1849 764 1923 Ipso
792 1859 1112 1923 separatum
1139 1851 1218 1908 iii.
1251 1854 1391 1910 499.

552 1946 802 2004 Verbum
849 1946 1008 2004 Deus
1049 1948 1168 2019 Qui
1208 1959 1452 2008 mortem
1498 1951 1705 2010 devicit

634 2045 711 2102 iii.
745 2049 881 2105 361.

550 2140 806 2201 Verbum
830 2145 1105 2220 sapientia
1127 2151 1245 2206 410
1264 2165 1296 2205 e
1348 2151 1412 2204 τὰ
1434 2148 1539 2205 Dei
1568 2166 1699 2223 pro-

628 2242 759 2308 fert,
784 2243 945 2317 quasi
976 2234 1136 2301 mens
1163 2243 1409 2301 humana
1430 2246 1494 2301 τὰ
1514 2245 1698 2303 homi-

628 2359 764 2396 num
805 2345 921 2398 527
946 2341 1000 2412 d,
1047 2345 1165 2400 886
1198 2343 1250 2406 b,
1304 2346 1421 2401 964
1458 2362 1489 2400 ο
1583 2363 1701 2400 non

628 2446 764 2493 tunc
790 2456 824 2493 a
846 2437 969 2494 Deo
994 2438 1270 2496 effulsisse
1299 2442 1545 2514 primum
1570 2460 1699 2499 cum

631 2534 822 2592 Homo
851 2536 1032 2593 factus
1061 2540 1179 2597 553
1203 2557 1234 2596 ο
1256 2538 1313 2597 d.

546 2637 580 2665 ‘⁴
599 2633 895 2690 Verbum”
926 2635 1191 2705 hominis,
1222 2638 1511 2696 definitio:
1557 2639 1697 2696 Ver-

625 2732 762 2787 bum
815 2731 996 2790 Patris
1045 2745 1232 2792 servat
1281 2735 1456 2794 Filius
1505 2737 1562 2794 id
1610 2746 1699 2795 est

585 2849 596 2856 ·
627 2830 947 2887 Essentiam
977 2833 1083 2889 seit
1105 2836 1222 2891 583
1242 2852 1294 2890 a.

545 2927 802 2985 Verbum
835 2947 1063 3004 passum
1103 2939 1190 2988 est
1225 2931 1420 2989 insons
1457 2951 1560 3007 pro
1599 2952 1699 2991 reo

628 3029 746 3084 854
768 3046 801 3082 a
824 3027 860 3084 b
917 3045 1140 3102 semper
1165 3028 1319 3086 Deus
1350 3038 1406 3088 et
1434 3032 1492 3086 in
1528 3049 1699 3088 carne

627 3124 700 3180 iii.
749 3128 867 3183 386
909 3143 1033 3201 sqq.
1113 3127 1269 3183 Deus
1319 3137 1378 3185 et
1422 3128 1481 3185 in
1530 3130 1698 3187 vulva

629 3222 701 3280 iii.
737 3225 854 3282 390
928 3224 1085 3280 Deus
1124 3236 1182 3281 et
1219 3221 1422 3283 Homo
1449 3225 1523 3284 iii.
1556 3231 1695 3292 483,

630 3325 767 3386 505,
800 3324 935 3392 506,
968 3325 1080 3380 511
1150 3331 1208 3380 et
1238 3323 1402 3382 Patre
1441 3333 1500 3382 et
1534 3325 1699 3383 nobis

628 3420 995 3493 conjunctum
1028 3421 1103 3479 iii.
1141 3424 1258 3480 483
1329 3432 1386 3479 et
1427 3422 1485 3478 in
1528 3441 1697 3481 carne

625 3517 828 3573 iterum
887 3527 1189 3576 venturum
1238 3520 1312 3579 iii.
1365 3521 1504 3586 484,
1558 3519 1696 3592 485,

629 3617 745 3672 588
812 3633 1042 3672 carnem
1070 3632 1183 3673 non
1213 3618 1424 3675 amittit
1451 3618 1541 3676 eui
1571 3637 1696 3676 cor-

627 3729 767 3785 pora
795 3719 989 3770 nostra
1018 3711 1261 3789 Corpori
1291 3715 1408 3774 Suo
1430 3716 1699 3793 figurabit

621 3807 697 3867 iii.
724 3809 861 3868 485.

548 3908 796 3965 Verbum
815 3925 950 3966 earo
978 3909 1209 3976 factum,
1232 3911 1290 3968 in
1319 3930 1550 3970 carnem
1577 3932 1696 3971 non

621 4015 902 4064 mutatum
931 4007 1009 4066 iii.
1043 4012 1178 4067 589.

1377 292 1702 353 INDEX
1784 294 2152 354 RERUM.

2719 314 2973 353 vanam!

1893 478 1969 535 ba
1989 479 2369 553 blasphemiae
2386 478 2679 535 audientes
2702 482 2816 537 107
2824 484 2858 537 2
2870 478 2967 546 de,

1899 580 2054 636 1073
2078 596 2128 635 a.

1813 683 1851 705 “
1873 674 2293 732 vestimentum
2338 673 2646 732 auratum”
2678 674 2798 747 (Ps.
2830 674 2966 732 xliv.

1897 774 1996 843 10)
2027 772 2162 847 quid
2192 770 2275 828 M.
2301 776 2378 831 67
2414 773 2491 846 [p.
2518 773 2690 845 289].

1814 870 2005 927 Vestis
2061 869 2299 927 Domini
2365 869 2620 935 indivisa,
2671 869 2965 927 Christum

1897 967 2091 1025 Unum
2141 967 2561 1042 ludivisumque
2607 969 2665 1024 in
2710 967 2965 1025 omnium

1891 1065 2094 1123 animis
2128 1068 2285 1124 1063
2306 1066 2344 1123 b
2360 1084 2408 1122 ο.

1811 1171 1845 1196 “
1871 1163 2083 1221 Vetera
2136 1164 2480 1221 transierunt
2494 1162 2526 1186 ’'
2571 1181 2714 1237 quae
2768 1161 2833 1218 M
2884 1165 2960 1220 48

1897 1261 1979 1335 [p.
2014 1263 2185 1336 353],
2221 1260 2376 1335 [vide
2404 1269 2463 1318 et
2493 1265 2528 1319 2
2551 1259 2683 1320 Cor.
2717 1281 2768 1316 v.
2801 1265 2872 1318 17
2903 1262 2962 1317 in

1891 1356 1995 1417 SS.
2021 1357 2442 1434 Scripturarum
2468 1358 2701 1432 indiceJ.

1808 1455 1920 1512 Via
1947 1456 2177 1513 Domini
2212 1456 2328 1515 109
2348 1456 2386 1513 b
2407 1475 2459 1524 e,
2488 1456 2546 1513 id
2586 1465 2673 1513 est
2701 1454 2967 1514 Christus

1893 1556 2034 1611 766.

1808 1650 2169 1708 “Vidimus”
2200 1650 2257 1708 in
2297 1650 2356 1709 S.
2381 1651 2421 1710 J
2425 1670 2552 1709 oan.
2581 1651 2618 1709 i.
2649 1655 2741 1718 14,
2785 1662 2845 1710 et
2887 1652 2964 1709 E-

1890 1748 2241 1824 vangelistae
2277 1762 2336 1807 et
2365 1749 2657 1825 Baptistae
2705 1750 2968 1808 testimo·

1888 1848 2045 1902 nium
2073 1846 2170 1904 dat
2198 1850 2274 1905 96
2305 1847 2391 1904 bis
2421 1865 2472 1904 e.

1806 1943 2080 2001 Vinctum
2100 1962 2277 2001 unum
2295 1945 2448 2002 unde
2465 1964 2589 2002 mos
2608 1946 2643 2002 J
2652 1945 2963 2003 udaeorum

1890 2041 2193 2099 liberatum
2221 2043 2431 2100 habere
2460 2044 2520 2099 in
2538 2043 2690 2101 festo
2714 2042 2967 2101 Paschae

1894 2144 2070 2199 1041.

1804 2237 2026 2294 Vinum
2073 2238 2131 2295 in
2175 2236 2335 2297 Cana
2374 2239 2781 2314 praestantius,
2826 2240 2966 2315 quid

1886 2335 2212 2410 spiritaliter
2245 2339 2358 2395 138
2386 2357 2436 2394 a.

1804 2438 1839 2465 “
1861 2434 2074 2491 Vinum
2112 2452 2325 2491 novum
2352 2435 2408 2492 in
2441 2443 2595 2492 utres
2633 2435 2861 2493 novos”
2892 2435 2964 2493 de

1884 2531 2174 2608 discipulis
2199 2541 2332 2608 post
2360 2531 2635 2608 Spiritum
2665 2542 2959 2609 acceptum

1887 2633 2025 2689 924.

1803 2727 2002 2784 Virtus
2044 2728 2230 2785 omnis
2269 2727 2487 2786 fontem
2516 2727 2703 2786 Deum
2746 2729 2960 2788 habet:

1884 2843 2023 2900 erga
2063 2834 2327 2899 parentes
2371 2824 2554 2882 honor
2597 2827 2651 2882 in
2695 2846 2765 2883 eo
2811 2828 2963 2902 quod

1883 2920 2110 2979 Patrem
2166 2922 2340 2979 Filius
2397 2923 2643 2981 honorat
2701 2928 2817 2983 337
2853 2926 2887 2982 b
2929 2945 2965 2983 e

1892 3028 2017 3078 toto
2041 3021 2210 3078 corde
2230 3021 2581 3095 expetenda;
2628 3023 2833 3080 modus
2862 3043 2963 3081 au-

1883 3126 2000 3175 tem
2044 3135 2160 3175 non
2201 3125 2416 3176 temere
2457 3119 2829 3194 pollicendus,
2860 3122 2961 3179 sed

1882 3216 2137 3273 oratione
2165 3216 2443 3291 petendus
2463 3219 2579 3275 760
2602 3235 2637 3275 a
2692 3219 2819 3276 Deo
2838 3219 2961 3276 Na-

1882 3321 2010 3371 tura
2034 3314 2297 3388 pertinet,
2327 3314 2490 3372 nobis
2519 3317 2746 3373 nonnisi
2773 3318 2962 3393 gratia

1884 3411 2424 3487 mansuetudineque
2451 3412 2661 3470 Divina
2687 3417 2806 3473 983
2828 3416 2864 3472 d
2884 3434 2937 3474 e.

1803 3508 1936 3565 Vita
1989 3516 2187 3566 nostra
2239 3507 2472 3569 Christo
2524 3511 2719 3569 Vitam
2778 3512 2960 3571 Suam

1881 3623 1983 3680 pro
2012 3603 2177 3664 nobis
2205 3603 2364 3665 danti
2405 3608 2597 3667 debita
2640 3613 2759 3668 438
2790 3629 2842 3681 a,
2880 3610 2954 3668 cf.

1884 3705 2004 3761 879
2030 3703 2087 3761 d.

1803 3799 1994 3857 Vitam
2022 3800 2113 3866 ad,
2144 3801 2381 3859 aliorum
2411 3819 2544 3861 cura
2574 3804 2765 3862 debita
2788 3802 2958 3864 Chri·

1879 3905 1969 3955 sto
2001 3898 2193 3956 Vitam
2228 3898 2403 3958 Suam
2446 3919 2552 3976 pro
2593 3903 2759 3960 nobis
2804 3903 2964 3961 danti

1885 3998 1912 4053 1
1927 3998 2041 4054 119
2062 4015 2110 4054 e.

543 4103 818 4162 Veritatis
868 4106 1142 4163 ministris
1184 4107 1395 4164 veritas
1449 4109 1695 4183 pertinet
1799 4092 1936 4151 Vita
1975 4094 2256 4161 fidelibu&
2290 4095 2611 4154 infidelibus
2652 4116 2810 4156 ¹¹²0?ss
2838 4103 2958 4158 4⁶3

624 4208 700 4261 62
724 4222 772 4260 ο.

1879 4190 1989 4249 be.

540 4299 857 4357 Veritatem
897 4301 1318 4376 indagantibus,
1349 4303 1534 4378 gratia
1561 4303 1694 4362 data
1796 4289 1934 4346 Vita
1960 4287 2255 4348 Christum
2298 4290 2689 4365 sequentibusso
2720 4312 2838 4352 110⁰
2868 4313 2957 4352 ΘΕ·

624 4415 690 4452 ae
718 4415 819 4471 per
847 4397 1019 4453 fidem
1047 4400 1197 4456 salus
1228 4403 1345 4458 379
1368 4419 1418 4459 e.

538 4490 896 4550 Vestimenta
925 4494 1317 4554 discindebant
1338 4496 1378 4555 J
1381 4495 1546 4556 udaei
1568 4519 1694 4558 ver—

1887 4387 2195 4461 quentibus
2224 4406 2378 4445 mors
2407 4392 2525 4447 486
2544 4408 2596 4447 ο.

1796 4483 1933 4541 Vita
1961 4485 2193 4552 sanctis,
2223 4484 2495 4543 insanctis
2518 4503 2678 4545 mors
2701 4491 2816 4547 501
2845 4508 2879 4546 a
2905 4490 2959 4546 b.
