<?xml version="1.0" encoding="UTF-8"?>
<!DOCTYPE html PUBLIC "-//W3C//DTD XHTML 1.0 Transitional//EN"
    "http://www.w3.org/TR/xhtml1/DTD/xhtml1-transitional.dtd">
<html xmlns="http://www.w3.org/1999/xhtml" xml:lang="en" lang="en">
 <head>
  <title>
</title>
<meta http-equiv="Content-Type" content="text/html;charset=utf-8" />
  <meta name='ocr-system' content='tesseract 3.04.00' />
  <meta name='ocr-capabilities' content='ocr_page ocr_carea ocr_par ocr_line ocrx_word'/>
</head>
<body>
  <div class='ocr_page' id='page_1' title='image "./indjoannisevang00pusegoog_0030.png"; bbox 0 0 3269 5166; ppageno 0'>
   <div class='ocr_carea' id='block_1_1' title="bbox 626 336 3028 425">
    <p class='ocr_par' dir='ltr' id='par_1_1' title="bbox 626 336 3028 425">
     <span class='ocr_line' id='line_1_1' title="bbox 626 336 3028 425; baseline -0.001 -21"><span class='ocrx_word' id='word_1_1' title='bbox 626 340 710 405; x_wconf 83' lang='lat'>16</span> <span class='ocrx_word' id='word_1_2' title='bbox 1231 340 1310 407; x_wconf 87' lang='lat' dir='ltr'>B.</span> <span class='ocrx_word' id='word_1_3' title='bbox 1359 340 1781 408; x_wconf 82' lang='lat' dir='ltr'>GYRILLI</span> <span class='ocrx_word' id='word_1_4' title='bbox 1841 338 2429 406; x_wconf 82' lang='lat' dir='ltr'>ALEXANDR.</span> <span class='ocrx_word' id='word_1_5' title='bbox 2758 336 2933 403; x_wconf 71' lang='lat' dir='ltr'><strong>xviii.</strong></span> <span class='ocrx_word' id='word_1_6' title='bbox 2960 357 3028 425; x_wconf 82' lang='lat'>3.</span> 
     </span>
    </p>
   </div>
   <div class='ocr_carea' id='block_1_2' title="bbox 283 504 3137 4355">
    <p class='ocr_par' dir='ltr' id='par_1_2' title="bbox 283 504 3137 4355">
     <span class='ocr_line' id='line_1_2' title="bbox 618 504 3030 609; baseline 0 -23"><span class='ocrx_word' id='word_1_7' title='bbox 618 504 1047 604; x_wconf 81' lang='grc' dir='ltr'>σκεμμένου,</span> <span class='ocrx_word' id='word_1_8' title='bbox 1088 504 1311 603; x_wconf 88' lang='grc' dir='ltr'>μόνον</span> <span class='ocrx_word' id='word_1_9' title='bbox 1368 505 1445 589; x_wconf 80' lang='grc' dir='ltr'>δὲ</span> <span class='ocrx_word' id='word_1_10' title='bbox 1497 506 1742 609; x_wconf 88' lang='grc' dir='ltr'>μόνοις</span> <span class='ocrx_word' id='word_1_11' title='bbox 1794 505 2112 588; x_wconf 76' lang='grc' dir='ltr'>συνόντα</span> <span class='ocrx_word' id='word_1_12' title='bbox 2162 512 2310 589; x_wconf 89' lang='grc' dir='ltr'>τοῖς</span> <span class='ocrx_word' id='word_1_13' title='bbox 2353 508 2620 586; x_wconf 74' lang='grc' dir='ltr'>ἑαυτοῦ</span> <span class='ocrx_word' id='word_1_14' title='bbox 2651 506 3030 603; x_wconf 73' lang='grc' dir='ltr'>μαθηταῖς,</span> 
     </span>
     <span class='ocr_line' id='line_1_3' title="bbox 619 624 3030 736; baseline -0.001 -26"><span class='ocrx_word' id='word_1_15' title='bbox 619 631 738 710; x_wconf 82' lang='grc' dir='ltr'>ἵνα</span> <span class='ocrx_word' id='word_1_16' title='bbox 797 635 924 730; x_wconf 83' lang='grc' dir='ltr'>τῆς</span> <span class='ocrx_word' id='word_1_17' title='bbox 986 639 1115 710; x_wconf 86' lang='grc' dir='ltr'>τοῦ</span> <span class='ocrx_word' id='word_1_18' title='bbox 1175 627 1533 734; x_wconf 78' lang='grc' dir='ltr'>προδότου</span> <span class='ocrx_word' id='word_1_19' title='bbox 1598 632 1892 736; x_wconf 77' lang='grc' dir='ltr'>καρδίας</span> <span class='ocrx_word' id='word_1_20' title='bbox 1954 628 2387 736; x_wconf 77' lang='grc' dir='ltr'>καταστήσῃ</span> <span class='ocrx_word' id='word_1_21' title='bbox 2461 624 2867 734; x_wconf 77' lang='grc' dir='ltr'>καταφανὲς</span> <span class='ocrx_word' id='word_1_22' title='bbox 2938 625 3030 707; x_wconf 77' lang='grc' dir='ltr'>τὸ</span> 
     </span>
     <span class='ocr_line' id='line_1_4' title="bbox 620 749 3030 862; baseline 0.001 -28"><span class='ocrx_word' id='word_1_23' title='bbox 620 751 905 856; x_wconf 78' lang='grc' dir='ltr'>σαθρὸν</span> <span class='ocrx_word' id='word_1_24' title='bbox 942 760 1043 840; x_wconf 79' lang='grc' dir='ltr'>εἷς</span> <span class='ocrx_word' id='word_1_25' title='bbox 1077 754 1400 839; x_wconf 83' lang='grc' dir='ltr'>σύνεσιν.</span> <span class='ocrx_word' id='word_1_26' title='bbox 1474 755 1707 838; x_wconf 79' lang='grc' dir='ltr'>δεινὸν</span> <span class='ocrx_word' id='word_1_27' title='bbox 1741 755 1886 862; x_wconf 78' lang='grc' dir='ltr'>γὰρ</span> <span class='ocrx_word' id='word_1_28' title='bbox 1921 758 2089 836; x_wconf 83' lang='grc' dir='ltr'>λίαν</span> <span class='ocrx_word' id='word_1_29' title='bbox 2125 758 2201 836; x_wconf 87' lang='grc' dir='ltr'>ἐν</span> <span class='ocrx_word' id='word_1_30' title='bbox 2235 752 2521 862; x_wconf 73' lang='grc' dir='ltr'>ἑκάστῳ</span> <span class='ocrx_word' id='word_1_31' title='bbox 2556 750 2642 832; x_wconf 80' lang='grc' dir='ltr'>τὸ</span> <span class='ocrx_word' id='word_1_32' title='bbox 2678 749 3030 849; x_wconf 81' lang='grc' dir='ltr'>συνειδὸς,</span> 
     </span>
     <span class='ocr_line' id='line_1_5' title="bbox 620 875 3030 985; baseline 0 -27"><span class='ocrx_word' id='word_1_33' title='bbox 620 882 739 959; x_wconf 86' lang='grc' dir='ltr'>καὶ</span> <span class='ocrx_word' id='word_1_34' title='bbox 802 878 1155 983; x_wconf 79' lang='grc' dir='ltr'>θορύβους</span> <span class='ocrx_word' id='word_1_35' title='bbox 1225 882 1525 962; x_wconf 81' lang='grc' dir='ltr'>ἐντεκεῖν</span> <span class='ocrx_word' id='word_1_36' title='bbox 1597 885 1717 961; x_wconf 85' lang='grc' dir='ltr'>καὶ</span> <span class='ocrx_word' id='word_1_37' title='bbox 1785 879 2045 985; x_wconf 76' lang='grc' dir='ltr'>πικρὰς</span> <span class='ocrx_word' id='word_1_38' title='bbox 2116 884 2663 961; x_wconf 84' lang='grc' dir='ltr'>ἀνασκαλεῦσαι</span> <span class='ocrx_word' id='word_1_39' title='bbox 2736 875 3030 973; x_wconf 84' lang='grc' dir='ltr'>δειλίας,</span> 
     </span>
     <span class='ocr_line' id='line_1_6' title="bbox 620 997 3096 1113; baseline -0.002 -28"><span class='ocrx_word' id='word_1_40' title='bbox 620 1003 796 1085; x_wconf 80' lang='grc' dir='ltr'>ὅταν</span> <span class='ocrx_word' id='word_1_41' title='bbox 848 1038 922 1085; x_wconf 92' lang='grc' dir='ltr'>τι</span> <span class='ocrx_word' id='word_1_42' title='bbox 973 1011 1122 1086; x_wconf 83' lang='grc' dir='ltr'>τῶν</span> <span class='ocrx_word' id='word_1_43' title='bbox 1175 1006 1492 1086; x_wconf 82' lang='grc' dir='ltr'>ἀνοσίων</span> <span class='ocrx_word' id='word_1_44' title='bbox 1542 1008 2004 1113; x_wconf 78' lang='grc' dir='ltr'>ἐπιχειρῶμεν</span> <span class='ocrx_word' id='word_1_45' title='bbox 2051 1004 2216 1087; x_wconf 84' lang='grc' dir='ltr'>ἔσθ’</span> <span class='ocrx_word' id='word_1_46' title='bbox 2251 1038 2391 1087; x_wconf 89' lang='grc' dir='ltr'>οτε.</span> <span class='ocrx_word' id='word_1_47' title='bbox 2467 1036 2788 1084; x_wconf 89' lang='grc' dir='ltr'>τοιουτον</span> <span class='ocrx_word' id='word_1_48' title='bbox 2830 997 3038 1099; x_wconf 81' lang='grc' dir='ltr'>οἶμαί</span> <span class='ocrx_word' id='word_1_49' title='bbox 3057 1035 3096 1096; x_wconf 85' lang='lat'><em>5</em></span> 
     </span>
     <span class='ocr_line' id='line_1_7' title="bbox 618 1128 3030 1239; baseline 0 -30"><span class='ocrx_word' id='word_1_50' title='bbox 618 1162 687 1209; x_wconf 91' lang='grc' dir='ltr'>τι</span> <span class='ocrx_word' id='word_1_51' title='bbox 742 1129 1117 1215; x_wconf 79' lang='grc' dir='ltr'>πεπονθὼς</span> <span class='ocrx_word' id='word_1_52' title='bbox 1174 1132 1215 1212; x_wconf 96' lang='lat'><em>5</em></span> <span class='ocrx_word' id='word_1_53' title='bbox 1268 1129 1649 1237; x_wconf 83' lang='grc' dir='ltr'>προδότης,</span> <span class='ocrx_word' id='word_1_54' title='bbox 1692 1135 1800 1228; x_wconf 72' lang='grc' dir='ltr'>τήν</span> <span class='ocrx_word' id='word_1_55' title='bbox 1857 1167 1935 1213; x_wconf 89' lang='grc' dir='ltr'>τε</span> <span class='ocrx_word' id='word_1_56' title='bbox 1993 1167 2272 1239; x_wconf 77' lang='grc' dir='ltr'>σπειρειν</span> <span class='ocrx_word' id='word_1_57' title='bbox 2331 1128 2552 1229; x_wconf 75' lang='grc' dir='ltr'>αὐτὴν</span> <span class='ocrx_word' id='word_1_58' title='bbox 2607 1131 3030 1225; x_wconf 82' lang='grc' dir='ltr'>πολεμικοῖς</span> 
     </span>
     <span class='ocr_line' id='line_1_8' title="bbox 623 1246 3029 1360; baseline 0.002 -27"><span class='ocrx_word' id='word_1_59' title='bbox 623 1252 953 1357; x_wconf 80' lang='grc' dir='ltr'>ὀργάνοις</span> <span class='ocrx_word' id='word_1_60' title='bbox 1025 1255 1562 1360; x_wconf 82' lang='grc' dir='ltr'>ἐνηρμοσμένην</span> <span class='ocrx_word' id='word_1_61' title='bbox 1637 1260 1754 1338; x_wconf 79' lang='grc' dir='ltr'>καὶ</span> <span class='ocrx_word' id='word_1_62' title='bbox 1825 1292 1991 1342; x_wconf 91' lang='grc' dir='ltr'>τους</span> <span class='ocrx_word' id='word_1_63' title='bbox 2056 1265 2203 1338; x_wconf 82' lang='grc' dir='ltr'>τῶν</span> <span class='ocrx_word' id='word_1_64' title='bbox 2263 1255 2627 1336; x_wconf 72' lang='grc' dir='ltr'>Ἰουδαίων</span> <span class='ocrx_word' id='word_1_65' title='bbox 2701 1246 3029 1360; x_wconf 67' lang='grc' dir='ltr'>ὑπηρέταις</span> 
     </span>
     <span class='ocr_line' id='line_1_9' title="bbox 566 1379 3031 1486; baseline -0 -29"><span class='ocrx_word' id='word_1_66' title='bbox 566 1409 604 1455; x_wconf 81' lang='lat' dir='ltr'>e</span> <span class='ocrx_word' id='word_1_67' title='bbox 624 1379 1113 1485; x_wconf 81' lang='grc' dir='ltr'>ἐπικομίζεται,</span> <span class='ocrx_word' id='word_1_68' title='bbox 1173 1381 1497 1486; x_wconf 81' lang='grc' dir='ltr'>καθάπερ</span> <span class='ocrx_word' id='word_1_69' title='bbox 1554 1417 1717 1463; x_wconf 92' lang='grc' dir='ltr'>τινα</span> <span class='ocrx_word' id='word_1_70' title='bbox 1771 1388 1917 1462; x_wconf 76' lang='grc' dir='ltr'>τῶν</span> <span class='ocrx_word' id='word_1_71' title='bbox 1976 1379 2379 1480; x_wconf 85' lang='grc' dir='ltr'>διαβοήτων</span> <span class='ocrx_word' id='word_1_72' title='bbox 2440 1384 2538 1464; x_wconf 82' lang='grc' dir='ltr'>εἶς</span> <span class='ocrx_word' id='word_1_73' title='bbox 2592 1379 3031 1482; x_wconf 83' lang='grc' dir='ltr'>κακουργίαν</span> 
     </span>
     <span class='ocr_line' id='line_1_10' title="bbox 623 1501 3031 1614; baseline 0 -30"><span class='ocrx_word' id='word_1_74' title='bbox 623 1501 765 1585; x_wconf 79' lang='grc' dir='ltr'>ὑπὸ</span> <span class='ocrx_word' id='word_1_75' title='bbox 819 1512 1022 1610; x_wconf 89' lang='grc' dir='ltr'>χεῖρα</span> <span class='ocrx_word' id='word_1_76' title='bbox 1074 1505 1524 1614; x_wconf 78' lang='grc' dir='ltr'>ληψόμενος.</span> <span class='ocrx_word' id='word_1_77' title='bbox 1590 1502 1749 1612; x_wconf 80' lang='grc' dir='ltr'>ᾔδει</span> <span class='ocrx_word' id='word_1_78' title='bbox 1802 1504 1966 1611; x_wconf 79' lang='grc' dir='ltr'>γὰρ,</span> <span class='ocrx_word' id='word_1_79' title='bbox 2015 1509 2112 1591; x_wconf 78' lang='grc' dir='ltr'>ὡς</span> <span class='ocrx_word' id='word_1_80' title='bbox 2160 1504 2364 1605; x_wconf 77' lang='grc' dir='ltr'>εἰκὸς,</span> <span class='ocrx_word' id='word_1_81' title='bbox 2413 1508 2511 1588; x_wconf 83' lang='grc' dir='ltr'>ὡς</span> <span class='ocrx_word' id='word_1_82' title='bbox 2557 1505 2685 1585; x_wconf 78' lang='grc' dir='ltr'>οὐκ</span> <span class='ocrx_word' id='word_1_83' title='bbox 2731 1501 2822 1583; x_wconf 83' lang='grc' dir='ltr'>ἀν</span> <span class='ocrx_word' id='word_1_84' title='bbox 2871 1503 3031 1584; x_wconf 81' lang='grc' dir='ltr'>ἕλοι</span> 
     </span>
     <span class='ocr_line' id='line_1_11' title="bbox 619 1629 3135 1737; baseline 0.002 -29"><span class='ocrx_word' id='word_1_85' title='bbox 619 1630 794 1710; x_wconf 79' lang='grc' dir='ltr'>ποτὲ</span> <span class='ocrx_word' id='word_1_86' title='bbox 838 1629 939 1731; x_wconf 86' lang='grc' dir='ltr'>μὴ</span> <span class='ocrx_word' id='word_1_87' title='bbox 989 1632 1148 1737; x_wconf 80' lang='grc' dir='ltr'>οὐχὶ</span> <span class='ocrx_word' id='word_1_88' title='bbox 1198 1637 1451 1712; x_wconf 87' lang='grc' dir='ltr'>παθεῖν</span> <span class='ocrx_word' id='word_1_89' title='bbox 1494 1631 1868 1736; x_wconf 82' lang='grc' dir='ltr'>ᾑρημένον,</span> <span class='ocrx_word' id='word_1_90' title='bbox 1905 1631 2104 1713; x_wconf 78' lang='grc' dir='ltr'>ἰόντα</span> <span class='ocrx_word' id='word_1_91' title='bbox 2147 1666 2223 1712; x_wconf 88' lang='grc' dir='ltr'>τε</span> <span class='ocrx_word' id='word_1_92' title='bbox 2260 1630 2442 1734; x_wconf 83' lang='grc' dir='ltr'>πρὸς</span> <span class='ocrx_word' id='word_1_93' title='bbox 2475 1638 2689 1711; x_wconf 85' lang='grc' dir='ltr'>τοῦτο</span> <span class='ocrx_word' id='word_1_94' title='bbox 2737 1632 2824 1710; x_wconf 88' lang='grc' dir='ltr'>δι’</span> <span class='ocrx_word' id='word_1_95' title='bbox 2860 1632 3021 1710; x_wconf 88' lang='grc' dir='ltr'>ἐθε-</span> <span class='ocrx_word' id='word_1_96' title='bbox 3061 1672 3135 1714; x_wconf 81' lang='grc' dir='ltr'>ιο</span> 
     </span>
     <span class='ocr_line' id='line_1_12' title="bbox 620 1752 3030 1860; baseline 0.003 -28"><span class='ocrx_word' id='word_1_97' title='bbox 620 1754 924 1835; x_wconf 88' lang='grc' dir='ltr'>λουσίου</span> <span class='ocrx_word' id='word_1_98' title='bbox 989 1757 1242 1860; x_wconf 82' lang='grc' dir='ltr'>ῥοπῆς·</span> <span class='ocrx_word' id='word_1_99' title='bbox 1324 1757 1495 1836; x_wconf 87' lang='grc' dir='ltr'>ἀλλ’</span> <span class='ocrx_word' id='word_1_100' title='bbox 1558 1758 1639 1837; x_wconf 84' lang='grc' dir='ltr'>ἐκ</span> <span class='ocrx_word' id='word_1_101' title='bbox 1712 1760 1839 1856; x_wconf 83' lang='grc' dir='ltr'>τῆς</span> <span class='ocrx_word' id='word_1_102' title='bbox 1900 1762 2048 1836; x_wconf 80' lang='grc' dir='ltr'>τῶν</span> <span class='ocrx_word' id='word_1_103' title='bbox 2113 1754 2493 1859; x_wconf 76' lang='grc' dir='ltr'>δρωμένων</span> <span class='ocrx_word' id='word_1_104' title='bbox 2558 1752 3030 1854; x_wconf 77' lang='grc' dir='ltr'>ἀνοσιότητος</span> 
     </span>
     <span class='ocr_line' id='line_1_13' title="bbox 618 1877 3030 1984; baseline 0 -26"><span class='ocrx_word' id='word_1_105' title='bbox 618 1879 1215 1984; x_wconf 85' lang='grc' dir='ltr'>παρεφθαρμένος</span> <span class='ocrx_word' id='word_1_106' title='bbox 1255 1877 1383 1961; x_wconf 76' lang='grc' dir='ltr'>τὸν</span> <span class='ocrx_word' id='word_1_107' title='bbox 1420 1887 1606 1977; x_wconf 84' lang='grc' dir='ltr'>νοῦν,</span> <span class='ocrx_word' id='word_1_108' title='bbox 1643 1882 1761 1960; x_wconf 78' lang='grc' dir='ltr'>καὶ</span> <span class='ocrx_word' id='word_1_109' title='bbox 1797 1880 2073 1981; x_wconf 78' lang='grc' dir='ltr'>μεθύων</span> <span class='ocrx_word' id='word_1_110' title='bbox 2115 1878 2362 1983; x_wconf 77' lang='grc' dir='ltr'>ὥσπερ</span> <span class='ocrx_word' id='word_1_111' title='bbox 2397 1885 2545 1964; x_wconf 88' lang='grc' dir='ltr'>τοῖς</span> <span class='ocrx_word' id='word_1_112' title='bbox 2583 1878 2758 1981; x_wconf 74' lang='grc' dir='ltr'>ὑπὲρ</span> <span class='ocrx_word' id='word_1_113' title='bbox 2793 1878 3030 1980; x_wconf 90' lang='grc' dir='ltr'>λόγον</span> 
     </span>
     <span class='ocr_line' id='line_1_14' title="bbox 619 2002 3030 2110; baseline 0.004 -30"><span class='ocrx_word' id='word_1_114' title='bbox 619 2002 1104 2104; x_wconf 85' lang='grc' dir='ltr'>τολμήμασιν,</span> <span class='ocrx_word' id='word_1_115' title='bbox 1152 2004 1313 2085; x_wconf 75' lang='grc' dir='ltr'>οὐδὲ</span> <span class='ocrx_word' id='word_1_116' title='bbox 1369 2005 1534 2085; x_wconf 80' lang='grc' dir='ltr'>ὅποι</span> <span class='ocrx_word' id='word_1_117' title='bbox 1589 2002 1766 2086; x_wconf 80' lang='grc' dir='ltr'>ποτὲ</span> <span class='ocrx_word' id='word_1_118' title='bbox 1817 2005 2108 2110; x_wconf 84' lang='grc' dir='ltr'>φέρεται</span> <span class='ocrx_word' id='word_1_119' title='bbox 2162 2005 2441 2102; x_wconf 84' lang='grc' dir='ltr'>βλέπει,</span> <span class='ocrx_word' id='word_1_120' title='bbox 2488 2006 2605 2083; x_wconf 76' lang='grc' dir='ltr'>καὶ</span> <span class='ocrx_word' id='word_1_121' title='bbox 2657 2004 3030 2103; x_wconf 79' lang='grc' dir='ltr'>ἀνηνύτοις</span> 
     </span>
     <span class='ocr_line' id='line_1_15' title="bbox 619 2126 3028 2237; baseline 0 -31"><span class='ocrx_word' id='word_1_122' title='bbox 619 2129 991 2233; x_wconf 78' lang='grc' dir='ltr'>ἐπιχειρῶν</span> <span class='ocrx_word' id='word_1_123' title='bbox 1047 2130 1174 2209; x_wconf 82' lang='grc' dir='ltr'>οὐκ</span> <span class='ocrx_word' id='word_1_124' title='bbox 1233 2126 1676 2211; x_wconf 77' lang='grc' dir='ltr'>αἰσθάνεται.</span> <span class='ocrx_word' id='word_1_125' title='bbox 1759 2126 1935 2237; x_wconf 78' lang='grc' dir='ltr'>ᾤετο</span> <span class='ocrx_word' id='word_1_126' title='bbox 1988 2127 2133 2233; x_wconf 80' lang='grc' dir='ltr'>γὰρ</span> <span class='ocrx_word' id='word_1_127' title='bbox 2178 2128 2288 2210; x_wconf 78' lang='grc' dir='ltr'>ὅτι</span> <span class='ocrx_word' id='word_1_128' title='bbox 2330 2135 2420 2234; x_wconf 83' lang='grc' dir='ltr'>τῇ</span> <span class='ocrx_word' id='word_1_129' title='bbox 2472 2134 2617 2208; x_wconf 83' lang='grc' dir='ltr'>τῶν</span> <span class='ocrx_word' id='word_1_130' title='bbox 2661 2129 3028 2225; x_wconf 78' lang='grc' dir='ltr'>ἑπομένων</span> 
     </span>
     <span class='ocr_line' id='line_1_16' title="bbox 617 2251 3131 2368; baseline 0 -36"><span class='ocrx_word' id='word_1_131' title='bbox 617 2252 899 2352; x_wconf 84' lang='grc' dir='ltr'>πληθύῖ</span> <span class='ocrx_word' id='word_1_132' title='bbox 930 2258 1046 2334; x_wconf 86' lang='grc' dir='ltr'>καὶ</span> <span class='ocrx_word' id='word_1_133' title='bbox 1084 2255 1498 2361; x_wconf 83' lang='grc' dir='ltr'>ἀνθρωπίνῃ</span> <span class='ocrx_word' id='word_1_134' title='bbox 1535 2256 1712 2360; x_wconf 73' lang='grc' dir='ltr'>χειρὶ</span> <span class='ocrx_word' id='word_1_135' title='bbox 1749 2258 1876 2354; x_wconf 82' lang='grc' dir='ltr'>τῆς</span> <span class='ocrx_word' id='word_1_136' title='bbox 1913 2256 2106 2339; x_wconf 81' lang='grc' dir='ltr'>θείας</span> <span class='ocrx_word' id='word_1_137' title='bbox 2131 2254 2350 2334; x_wconf 80' lang='grc' dir='ltr'>αὐτοῦ</span> <span class='ocrx_word' id='word_1_138' title='bbox 2385 2251 2746 2351; x_wconf 80' lang='grc' dir='ltr'>δυνάμεως</span> <span class='ocrx_word' id='word_1_139' title='bbox 2779 2253 3021 2368; x_wconf 76' lang='grc' dir='ltr'>περιέ-</span> <span class='ocrx_word' id='word_1_140' title='bbox 3059 2296 3131 2355; x_wconf 85' lang='lat'>15</span> 
     </span>
     <span class='ocr_line' id='line_1_17' title="bbox 617 2376 3027 2484; baseline -0.001 -26"><span class='ocrx_word' id='word_1_141' title='bbox 617 2411 791 2457; x_wconf 91' lang='grc' dir='ltr'>σται</span> <span class='ocrx_word' id='word_1_142' title='bbox 828 2378 1027 2459; x_wconf 83' lang='grc' dir='ltr'>ποτέ.</span> <span class='ocrx_word' id='word_1_143' title='bbox 1098 2382 1217 2459; x_wconf 81' lang='grc' dir='ltr'>καὶ</span> <span class='ocrx_word' id='word_1_144' title='bbox 1253 2376 1355 2480; x_wconf 87' lang='grc' dir='ltr'>μή</span> <span class='ocrx_word' id='word_1_145' title='bbox 1392 2413 1505 2459; x_wconf 94' lang='grc' dir='ltr'>τοι</span> <span class='ocrx_word' id='word_1_146' title='bbox 1541 2378 1923 2484; x_wconf 80' lang='grc' dir='ltr'>θαυμάσῃς</span> <span class='ocrx_word' id='word_1_147' title='bbox 1958 2385 2016 2459; x_wconf 83' lang='grc' dir='ltr'>εὶ</span> <span class='ocrx_word' id='word_1_148' title='bbox 2063 2385 2269 2459; x_wconf 89' lang='grc' dir='ltr'>νοσεῖ</span> <span class='ocrx_word' id='word_1_149' title='bbox 2302 2413 2369 2459; x_wconf 89' lang='grc' dir='ltr'>τι</span> <span class='ocrx_word' id='word_1_150' title='bbox 2420 2384 2566 2457; x_wconf 84' lang='grc' dir='ltr'>τῶν</span> <span class='ocrx_word' id='word_1_151' title='bbox 2600 2377 2943 2458; x_wconf 84' lang='grc' dir='ltr'>τοιούτων</span> <span class='ocrx_word' id='word_1_152' title='bbox 2981 2379 3027 2457; x_wconf 88' lang='lat'><em>5</em></span> 
     </span>
     <span class='ocr_line' id='line_1_18' title="bbox 283 2500 3026 2611; baseline 0.001 -32"><span class='ocrx_word' id='word_1_153' title='bbox 283 2521 534 2581; x_wconf 78' lang='lat' dir='ltr'>1012A.</span> <span class='ocrx_word' id='word_1_154' title='bbox 560 2537 595 2577; x_wconf 75' lang='lat' dir='ltr'><strong>a</strong></span> <span class='ocrx_word' id='word_1_155' title='bbox 620 2502 946 2602; x_wconf 82' lang='grc' dir='ltr'>δείλαιος,</span> <span class='ocrx_word' id='word_1_156' title='bbox 1003 2508 1120 2585; x_wconf 82' lang='grc' dir='ltr'>καὶ</span> <span class='ocrx_word' id='word_1_157' title='bbox 1175 2504 1493 2607; x_wconf 79' lang='grc' dir='ltr'>γέλωτος</span> <span class='ocrx_word' id='word_1_158' title='bbox 1550 2503 1719 2611; x_wconf 78' lang='grc' dir='ltr'>ἀξια</span> <span class='ocrx_word' id='word_1_159' title='bbox 1772 2500 2244 2609; x_wconf 77' lang='grc' dir='ltr'>πεφρονηκὼς</span> <span class='ocrx_word' id='word_1_160' title='bbox 2299 2503 2717 2607; x_wconf 87' lang='grc' dir='ltr'>εὑρίσκεται.</span> <span class='ocrx_word' id='word_1_161' title='bbox 2807 2502 3026 2611; x_wconf 72' lang='grc' dir='ltr'>ἑτέρῳ</span> 
     </span>
     <span class='ocr_line' id='line_1_19' title="bbox 619 2626 3028 2738; baseline 0.001 -32"><span class='ocrx_word' id='word_1_162' title='bbox 619 2626 763 2732; x_wconf 80' lang='grc' dir='ltr'>γὰρ</span> <span class='ocrx_word' id='word_1_163' title='bbox 795 2626 931 2728; x_wconf 83' lang='grc' dir='ltr'>ἤδη</span> <span class='ocrx_word' id='word_1_164' title='bbox 965 2633 1093 2729; x_wconf 84' lang='grc' dir='ltr'>τῆς</span> <span class='ocrx_word' id='word_1_165' title='bbox 1128 2632 1382 2710; x_wconf 82' lang='grc' dir='ltr'>ἑαυτοῦ</span> <span class='ocrx_word' id='word_1_166' title='bbox 1418 2635 1667 2738; x_wconf 78' lang='grc' dir='ltr'>ψυχῆς</span> <span class='ocrx_word' id='word_1_167' title='bbox 1713 2631 1995 2712; x_wconf 81' lang='grc' dir='ltr'>ἀναθεὶς</span> <span class='ocrx_word' id='word_1_168' title='bbox 2045 2627 2212 2713; x_wconf 76' lang='grc' dir='ltr'>τοὺς</span> <span class='ocrx_word' id='word_1_169' title='bbox 2259 2629 2502 2714; x_wconf 79' lang='grc' dir='ltr'>οἴακας</span> <span class='ocrx_word' id='word_1_170' title='bbox 2539 2631 2654 2707; x_wconf 78' lang='grc' dir='ltr'>καὶ</span> <span class='ocrx_word' id='word_1_171' title='bbox 2690 2663 3028 2708; x_wconf 89' lang='grc' dir='ltr'>καταπω-</span> 
     </span>
     <span class='ocr_line' id='line_1_20' title="bbox 618 2751 3027 2862; baseline 0.003 -31"><span class='ocrx_word' id='word_1_172' title='bbox 618 2751 861 2852; x_wconf 90' lang='grc' dir='ltr'>λήσας</span> <span class='ocrx_word' id='word_1_173' title='bbox 896 2760 1000 2862; x_wconf 79' lang='grc' dir='ltr'>τῷ</span> <span class='ocrx_word' id='word_1_174' title='bbox 1045 2752 1367 2862; x_wconf 80' lang='grc' dir='ltr'>διαβόλῳ</span> <span class='ocrx_word' id='word_1_175' title='bbox 1404 2761 1550 2834; x_wconf 78' lang='grc' dir='ltr'>τῶν</span> <span class='ocrx_word' id='word_1_176' title='bbox 1589 2756 1784 2834; x_wconf 78' lang='grc' dir='ltr'>ἰδίων</span> <span class='ocrx_word' id='word_1_177' title='bbox 1823 2753 2248 2854; x_wconf 85' lang='grc' dir='ltr'>θελημάτων</span> <span class='ocrx_word' id='word_1_178' title='bbox 2284 2751 2414 2852; x_wconf 87' lang='grc' dir='ltr'>τὴν</span> <span class='ocrx_word' id='word_1_179' title='bbox 2451 2753 2812 2860; x_wconf 79' lang='grc' dir='ltr'>ἐξουσίαν,</span> <span class='ocrx_word' id='word_1_180' title='bbox 2850 2751 3027 2838; x_wconf 79' lang='grc' dir='ltr'>ὅλος</span> 
     </span>
     <span class='ocr_line' id='line_1_21' title="bbox 616 2872 3133 2985; baseline 0.003 -30"><span class='ocrx_word' id='word_1_181' title='bbox 616 2872 708 2976; x_wconf 83' lang='grc' dir='ltr'>ἦν</span> <span class='ocrx_word' id='word_1_182' title='bbox 743 2881 870 2977; x_wconf 83' lang='grc' dir='ltr'>τῆς</span> <span class='ocrx_word' id='word_1_183' title='bbox 907 2879 1169 2959; x_wconf 86' lang='grc' dir='ltr'>ἐκείνου</span> <span class='ocrx_word' id='word_1_184' title='bbox 1200 2879 1475 2977; x_wconf 88' lang='grc' dir='ltr'>μανίας,</span> <span class='ocrx_word' id='word_1_185' title='bbox 1515 2875 2119 2978; x_wconf 83' lang='grc' dir='ltr'>εἶσπεπηδηκότος</span> <span class='ocrx_word' id='word_1_186' title='bbox 2154 2874 2359 2985; x_wconf 79' lang='grc' dir='ltr'>ἅπαξ</span> <span class='ocrx_word' id='word_1_187' title='bbox 2388 2881 2503 2957; x_wconf 79' lang='grc' dir='ltr'>καὶ</span> <span class='ocrx_word' id='word_1_188' title='bbox 2539 2885 2796 2981; x_wconf 83' lang='grc' dir='ltr'>πικροῦ</span> <span class='ocrx_word' id='word_1_189' title='bbox 2834 2913 3026 2962; x_wconf 86' lang='grc' dir='ltr'>τινος</span> <span class='ocrx_word' id='word_1_190' title='bbox 3057 2928 3133 2969; x_wconf 83' lang='lat'>20</span> 
     </span>
     <span class='ocr_line' id='line_1_22' title="bbox 557 2999 3027 3112; baseline 0.002 -30"><span class='ocrx_word' id='word_1_191' title='bbox 557 3069 567 3076; x_wconf 85' lang='lat'>.</span> <span class='ocrx_word' id='word_1_192' title='bbox 617 2999 853 3106; x_wconf 77' lang='grc' dir='ltr'>ὄφεως</span> <span class='ocrx_word' id='word_1_193' title='bbox 903 3003 1103 3103; x_wconf 87' lang='grc' dir='ltr'>δίκην</span> <span class='ocrx_word' id='word_1_194' title='bbox 1154 3003 1697 3112; x_wconf 83' lang='grc' dir='ltr'>ἐμφωλεύοντος</span> <span class='ocrx_word' id='word_1_195' title='bbox 1755 3006 1972 3110; x_wconf 74' lang='grc' dir='ltr'>αὐτῷ.</span> <span class='ocrx_word' id='word_1_196' title='bbox 2056 3000 2573 3101; x_wconf 81' lang='grc' dir='ltr'>ἀποθαυμάσαι</span> <span class='ocrx_word' id='word_1_197' title='bbox 2629 3004 2700 3082; x_wconf 87' lang='grc' dir='ltr'>δ’</span> <span class='ocrx_word' id='word_1_198' title='bbox 2759 3003 2849 3082; x_wconf 80' lang='grc' dir='ltr'>ἀν</span> <span class='ocrx_word' id='word_1_199' title='bbox 2893 3037 3027 3101; x_wconf 92' lang='grc' dir='ltr'>τις,</span> 
     </span>
     <span class='ocr_line' id='line_1_23' title="bbox 617 3125 3029 3235; baseline 0.001 -30"><span class='ocrx_word' id='word_1_200' title='bbox 617 3128 736 3207; x_wconf 84' lang='grc' dir='ltr'>καὶ</span> <span class='ocrx_word' id='word_1_201' title='bbox 792 3127 961 3207; x_wconf 87' lang='grc' dir='ltr'>λίαν</span> <span class='ocrx_word' id='word_1_202' title='bbox 1016 3125 1321 3226; x_wconf 77' lang='grc' dir='ltr'>εἰκότως,</span> <span class='ocrx_word' id='word_1_203' title='bbox 1359 3125 1881 3230; x_wconf 88' lang='grc' dir='ltr'>ἀκαταλήκτων</span> <span class='ocrx_word' id='word_1_204' title='bbox 1932 3161 2008 3207; x_wconf 91' lang='grc' dir='ltr'>τε</span> <span class='ocrx_word' id='word_1_205' title='bbox 2066 3126 2391 3231; x_wconf 85' lang='grc' dir='ltr'>δακρύων</span> <span class='ocrx_word' id='word_1_206' title='bbox 2428 3128 2640 3235; x_wconf 85' lang='grc' dir='ltr'>ἀξίαν</span> <span class='ocrx_word' id='word_1_207' title='bbox 2698 3129 2845 3231; x_wconf 85' lang='grc' dir='ltr'>ἐρεῖ</span> <span class='ocrx_word' id='word_1_208' title='bbox 2890 3127 3029 3227; x_wconf 88' lang='grc' dir='ltr'>τὴν</span> 
     </span>
     <span class='ocr_line' id='line_1_24' title="bbox 620 3251 3031 3361; baseline 0 -30"><span class='ocrx_word' id='word_1_209' title='bbox 620 3260 748 3332; x_wconf 85' lang='grc' dir='ltr'>τοῦ</span> <span class='ocrx_word' id='word_1_210' title='bbox 801 3252 1159 3355; x_wconf 89' lang='grc' dir='ltr'>προδότου</span> <span class='ocrx_word' id='word_1_211' title='bbox 1213 3252 1701 3335; x_wconf 84' lang='grc' dir='ltr'>κατάπτωσιν.</span> <span class='ocrx_word' id='word_1_212' title='bbox 1777 3255 1819 3333; x_wconf 91' lang='lat'><em>5</em></span> <span class='ocrx_word' id='word_1_213' title='bbox 1876 3252 2020 3356; x_wconf 80' lang='grc' dir='ltr'>γὰρ</span> <span class='ocrx_word' id='word_1_214' title='bbox 2080 3253 2241 3357; x_wconf 76' lang='grc' dir='ltr'>ἄρτι</span> <span class='ocrx_word' id='word_1_215' title='bbox 2300 3251 2866 3351; x_wconf 78' lang='grc' dir='ltr'>συνεστιώμενος</span> <span class='ocrx_word' id='word_1_216' title='bbox 2920 3258 3031 3361; x_wconf 73' lang='grc' dir='ltr'>τῷ</span> 
     </span>
     <span class='ocr_line' id='line_1_25' title="bbox 619 3374 3028 3486; baseline 0.002 -29"><span class='ocrx_word' id='word_1_217' title='bbox 619 3381 927 3486; x_wconf 77' lang='grc' dir='ltr'>Χριστῷ</span> <span class='ocrx_word' id='word_1_218' title='bbox 982 3380 1099 3458; x_wconf 82' lang='grc' dir='ltr'>καὶ</span> <span class='ocrx_word' id='word_1_219' title='bbox 1157 3376 1498 3475; x_wconf 83' lang='grc' dir='ltr'>ὁμόσιτος</span> <span class='ocrx_word' id='word_1_220' title='bbox 1555 3375 1677 3473; x_wconf 80' lang='grc' dir='ltr'>ὧν,</span> <span class='ocrx_word' id='word_1_221' title='bbox 1714 3374 2064 3482; x_wconf 73' lang='grc' dir='ltr'>τραπέζης</span> <span class='ocrx_word' id='word_1_222' title='bbox 2118 3412 2196 3458; x_wconf 90' lang='grc' dir='ltr'>τε</span> <span class='ocrx_word' id='word_1_223' title='bbox 2251 3382 2380 3478; x_wconf 88' lang='grc' dir='ltr'>τῆς</span> <span class='ocrx_word' id='word_1_224' title='bbox 2435 3379 2646 3480; x_wconf 81' lang='grc' dir='ltr'>ἁγίας</span> <span class='ocrx_word' id='word_1_225' title='bbox 2699 3377 3028 3483; x_wconf 83' lang='grc' dir='ltr'>μέτοχος,</span> 
     </span>
     <span class='ocr_line' id='line_1_26' title="bbox 551 3499 3133 3610; baseline 0.005 -34"><span class='ocrx_word' id='word_1_226' title='bbox 551 3510 596 3576; x_wconf 87' lang='lat' dir='ltr'>b</span> <span class='ocrx_word' id='word_1_227' title='bbox 622 3503 737 3581; x_wconf 80' lang='grc' dir='ltr'>καὶ</span> <span class='ocrx_word' id='word_1_228' title='bbox 798 3499 1045 3603; x_wconf 91' lang='grc' dir='ltr'>λόγων</span> <span class='ocrx_word' id='word_1_229' title='bbox 1108 3508 1254 3581; x_wconf 80' lang='grc' dir='ltr'>τῶν</span> <span class='ocrx_word' id='word_1_230' title='bbox 1312 3506 1409 3586; x_wconf 82' lang='grc' dir='ltr'>εἷς</span> <span class='ocrx_word' id='word_1_231' title='bbox 1466 3503 1837 3598; x_wconf 78' lang='grc' dir='ltr'>εὐσεβειαν</span> <span class='ocrx_word' id='word_1_232' title='bbox 1899 3502 2473 3585; x_wconf 79' lang='grc' dir='ltr'>συναπολαύσας</span> <span class='ocrx_word' id='word_1_233' title='bbox 2532 3511 2681 3587; x_wconf 89' lang='grc' dir='ltr'>τοῖς</span> <span class='ocrx_word' id='word_1_234' title='bbox 2744 3504 3025 3603; x_wconf 74' lang='grc' dir='ltr'>ἄλλοις,</span> <span class='ocrx_word' id='word_1_235' title='bbox 3058 3554 3089 3594; x_wconf 78' lang='lat'>2</span> <span class='ocrx_word' id='word_1_236' title='bbox 3097 3549 3133 3610; x_wconf 87' lang='lat'><em>5</em></span> 
     </span>
     <span class='ocr_line' id='line_1_27' title="bbox 284 3625 3027 3755; baseline 0.003 -54"><span class='ocrx_word' id='word_1_237' title='bbox 284 3636 559 3755; x_wconf 52' lang='lat' dir='ltr'>{³2¹me</span> <span class='ocrx_word' id='word_1_238' title='bbox 620 3625 941 3727; x_wconf 80' lang='grc' dir='ltr'>ἀκηκοώς</span> <span class='ocrx_word' id='word_1_239' title='bbox 989 3661 1065 3706; x_wconf 90' lang='grc' dir='ltr'>τε</span> <span class='ocrx_word' id='word_1_240' title='bbox 1117 3627 1458 3730; x_wconf 80' lang='grc' dir='ltr'>λέγοντος</span> <span class='ocrx_word' id='word_1_241' title='bbox 1488 3630 1810 3732; x_wconf 79' lang='grc' dir='ltr'>ἐναργῶς</span> <span class='ocrx_word' id='word_1_242' title='bbox 1845 3625 2184 3708; x_wconf 81' lang='grc' dir='ltr'>““Ὀτι</span> <span class='ocrx_word' id='word_1_243' title='bbox 2119 3663 2214 3712; x_wconf 89' lang='grc' dir='ltr'>εις</span> <span class='ocrx_word' id='word_1_244' title='bbox 2252 3627 2408 3735; x_wconf 76' lang='grc' dir='ltr'>ἐξ’</span> <span class='ocrx_word' id='word_1_245' title='bbox 2371 3634 2570 3726; x_wconf 80' lang='grc' dir='ltr'>υμῶν</span> <span class='ocrx_word' id='word_1_246' title='bbox 2605 3628 3027 3732; x_wconf 82' lang='grc' dir='ltr'>παραδώσει</span> 
     </span>
     <span class='ocr_line' id='line_1_28' title="bbox 624 3751 3021 3860; baseline 0.002 -31.136"><span class='ocrx_word' id='word_1_247' title='bbox 624 3753 854 3848; x_wconf 86' lang='grc' dir='ltr'>“”με,</span> <span class='ocrx_word' id='word_1_248' title='bbox 914 3751 1003 3859; x_wconf 83' lang='grc' dir='ltr'>ἐξ</span> <span class='ocrx_word' id='word_1_249' title='bbox 1045 3752 1302 3849; x_wconf 76' lang='grc' dir='ltr'>αὐτῶν,</span> <span class='ocrx_word' id='word_1_250' title='bbox 1342 3755 1438 3838; x_wconf 86' lang='grc' dir='ltr'>ὡς</span> <span class='ocrx_word' id='word_1_251' title='bbox 1489 3788 1657 3838; x_wconf 89' lang='grc' dir='ltr'>επος</span> <span class='ocrx_word' id='word_1_252' title='bbox 1708 3759 1945 3848; x_wconf 76' lang='grc' dir='ltr'>εἰπεῖν,</span> <span class='ocrx_word' id='word_1_253' title='bbox 1990 3758 2136 3831; x_wconf 82' lang='grc' dir='ltr'>τῶν</span> <span class='ocrx_word' id='word_1_254' title='bbox 2180 3752 2742 3856; x_wconf 80' lang='grc' dir='ltr'>περιτραπεζίων</span> <span class='ocrx_word' id='word_1_255' title='bbox 2792 3752 3021 3860; x_wconf 79' lang='grc' dir='ltr'>ἐξάλ-</span> 
     </span>
     <span class='ocr_line' id='line_1_29' title="bbox 622 3873 3027 3981; baseline 0.002 -25"><span class='ocrx_word' id='word_1_256' title='bbox 622 3888 826 3956; x_wconf 87' lang='grc' dir='ltr'>λεται</span> <span class='ocrx_word' id='word_1_257' title='bbox 886 3878 1162 3981; x_wconf 89' lang='grc' dir='ltr'>δίφρων</span> <span class='ocrx_word' id='word_1_258' title='bbox 1221 3879 1339 3956; x_wconf 83' lang='grc' dir='ltr'>καὶ</span> <span class='ocrx_word' id='word_1_259' title='bbox 1396 3882 1526 3975; x_wconf 84' lang='grc' dir='ltr'>τῆς</span> <span class='ocrx_word' id='word_1_260' title='bbox 1584 3876 2079 3959; x_wconf 88' lang='grc' dir='ltr'>κατακλίσεως</span> <span class='ocrx_word' id='word_1_261' title='bbox 2141 3876 2303 3979; x_wconf 74' lang='grc' dir='ltr'>ἄρτι</span> <span class='ocrx_word' id='word_1_262' title='bbox 2362 3873 2552 3981; x_wconf 79' lang='grc' dir='ltr'>τάχα</span> <span class='ocrx_word' id='word_1_263' title='bbox 2609 3876 3027 3977; x_wconf 76' lang='grc' dir='ltr'>διαναστὰς,</span> 
     </span>
     <span class='ocr_line' id='line_1_30' title="bbox 619 3999 3027 4103; baseline 0.001 -25"><span class='ocrx_word' id='word_1_264' title='bbox 619 4002 954 4103; x_wconf 88' lang='grc' dir='ltr'>δρομαῖος</span> <span class='ocrx_word' id='word_1_265' title='bbox 1010 4000 1253 4081; x_wconf 76' lang='grc' dir='ltr'>ἄπεισι</span> <span class='ocrx_word' id='word_1_266' title='bbox 1309 3999 1837 4103; x_wconf 86' lang='grc' dir='ltr'>μισθαρνήσων</span> <span class='ocrx_word' id='word_1_267' title='bbox 1881 4000 2270 4097; x_wconf 83' lang='grc' dir='ltr'>Ἰουδαίοις,</span> <span class='ocrx_word' id='word_1_268' title='bbox 2309 4002 2391 4080; x_wconf 81' lang='grc' dir='ltr'>οὐ</span> <span class='ocrx_word' id='word_1_269' title='bbox 2437 3999 2683 4103; x_wconf 90' lang='grc' dir='ltr'>λόγων</span> <span class='ocrx_word' id='word_1_270' title='bbox 2729 4008 2875 4081; x_wconf 80' lang='grc' dir='ltr'>τῶν</span> <span class='ocrx_word' id='word_1_271' title='bbox 2926 4009 3027 4088; x_wconf 82' lang='grc' dir='ltr'>εἷς</span> 
     </span>
     <span class='ocr_line' id='line_1_31' title="bbox 618 4124 3137 4227; baseline 0.001 -23"><span class='ocrx_word' id='word_1_272' title='bbox 618 4126 991 4222; x_wconf 82' lang='grc' dir='ltr'>εὐσέβειαν</span> <span class='ocrx_word' id='word_1_273' title='bbox 1055 4130 1579 4227; x_wconf 86' lang='grc' dir='ltr'>διαμεμνῆσθαι</span> <span class='ocrx_word' id='word_1_274' title='bbox 1642 4124 1984 4226; x_wconf 88' lang='grc' dir='ltr'>θελήσας,</span> <span class='ocrx_word' id='word_1_275' title='bbox 2045 4126 2173 4205; x_wconf 83' lang='grc' dir='ltr'>οὐκ</span> <span class='ocrx_word' id='word_1_276' title='bbox 2236 4126 2527 4210; x_wconf 85' lang='grc' dir='ltr'>ἐλπίδος</span> <span class='ocrx_word' id='word_1_277' title='bbox 2592 4130 2719 4227; x_wconf 83' lang='grc' dir='ltr'>τῆς</span> <span class='ocrx_word' id='word_1_278' title='bbox 2778 4131 2877 4210; x_wconf 79' lang='grc' dir='ltr'>εἷς</span> <span class='ocrx_word' id='word_1_279' title='bbox 2938 4128 3024 4207; x_wconf 85' lang='grc' dir='ltr'>τὸ</span> <span class='ocrx_word' id='word_1_280' title='bbox 3056 4167 3137 4225; x_wconf 84' lang='lat'>30</span> 
     </span>
     <span class='ocr_line' id='line_1_32' title="bbox 618 4249 3027 4355; baseline 0.002 -26"><span class='ocrx_word' id='word_1_281' title='bbox 618 4249 899 4347; x_wconf 81' lang='grc' dir='ltr'>μέλλον</span> <span class='ocrx_word' id='word_1_282' title='bbox 971 4257 1074 4337; x_wconf 79' lang='grc' dir='ltr'>εἷς</span> <span class='ocrx_word' id='word_1_283' title='bbox 1144 4251 1524 4350; x_wconf 87' lang='grc' dir='ltr'>ἐπιθυμίαν</span> <span class='ocrx_word' id='word_1_284' title='bbox 1598 4249 1856 4350; x_wconf 78' lang='grc' dir='ltr'>ἐλθὼν,</span> <span class='ocrx_word' id='word_1_285' title='bbox 1930 4250 2148 4353; x_wconf 85' lang='grc' dir='ltr'>ὀλίγα</span> <span class='ocrx_word' id='word_1_286' title='bbox 2224 4249 2298 4331; x_wconf 78' lang='grc' dir='ltr'>δὲ</span> <span class='ocrx_word' id='word_1_287' title='bbox 2373 4254 2629 4355; x_wconf 85' lang='grc' dir='ltr'>κομιδῇ</span> <span class='ocrx_word' id='word_1_288' title='bbox 2703 4252 2823 4331; x_wconf 83' lang='grc' dir='ltr'>καὶ</span> <span class='ocrx_word' id='word_1_289' title='bbox 2895 4260 3027 4333; x_wconf 85' lang='grc' dir='ltr'>τοῦ</span> 
     </span>
    </p>
   </div>
   <div class='ocr_carea' id='block_1_3' title="bbox 614 4517 3024 4670">
    <p class='ocr_par' dir='ltr' id='par_1_3' title="bbox 614 4517 3024 4670">
     <span class='ocr_line' id='line_1_33' title="bbox 696 4517 3024 4598; baseline 0.001 -18"><span class='ocrx_word' id='word_1_290' title='bbox 696 4545 776 4598; x_wconf 85' lang='lat'>13.</span> <span class='ocrx_word' id='word_1_291' title='bbox 814 4526 1077 4596; x_wconf 81' lang='grc' dir='ltr'>ἀνηνύτοις</span> <span class='ocrx_word' id='word_1_292' title='bbox 1104 4526 1166 4581; x_wconf 88' lang='grc' dir='ltr'>Ε.</span> <span class='ocrx_word' id='word_1_293' title='bbox 1194 4525 1449 4596; x_wconf 78' lang='grc' dir='ltr'>ἀνηνύτως</span> <span class='ocrx_word' id='word_1_294' title='bbox 1477 4524 1579 4581; x_wconf 81' lang='lat' dir='ltr'>Ed.</span> <span class='ocrx_word' id='word_1_295' title='bbox 1836 4542 1918 4596; x_wconf 85' lang='lat'>19.</span> <span class='ocrx_word' id='word_1_296' title='bbox 1956 4525 2081 4584; x_wconf 80' lang='grc' dir='ltr'>ὅλος</span> <span class='ocrx_word' id='word_1_297' title='bbox 2107 4525 2171 4580; x_wconf 87' lang='grc' dir='ltr'>Ε.</span> <span class='ocrx_word' id='word_1_298' title='bbox 2199 4525 2336 4582; x_wconf 80' lang='grc' dir='ltr'>ὅλως</span> <span class='ocrx_word' id='word_1_299' title='bbox 2362 4517 2465 4581; x_wconf 78' lang='lat' dir='ltr'>Ed.</span> <span class='ocrx_word' id='word_1_300' title='bbox 2720 4541 2806 4581; x_wconf 66' lang='grc' dir='ltr'>πο.</span> <span class='ocrx_word' id='word_1_301' title='bbox 2843 4526 3024 4583; x_wconf 77' lang='grc' dir='ltr'>εἰσπε-</span> 
     </span>
     <span class='ocr_line' id='line_1_34' title="bbox 614 4598 987 4670; baseline -0.011 -14"><span class='ocrx_word' id='word_1_302' title='bbox 614 4599 896 4670; x_wconf 81' lang='grc' dir='ltr'>πεδηκότος</span> <span class='ocrx_word' id='word_1_303' title='bbox 920 4598 987 4653; x_wconf 86' lang='lat' dir='ltr'>E.</span> 
     </span>
    </p>
   </div>
  </div>
 </body>
</html>
