<?xml version="1.0" encoding="UTF-8"?>
<!DOCTYPE html PUBLIC "-//W3C//DTD XHTML 1.0 Transitional//EN"
    "http://www.w3.org/TR/xhtml1/DTD/xhtml1-transitional.dtd">
<html xmlns="http://www.w3.org/1999/xhtml" xml:lang="en" lang="en">
 <head>
  <title>
</title>
<meta http-equiv="Content-Type" content="text/html;charset=utf-8" />
  <meta name='ocr-system' content='tesseract 3.04.00' />
  <meta name='ocr-capabilities' content='ocr_page ocr_carea ocr_par ocr_line ocrx_word'/>
</head>
<body>
  <div class='ocr_page' id='page_1' title='image "./indjoannisevang00pusegoog_0644.png"; bbox 0 0 3269 5166; ppageno 0'>
   <div class='ocr_carea' id='block_1_1' title="bbox 563 340 682 397">
    <p class='ocr_par' dir='ltr' id='par_1_1' title="bbox 563 340 682 397">
     <span class='ocr_line' id='line_1_1' title="bbox 563 340 682 397; baseline -0.008 0"><span class='ocrx_word' id='word_1_1' title='bbox 563 340 682 397; x_wconf 89' lang='grc'><strong>624</strong></span> 
     </span>
    </p>
   </div>
   <div class='ocr_carea' id='block_1_2' title="bbox 1363 331 2147 392">
    <p class='ocr_par' dir='ltr' id='par_1_2' title="bbox 1363 331 2147 392">
     <span class='ocr_line' id='line_1_2' title="bbox 1363 331 2147 392; baseline 0 -2"><span class='ocrx_word' id='word_1_2' title='bbox 1363 332 1689 392; x_wconf 83' lang='lat' dir='ltr'><strong>INDEX</strong></span> <span class='ocrx_word' id='word_1_3' title='bbox 1772 331 2147 391; x_wconf 76' lang='lat' dir='ltr'>RERUM.</span> 
     </span>
    </p>
   </div>
   <div class='ocr_carea' id='block_1_3' title="bbox 2824 351 2980 390">
    <p class='ocr_par' dir='ltr' id='par_1_3' title="bbox 2824 351 2980 390">
     <span class='ocr_line' id='line_1_3' title="bbox 2824 351 2980 390; baseline 0.006 -1"><span class='ocrx_word' id='word_1_4' title='bbox 2824 351 2980 390; x_wconf 67' lang='lat' dir='ltr'><strong>DRU.</strong></span> 
     </span>
    </p>
   </div>
   <div class='ocr_carea' id='block_1_4' title="bbox 645 510 2983 593">
    <p class='ocr_par' dir='ltr' id='par_1_4' title="bbox 645 510 2983 593">
     <span class='ocr_line' id='line_1_4' title="bbox 645 510 2983 593; baseline -0 -19"><span class='ocrx_word' id='word_1_5' title='bbox 645 534 777 593; x_wconf 86' lang='lat' dir='ltr'><strong>pam</strong></span> <span class='ocrx_word' id='word_1_6' title='bbox 806 521 906 574; x_wconf 87' lang='lat' dir='ltr'><strong>aut</strong></span> <span class='ocrx_word' id='word_1_7' title='bbox 931 513 1158 573; x_wconf 88' lang='lat' dir='ltr'><strong>laudem</strong></span> <span class='ocrx_word' id='word_1_8' title='bbox 1187 532 1303 572; x_wconf 88' lang='lat' dir='ltr'><strong>non</strong></span> <span class='ocrx_word' id='word_1_9' title='bbox 1331 511 1569 590; x_wconf 87' lang='lat' dir='ltr'><strong>impedit</strong></span> <span class='ocrx_word' id='word_1_10' title='bbox 1596 517 1711 573; x_wconf 89' lang='grc'><strong>731</strong></span> <span class='ocrx_word' id='word_1_11' title='bbox 1817 511 2092 588; x_wconf 73' lang='lat' dir='ltr'><strong>Discipuli</strong></span> <span class='ocrx_word' id='word_1_12' title='bbox 2103 510 2594 590; x_wconf 76' lang='lat' dir='ltr'><strong>pes-primicerium</strong></span> <span class='ocrx_word' id='word_1_13' title='bbox 2610 513 2983 591; x_wconf 80' lang='lat' dir='ltr'><strong>interrogant</strong></span> 
     </span>
    </p>
   </div>
   <div class='ocr_carea' id='block_1_5' title="bbox 557 610 1720 4571">
    <p class='ocr_par' dir='ltr' id='par_1_5' title="bbox 649 610 1716 689">
     <span class='ocr_line' id='line_1_5' title="bbox 649 610 1716 689; baseline 0 -19"><span class='ocrx_word' id='word_1_14' title='bbox 649 612 749 681; x_wconf 83' lang='lat' dir='ltr'><strong>de,</strong></span> <span class='ocrx_word' id='word_1_15' title='bbox 778 617 895 672; x_wconf 91' lang='grc'><strong>732</strong></span> <span class='ocrx_word' id='word_1_16' title='bbox 917 631 952 670; x_wconf 89' lang='lat' dir='ltr'><strong>a</strong></span> <span class='ocrx_word' id='word_1_17' title='bbox 991 630 1161 689; x_wconf 89' lang='lat' dir='ltr'><strong>quem</strong></span> <span class='ocrx_word' id='word_1_18' title='bbox 1182 610 1504 670; x_wconf 86' lang='lat' dir='ltr'><strong>amatDeus</strong></span> <span class='ocrx_word' id='word_1_19' title='bbox 1523 613 1642 670; x_wconf 89' lang='grc'><strong>830</strong></span> <span class='ocrx_word' id='word_1_20' title='bbox 1661 631 1716 670; x_wconf 88' lang='lat' dir='ltr'><strong>e.</strong></span> 
     </span>
    </p>

    <p class='ocr_par' dir='ltr' id='par_1_6' title="bbox 567 709 1718 1067">
     <span class='ocr_line' id='line_1_6' title="bbox 567 709 1717 785; baseline -0.003 -16"><span class='ocrx_word' id='word_1_21' title='bbox 567 710 724 769; x_wconf 92' lang='lat' dir='ltr'><strong>Deus</strong></span> <span class='ocrx_word' id='word_1_22' title='bbox 777 709 1180 785; x_wconf 78' lang='lat' dir='ltr'><strong>Omnipotens,</strong></span> <span class='ocrx_word' id='word_1_23' title='bbox 1227 709 1475 767; x_wconf 86' lang='lat' dir='ltr'><strong>absurda</strong></span> <span class='ocrx_word' id='word_1_24' title='bbox 1523 716 1717 767; x_wconf 86' lang='lat' dir='ltr'><strong>tamen</strong></span> 
     </span>
     <span class='ocr_line' id='line_1_7' title="bbox 646 806 1716 882; baseline 0 -18"><span class='ocrx_word' id='word_1_25' title='bbox 646 807 900 882; x_wconf 85' lang='lat' dir='ltr'><strong>falsaque</strong></span> <span class='ocrx_word' id='word_1_26' title='bbox 966 825 1086 865; x_wconf 87' lang='lat' dir='ltr'><strong>non</strong></span> <span class='ocrx_word' id='word_1_27' title='bbox 1143 814 1411 882; x_wconf 77' lang='lat' dir='ltr'><strong>operatur</strong></span> <span class='ocrx_word' id='word_1_28' title='bbox 1463 806 1541 864; x_wconf 87' lang='lat' dir='ltr'><strong>iii.</strong></span> <span class='ocrx_word' id='word_1_29' title='bbox 1596 808 1716 865; x_wconf 88' lang='grc'><strong>565</strong></span> 
     </span>
     <span class='ocr_line' id='line_1_8' title="bbox 646 902 1718 981; baseline -0.002 -19"><span class='ocrx_word' id='word_1_30' title='bbox 646 904 1021 981; x_wconf 88' lang='lat' dir='ltr'><strong>Longanimis</strong></span> <span class='ocrx_word' id='word_1_31' title='bbox 1048 903 1158 962; x_wconf 89' lang='lat' dir='ltr'><strong>etsi</strong></span> <span class='ocrx_word' id='word_1_32' title='bbox 1184 903 1377 962; x_wconf 91' lang='lat' dir='ltr'><strong>omnia</strong></span> <span class='ocrx_word' id='word_1_33' title='bbox 1395 902 1718 979; x_wconf 82' lang='lat' dir='ltr'><strong>praesciens</strong></span> 
     </span>
     <span class='ocr_line' id='line_1_9' title="bbox 651 1001 1261 1067; baseline -0.002 -8"><span class='ocrx_word' id='word_1_34' title='bbox 651 1006 768 1062; x_wconf 90' lang='grc'><strong>725</strong></span> <span class='ocrx_word' id='word_1_35' title='bbox 799 1001 857 1067; x_wconf 93' lang='lat' dir='ltr'><strong>d,</strong></span> <span class='ocrx_word' id='word_1_36' title='bbox 886 1001 963 1059; x_wconf 86' lang='lat' dir='ltr'><strong>iii.</strong></span> <span class='ocrx_word' id='word_1_37' title='bbox 992 1005 1111 1061; x_wconf 91' lang='grc'><strong>447</strong></span> <span class='ocrx_word' id='word_1_38' title='bbox 1142 1002 1261 1059; x_wconf 89' lang='lat' dir='ltr'><strong>init.</strong></span> 
     </span>
    </p>

    <p class='ocr_par' dir='ltr' id='par_1_7' title="bbox 567 1097 1715 1271">
     <span class='ocr_line' id='line_1_10' title="bbox 567 1097 1715 1175; baseline 0.001 -19"><span class='ocrx_word' id='word_1_39' title='bbox 567 1102 599 1131; x_wconf 81' lang='lat'><strong>‘⁴</strong></span> <span class='ocrx_word' id='word_1_40' title='bbox 624 1101 678 1156; x_wconf 84' lang='lat' dir='ltr'>A</span> <span class='ocrx_word' id='word_1_41' title='bbox 704 1097 835 1156; x_wconf 93' lang='lat' dir='ltr'><strong>Deo</strong></span> <span class='ocrx_word' id='word_1_42' title='bbox 854 1098 889 1121; x_wconf 85' lang='lat'><strong>&#39;’</strong></span> <span class='ocrx_word' id='word_1_43' title='bbox 933 1098 1163 1156; x_wconf 87' lang='lat' dir='ltr'><strong>Natura</strong></span> <span class='ocrx_word' id='word_1_44' title='bbox 1194 1097 1382 1171; x_wconf 80' lang='lat' dir='ltr'><strong>Filius,</strong></span> <span class='ocrx_word' id='word_1_45' title='bbox 1421 1116 1526 1175; x_wconf 89' lang='lat' dir='ltr'><strong>per</strong></span> <span class='ocrx_word' id='word_1_46' title='bbox 1559 1116 1715 1157; x_wconf 88' lang='lat' dir='ltr'><strong>crea-</strong></span> 
     </span>
     <span class='ocr_line' id='line_1_11' title="bbox 645 1195 1392 1271; baseline 0 -17"><span class='ocrx_word' id='word_1_47' title='bbox 645 1197 863 1254; x_wconf 83' lang='lat' dir='ltr'><strong>tionem</strong></span> <span class='ocrx_word' id='word_1_48' title='bbox 892 1196 1111 1271; x_wconf 83' lang='lat' dir='ltr'><strong>reliqua</strong></span> <span class='ocrx_word' id='word_1_49' title='bbox 1139 1198 1256 1255; x_wconf 88' lang='grc'><strong>349</strong></span> <span class='ocrx_word' id='word_1_50' title='bbox 1286 1195 1392 1254; x_wconf 90' lang='lat' dir='ltr'><strong>ab.</strong></span> 
     </span>
    </p>

    <p class='ocr_par' dir='ltr' id='par_1_8' title="bbox 565 1292 1714 1467">
     <span class='ocr_line' id='line_1_12' title="bbox 565 1292 1714 1352; baseline -0.003 0"><span class='ocrx_word' id='word_1_51' title='bbox 565 1293 1077 1352; x_wconf 85' lang='lat' dir='ltr'><strong>Deuteronomium</strong></span> <span class='ocrx_word' id='word_1_52' title='bbox 1110 1293 1255 1352; x_wconf 88' lang='lat' dir='ltr'><strong>liber</strong></span> <span class='ocrx_word' id='word_1_53' title='bbox 1281 1292 1554 1351; x_wconf 89' lang='lat' dir='ltr'><strong>librorum</strong></span> <span class='ocrx_word' id='word_1_54' title='bbox 1580 1292 1714 1350; x_wconf 85' lang='lat' dir='ltr'><strong>Mo-</strong></span> 
     </span>
     <span class='ocr_line' id='line_1_13' title="bbox 650 1389 1587 1467; baseline 0 -19"><span class='ocrx_word' id='word_1_55' title='bbox 650 1391 935 1449; x_wconf 87' lang='lat' dir='ltr'><strong>saicorum</strong></span> <span class='ocrx_word' id='word_1_56' title='bbox 961 1389 1353 1467; x_wconf 76' lang='lat' dir='ltr'><strong>recapitulatio</strong></span> <span class='ocrx_word' id='word_1_57' title='bbox 1383 1393 1501 1450; x_wconf 87' lang='grc'><strong>265</strong></span> <span class='ocrx_word' id='word_1_58' title='bbox 1530 1389 1587 1448; x_wconf 91' lang='lat' dir='ltr'><strong>b.</strong></span> 
     </span>
    </p>

    <p class='ocr_par' dir='ltr' id='par_1_9' title="bbox 565 1487 1718 1743">
     <span class='ocr_line' id='line_1_14' title="bbox 565 1487 1718 1548; baseline -0.003 0"><span class='ocrx_word' id='word_1_59' title='bbox 565 1489 846 1548; x_wconf 80' lang='lat' dir='ltr'><strong>Dextram</strong></span> <span class='ocrx_word' id='word_1_60' title='bbox 880 1489 986 1548; x_wconf 87' lang='lat' dir='ltr'><strong>Dei</strong></span> <span class='ocrx_word' id='word_1_61' title='bbox 1012 1489 1197 1546; x_wconf 89' lang='lat' dir='ltr'><strong>Patris</strong></span> <span class='ocrx_word' id='word_1_62' title='bbox 1232 1507 1334 1546; x_wconf 90' lang='lat' dir='ltr'><strong>cur</strong></span> <span class='ocrx_word' id='word_1_63' title='bbox 1369 1487 1546 1545; x_wconf 86' lang='lat' dir='ltr'><strong>Filius</strong></span> <span class='ocrx_word' id='word_1_64' title='bbox 1582 1505 1718 1545; x_wconf 90' lang='lat' dir='ltr'><strong>con-</strong></span> 
     </span>
     <span class='ocr_line' id='line_1_15' title="bbox 648 1584 1718 1652; baseline -0.002 -8"><span class='ocrx_word' id='word_1_65' title='bbox 648 1587 813 1652; x_wconf 85' lang='lat' dir='ltr'><strong>sedit,</strong></span> <span class='ocrx_word' id='word_1_66' title='bbox 840 1605 958 1644; x_wconf 90' lang='lat' dir='ltr'><strong>non</strong></span> <span class='ocrx_word' id='word_1_67' title='bbox 985 1586 1060 1644; x_wconf 86' lang='lat' dir='ltr'><strong>ad</strong></span> <span class='ocrx_word' id='word_1_68' title='bbox 1087 1585 1216 1644; x_wconf 86' lang='lat' dir='ltr'><strong>Filii</strong></span> <span class='ocrx_word' id='word_1_69' title='bbox 1243 1585 1521 1643; x_wconf 80' lang='lat' dir='ltr'><strong>Dextram</strong></span> <span class='ocrx_word' id='word_1_70' title='bbox 1548 1584 1718 1643; x_wconf 87' lang='lat' dir='ltr'><strong>Pater</strong></span> 
     </span>
     <span class='ocr_line' id='line_1_16' title="bbox 649 1684 904 1743; baseline 0 0"><span class='ocrx_word' id='word_1_71' title='bbox 649 1688 768 1743; x_wconf 85' lang='lat'><strong>844</strong></span> <span class='ocrx_word' id='word_1_72' title='bbox 798 1684 836 1741; x_wconf 91' lang='lat' dir='ltr'>b</span> <span class='ocrx_word' id='word_1_73' title='bbox 852 1702 904 1743; x_wconf 87' lang='lat' dir='ltr'><strong>c.</strong></span> 
     </span>
    </p>

    <p class='ocr_par' dir='ltr' id='par_1_10' title="bbox 569 1779 1720 2132">
     <span class='ocr_line' id='line_1_17' title="bbox 569 1779 1719 1840; baseline -0.001 -1"><span class='ocrx_word' id='word_1_74' title='bbox 569 1780 848 1839; x_wconf 84' lang='lat' dir='ltr'><strong>Diabolus</strong></span> <span class='ocrx_word' id='word_1_75' title='bbox 872 1780 930 1837; x_wconf 90' lang='lat' dir='ltr'><strong>in</strong></span> <span class='ocrx_word' id='word_1_76' title='bbox 964 1786 1086 1838; x_wconf 89' lang='lat' dir='ltr'><strong>rete</strong></span> <span class='ocrx_word' id='word_1_77' title='bbox 1114 1798 1219 1838; x_wconf 89' lang='lat' dir='ltr'><strong>suo</strong></span> <span class='ocrx_word' id='word_1_78' title='bbox 1250 1779 1501 1837; x_wconf 87' lang='lat' dir='ltr'><strong>irretitus</strong></span> <span class='ocrx_word' id='word_1_79' title='bbox 1530 1782 1649 1840; x_wconf 88' lang='grc'><strong>338</strong></span> <span class='ocrx_word' id='word_1_80' title='bbox 1679 1779 1719 1838; x_wconf 90' lang='lat' dir='ltr'><strong>d</strong></span> 
     </span>
     <span class='ocr_line' id='line_1_18' title="bbox 649 1876 1720 1955; baseline 0 -19"><span class='ocrx_word' id='word_1_81' title='bbox 649 1878 867 1955; x_wconf 89' lang='lat' dir='ltr'><strong>peccati</strong></span> <span class='ocrx_word' id='word_1_82' title='bbox 936 1885 1135 1935; x_wconf 88' lang='lat' dir='ltr'><strong>auctor</strong></span> <span class='ocrx_word' id='word_1_83' title='bbox 1203 1880 1321 1936; x_wconf 91' lang='grc'><strong>854</strong></span> <span class='ocrx_word' id='word_1_84' title='bbox 1379 1876 1420 1935; x_wconf 92' lang='lat' dir='ltr'><strong>d</strong></span> <span class='ocrx_word' id='word_1_85' title='bbox 1519 1886 1720 1936; x_wconf 88' lang='lat' dir='ltr'><strong>contra</strong></span> 
     </span>
     <span class='ocr_line' id='line_1_19' title="bbox 645 1974 1715 2052; baseline -0.002 -16"><span class='ocrx_word' id='word_1_86' title='bbox 645 1974 940 2036; x_wconf 77' lang='lat' dir='ltr'><strong>Christum</strong></span> <span class='ocrx_word' id='word_1_87' title='bbox 971 1974 1343 2052; x_wconf 73' lang='lat' dir='ltr'><strong>malignitatis</strong></span> <span class='ocrx_word' id='word_1_88' title='bbox 1369 1983 1568 2033; x_wconf 83' lang='lat' dir='ltr'><strong>auctor</strong></span> <span class='ocrx_word' id='word_1_89' title='bbox 1596 1976 1715 2034; x_wconf 89' lang='grc'><strong>855</strong></span> 
     </span>
     <span class='ocr_line' id='line_1_20' title="bbox 648 2074 756 2132; baseline 0 0"><span class='ocrx_word' id='word_1_90' title='bbox 648 2074 756 2132; x_wconf 88' lang='lat' dir='ltr'><strong>ab.</strong></span> 
     </span>
    </p>

    <p class='ocr_par' dir='ltr' id='par_1_11' title="bbox 565 2168 1717 2330">
     <span class='ocr_line' id='line_1_21' title="bbox 565 2168 1717 2250; baseline -0.003 -20"><span class='ocrx_word' id='word_1_91' title='bbox 565 2172 935 2231; x_wconf 87' lang='lat' dir='ltr'><strong>Diabolorum</strong></span> <span class='ocrx_word' id='word_1_92' title='bbox 971 2179 1226 2250; x_wconf 87' lang='lat' dir='ltr'><strong>potestas</strong></span> <span class='ocrx_word' id='word_1_93' title='bbox 1263 2171 1323 2230; x_wconf 88' lang='lat' dir='ltr'><strong>in</strong></span> <span class='ocrx_word' id='word_1_94' title='bbox 1350 2169 1565 2231; x_wconf 81' lang='lat' dir='ltr'><strong>Christi</strong></span> <span class='ocrx_word' id='word_1_95' title='bbox 1600 2168 1717 2228; x_wconf 89' lang='lat' dir='ltr'><strong>die-</strong></span> 
     </span>
     <span class='ocr_line' id='line_1_22' title="bbox 645 2269 1282 2330; baseline -0.003 -1"><span class='ocrx_word' id='word_1_96' title='bbox 645 2270 755 2329; x_wconf 87' lang='lat' dir='ltr'><strong>bus</strong></span> <span class='ocrx_word' id='word_1_97' title='bbox 782 2269 1056 2328; x_wconf 89' lang='lat' dir='ltr'><strong>dissoluta</strong></span> <span class='ocrx_word' id='word_1_98' title='bbox 1086 2272 1204 2330; x_wconf 90' lang='grc'><strong>386</strong></span> <span class='ocrx_word' id='word_1_99' title='bbox 1233 2287 1282 2327; x_wconf 87' lang='lat' dir='ltr'><strong>e.</strong></span> 
     </span>
    </p>

    <p class='ocr_par' dir='ltr' id='par_1_12' title="bbox 566 2365 1718 2730">
     <span class='ocr_line' id='line_1_23' title="bbox 566 2365 1718 2444; baseline -0.002 -18"><span class='ocrx_word' id='word_1_100' title='bbox 566 2368 898 2426; x_wconf 88' lang='lat' dir='ltr'><strong>Didrachmi</strong></span> <span class='ocrx_word' id='word_1_101' title='bbox 928 2367 1222 2426; x_wconf 88' lang='lat' dir='ltr'><strong>dimidium</strong></span> <span class='ocrx_word' id='word_1_102' title='bbox 1250 2385 1353 2424; x_wconf 90' lang='lat' dir='ltr'><strong>cur</strong></span> <span class='ocrx_word' id='word_1_103' title='bbox 1392 2365 1718 2444; x_wconf 85' lang='lat' dir='ltr'><strong>persolven-</strong></span> 
     </span>
     <span class='ocr_line' id='line_1_24' title="bbox 647 2462 1714 2540; baseline 0.002 -19"><span class='ocrx_word' id='word_1_104' title='bbox 647 2465 783 2521; x_wconf 89' lang='lat' dir='ltr'><strong>dum</strong></span> <span class='ocrx_word' id='word_1_105' title='bbox 810 2468 924 2523; x_wconf 89' lang='grc'><strong>189</strong></span> <span class='ocrx_word' id='word_1_106' title='bbox 947 2483 982 2522; x_wconf 94' lang='lat' dir='ltr'><strong>a</strong></span> <span class='ocrx_word' id='word_1_107' title='bbox 1020 2462 1368 2521; x_wconf 87' lang='lat' dir='ltr'><strong>adorationis</strong></span> <span class='ocrx_word' id='word_1_108' title='bbox 1395 2471 1566 2540; x_wconf 85' lang='lat' dir='ltr'><strong>typus</strong></span> <span class='ocrx_word' id='word_1_109' title='bbox 1600 2467 1714 2523; x_wconf 82' lang='lat'><strong>189</strong></span> 
     </span>
     <span class='ocr_line' id='line_1_25' title="bbox 646 2559 1716 2624; baseline 0.002 -5"><span class='ocrx_word' id='word_1_110' title='bbox 646 2561 739 2620; x_wconf 89' lang='lat' dir='ltr'><strong>be</strong></span> <span class='ocrx_word' id='word_1_111' title='bbox 808 2559 1024 2621; x_wconf 83' lang='lat' dir='ltr'><strong>Christi</strong></span> <span class='ocrx_word' id='word_1_112' title='bbox 1062 2560 1420 2621; x_wconf 86' lang='lat' dir='ltr'><strong>adumbratio</strong></span> <span class='ocrx_word' id='word_1_113' title='bbox 1463 2566 1579 2624; x_wconf 89' lang='grc'><strong>307</strong></span> <span class='ocrx_word' id='word_1_114' title='bbox 1622 2562 1716 2621; x_wconf 89' lang='lat' dir='ltr'><strong>ab</strong></span> 
     </span>
     <span class='ocr_line' id='line_1_26' title="bbox 650 2659 1407 2730; baseline 0.004 -13"><span class='ocrx_word' id='word_1_115' title='bbox 650 2662 766 2717; x_wconf 88' lang='grc'><strong>648</strong></span> <span class='ocrx_word' id='word_1_116' title='bbox 797 2677 846 2730; x_wconf 90' lang='lat' dir='ltr'><strong>c,</strong></span> <span class='ocrx_word' id='word_1_117' title='bbox 878 2662 992 2719; x_wconf 92' lang='grc'><strong>791</strong></span> <span class='ocrx_word' id='word_1_118' title='bbox 1026 2678 1132 2726; x_wconf 88' lang='lat' dir='ltr'><strong>ac,</strong></span> <span class='ocrx_word' id='word_1_119' title='bbox 1160 2659 1239 2720; x_wconf 88' lang='lat' dir='ltr'><strong>iii.</strong></span> <span class='ocrx_word' id='word_1_120' title='bbox 1268 2662 1407 2720; x_wconf 83' lang='lat'>458.</span> 
     </span>
    </p>

    <p class='ocr_par' dir='ltr' id='par_1_13' title="bbox 563 2755 1717 3421">
     <span class='ocr_line' id='line_1_27' title="bbox 563 2755 1717 2835; baseline 0.001 -20"><span class='ocrx_word' id='word_1_121' title='bbox 563 2757 702 2816; x_wconf 82' lang='lat' dir='ltr'><strong>Dies</strong></span> <span class='ocrx_word' id='word_1_122' title='bbox 770 2755 986 2817; x_wconf 81' lang='lat' dir='ltr'><strong>Christi</strong></span> <span class='ocrx_word' id='word_1_123' title='bbox 1040 2757 1167 2835; x_wconf 88' lang='lat' dir='ltr'><strong>quis</strong></span> <span class='ocrx_word' id='word_1_124' title='bbox 1224 2760 1342 2818; x_wconf 92' lang='grc'><strong>583</strong></span> <span class='ocrx_word' id='word_1_125' title='bbox 1386 2758 1424 2816; x_wconf 90' lang='lat' dir='ltr'>b</span> <span class='ocrx_word' id='word_1_126' title='bbox 1452 2778 1485 2817; x_wconf 87' lang='lat' dir='ltr'><strong>e</strong></span> <span class='ocrx_word' id='word_1_127' title='bbox 1572 2758 1717 2817; x_wconf 83' lang='lat' dir='ltr'><strong>vidit</strong></span> 
     </span>
     <span class='ocr_line' id='line_1_28' title="bbox 645 2855 1712 2932; baseline 0 -19"><span class='ocrx_word' id='word_1_128' title='bbox 645 2855 938 2914; x_wconf 84' lang='lat' dir='ltr'><strong>Abraham</strong></span> <span class='ocrx_word' id='word_1_129' title='bbox 965 2856 1192 2932; x_wconf 88' lang='lat' dir='ltr'><strong>quaudo</strong></span> <span class='ocrx_word' id='word_1_130' title='bbox 1222 2858 1339 2915; x_wconf 89' lang='grc'><strong>584</strong></span> <span class='ocrx_word' id='word_1_131' title='bbox 1395 2855 1564 2913; x_wconf 89' lang='lat' dir='ltr'><strong>Diem</strong></span> <span class='ocrx_word' id='word_1_132' title='bbox 1592 2856 1712 2913; x_wconf 91' lang='lat' dir='ltr'><strong>Do·</strong></span> 
     </span>
     <span class='ocr_line' id='line_1_29' title="bbox 646 2952 1715 3012; baseline 0 0"><span class='ocrx_word' id='word_1_133' title='bbox 646 2954 912 3012; x_wconf 88' lang='lat' dir='ltr'><strong>minicam</strong></span> <span class='ocrx_word' id='word_1_134' title='bbox 957 2953 1123 3012; x_wconf 91' lang='lat' dir='ltr'><strong>nobis</strong></span> <span class='ocrx_word' id='word_1_135' title='bbox 1169 2953 1382 3012; x_wconf 86' lang='lat' dir='ltr'><strong>indicat</strong></span> <span class='ocrx_word' id='word_1_136' title='bbox 1429 2952 1715 3012; x_wconf 75' lang='lat' dir='ltr'><strong>Dominus</strong></span> 
     </span>
     <span class='ocr_line' id='line_1_30' title="bbox 652 3050 1714 3111; baseline -0.002 0"><span class='ocrx_word' id='word_1_137' title='bbox 652 3055 807 3111; x_wconf 89' lang='grc'><strong>1104</strong></span> <span class='ocrx_word' id='word_1_138' title='bbox 835 3052 927 3109; x_wconf 88' lang='lat' dir='ltr'><strong>bo</strong></span> <span class='ocrx_word' id='word_1_139' title='bbox 993 3059 1053 3110; x_wconf 87' lang='lat' dir='ltr'><strong>et</strong></span> <span class='ocrx_word' id='word_1_140' title='bbox 1098 3069 1251 3109; x_wconf 89' lang='lat' dir='ltr'><strong>nunc</strong></span> <span class='ocrx_word' id='word_1_141' title='bbox 1304 3050 1414 3109; x_wconf 87' lang='lat' dir='ltr'><strong>hac</strong></span> <span class='ocrx_word' id='word_1_142' title='bbox 1467 3050 1559 3109; x_wconf 91' lang='lat' dir='ltr'><strong>die</strong></span> <span class='ocrx_word' id='word_1_143' title='bbox 1605 3069 1714 3110; x_wconf 86' lang='lat' dir='ltr'><strong>nos</strong></span> 
     </span>
     <span class='ocr_line' id='line_1_31' title="bbox 643 3146 1712 3225; baseline -0.001 -18"><span class='ocrx_word' id='word_1_144' title='bbox 643 3149 838 3207; x_wconf 79' lang='lat' dir='ltr'><strong>visitat</strong></span> <span class='ocrx_word' id='word_1_145' title='bbox 868 3148 1240 3225; x_wconf 75' lang='lat' dir='ltr'><strong>conceditque</strong></span> <span class='ocrx_word' id='word_1_146' title='bbox 1267 3147 1437 3206; x_wconf 86' lang='lat' dir='ltr'><strong>Carni</strong></span> <span class='ocrx_word' id='word_1_147' title='bbox 1466 3146 1712 3206; x_wconf 85' lang='lat' dir='ltr'><strong>Sanctae</strong></span> 
     </span>
     <span class='ocr_line' id='line_1_32' title="bbox 647 3245 1713 3323; baseline -0.003 -18"><span class='ocrx_word' id='word_1_148' title='bbox 647 3246 799 3305; x_wconf 87' lang='lat' dir='ltr'><strong>Suae</strong></span> <span class='ocrx_word' id='word_1_149' title='bbox 859 3254 1098 3323; x_wconf 80' lang='lat' dir='ltr'><strong>tangere</strong></span> <span class='ocrx_word' id='word_1_150' title='bbox 1157 3250 1312 3306; x_wconf 89' lang='grc'><strong>1104</strong></span> <span class='ocrx_word' id='word_1_151' title='bbox 1368 3246 1407 3303; x_wconf 85' lang='lat' dir='ltr'><strong>d</strong></span> <span class='ocrx_word' id='word_1_152' title='bbox 1433 3264 1466 3303; x_wconf 88' lang='lat' dir='ltr'><strong>e</strong></span> <span class='ocrx_word' id='word_1_153' title='bbox 1572 3245 1713 3303; x_wconf 88' lang='lat' dir='ltr'><strong>Dies</strong></span> 
     </span>
     <span class='ocr_line' id='line_1_33' title="bbox 646 3343 1708 3421; baseline 0.001 -19"><span class='ocrx_word' id='word_1_154' title='bbox 646 3343 863 3404; x_wconf 79' lang='lat' dir='ltr'><strong>Christi</strong></span> <span class='ocrx_word' id='word_1_155' title='bbox 878 3363 1086 3421; x_wconf 84' lang='lat' dir='ltr'><strong>magna</strong></span> <span class='ocrx_word' id='word_1_156' title='bbox 1106 3344 1465 3402; x_wconf 75' lang='lat' dir='ltr'><strong>Resurrectio</strong></span> <span class='ocrx_word' id='word_1_157' title='bbox 1482 3343 1559 3402; x_wconf 87' lang='lat' dir='ltr'><strong>iii.</strong></span> <span class='ocrx_word' id='word_1_158' title='bbox 1571 3348 1708 3403; x_wconf 90' lang='grc'><strong>441.</strong></span> 
     </span>
    </p>

    <p class='ocr_par' dir='ltr' id='par_1_14' title="bbox 563 3440 1709 3616">
     <span class='ocr_line' id='line_1_34' title="bbox 563 3440 1709 3517; baseline 0 -16"><span class='ocrx_word' id='word_1_159' title='bbox 563 3441 704 3501; x_wconf 89' lang='lat' dir='ltr'><strong>Dies</strong></span> <span class='ocrx_word' id='word_1_160' title='bbox 734 3442 884 3500; x_wconf 84' lang='lat' dir='ltr'><strong>vitae</strong></span> <span class='ocrx_word' id='word_1_161' title='bbox 923 3450 1166 3517; x_wconf 86' lang='lat' dir='ltr'><strong>tempus,</strong></span> <span class='ocrx_word' id='word_1_162' title='bbox 1198 3440 1397 3499; x_wconf 87' lang='lat' dir='ltr'><strong>mortis</strong></span> <span class='ocrx_word' id='word_1_163' title='bbox 1438 3459 1552 3498; x_wconf 83' lang='lat' dir='ltr'><strong>nox</strong></span> <span class='ocrx_word' id='word_1_164' title='bbox 1588 3446 1709 3500; x_wconf 89' lang='grc'><strong>600</strong></span> 
     </span>
     <span class='ocr_line' id='line_1_35' title="bbox 646 3537 1664 3616; baseline 0 -19"><span class='ocrx_word' id='word_1_165' title='bbox 646 3540 733 3597; x_wconf 87' lang='lat' dir='ltr'><strong>ab</strong></span> <span class='ocrx_word' id='word_1_166' title='bbox 788 3539 953 3597; x_wconf 89' lang='lat' dir='ltr'><strong>aliter</strong></span> <span class='ocrx_word' id='word_1_167' title='bbox 978 3539 1325 3616; x_wconf 80' lang='lat' dir='ltr'><strong>explicatum</strong></span> <span class='ocrx_word' id='word_1_168' title='bbox 1352 3539 1470 3598; x_wconf 93' lang='grc'><strong>678</strong></span> <span class='ocrx_word' id='word_1_169' title='bbox 1501 3537 1539 3595; x_wconf 90' lang='lat' dir='ltr'>b</span> <span class='ocrx_word' id='word_1_170' title='bbox 1555 3557 1588 3596; x_wconf 90' lang='lat' dir='ltr'><strong>c</strong></span> <span class='ocrx_word' id='word_1_171' title='bbox 1606 3539 1664 3597; x_wconf 90' lang='lat' dir='ltr'><strong>d.</strong></span> 
     </span>
    </p>

    <p class='ocr_par' dir='ltr' id='par_1_15' title="bbox 564 3633 1368 3710">
     <span class='ocr_line' id='line_1_36' title="bbox 564 3633 1368 3710; baseline 0.001 -17"><span class='ocrx_word' id='word_1_172' title='bbox 564 3647 601 3670; x_wconf 78' lang='lat'><strong>‘⁸</strong></span> <span class='ocrx_word' id='word_1_173' title='bbox 627 3637 763 3694; x_wconf 88' lang='lat' dir='ltr'><strong>Dies</strong></span> <span class='ocrx_word' id='word_1_174' title='bbox 791 3636 925 3694; x_wconf 82' lang='lat' dir='ltr'><strong>mali</strong></span> <span class='ocrx_word' id='word_1_175' title='bbox 945 3633 976 3660; x_wconf 84' lang='lat'><strong><em>”</em></strong></span> <span class='ocrx_word' id='word_1_176' title='bbox 1005 3635 1142 3710; x_wconf 83' lang='lat' dir='ltr'><strong>quid</strong></span> <span class='ocrx_word' id='word_1_177' title='bbox 1170 3638 1290 3696; x_wconf 87' lang='grc'><strong>869</strong></span> <span class='ocrx_word' id='word_1_178' title='bbox 1320 3654 1368 3694; x_wconf 86' lang='lat' dir='ltr'><strong>c.</strong></span> 
     </span>
    </p>

    <p class='ocr_par' dir='ltr' id='par_1_16' title="bbox 562 3732 1711 4006">
     <span class='ocr_line' id='line_1_37' title="bbox 562 3732 1711 3792; baseline 0.001 -1"><span class='ocrx_word' id='word_1_179' title='bbox 562 3733 890 3792; x_wconf 86' lang='lat' dir='ltr'><strong>Difficiliora</strong></span> <span class='ocrx_word' id='word_1_180' title='bbox 914 3732 1024 3789; x_wconf 90' lang='lat' dir='ltr'><strong>nisi</strong></span> <span class='ocrx_word' id='word_1_181' title='bbox 1048 3732 1288 3792; x_wconf 83' lang='lat' dir='ltr'><strong>fuissent</strong></span> <span class='ocrx_word' id='word_1_182' title='bbox 1313 3734 1461 3791; x_wconf 89' lang='lat' dir='ltr'><strong>inter</strong></span> <span class='ocrx_word' id='word_1_183' title='bbox 1479 3732 1711 3792; x_wconf 85' lang='lat' dir='ltr'><strong>oracula</strong></span> 
     </span>
     <span class='ocr_line' id='line_1_38' title="bbox 644 3830 1709 3907; baseline -0.001 -18"><span class='ocrx_word' id='word_1_184' title='bbox 644 3830 869 3898; x_wconf 82' lang='lat' dir='ltr'><strong>Divina,</strong></span> <span class='ocrx_word' id='word_1_185' title='bbox 897 3849 1016 3889; x_wconf 91' lang='lat' dir='ltr'><strong>non</strong></span> <span class='ocrx_word' id='word_1_186' title='bbox 1049 3849 1193 3907; x_wconf 89' lang='lat' dir='ltr'><strong>opus</strong></span> <span class='ocrx_word' id='word_1_187' title='bbox 1226 3837 1378 3889; x_wconf 87' lang='lat' dir='ltr'><strong>esset</strong></span> <span class='ocrx_word' id='word_1_188' title='bbox 1403 3830 1526 3890; x_wconf 81' lang='lat' dir='ltr'><strong>viro</strong></span> <span class='ocrx_word' id='word_1_189' title='bbox 1560 3831 1709 3907; x_wconf 86' lang='lat' dir='ltr'><strong>sapi·</strong></span> 
     </span>
     <span class='ocr_line' id='line_1_39' title="bbox 643 3927 1508 4006; baseline -0.003 -18"><span class='ocrx_word' id='word_1_190' title='bbox 643 3930 760 3988; x_wconf 87' lang='lat' dir='ltr'><strong>enti</strong></span> <span class='ocrx_word' id='word_1_191' title='bbox 787 3937 848 3989; x_wconf 89' lang='lat' dir='ltr'><strong>et</strong></span> <span class='ocrx_word' id='word_1_192' title='bbox 873 3928 1228 4006; x_wconf 80' lang='lat' dir='ltr'><strong>intelligente</strong></span> <span class='ocrx_word' id='word_1_193' title='bbox 1256 3932 1374 3988; x_wconf 89' lang='grc'><strong>532</strong></span> <span class='ocrx_word' id='word_1_194' title='bbox 1403 3927 1442 3986; x_wconf 93' lang='lat' dir='ltr'><strong>d</strong></span> <span class='ocrx_word' id='word_1_195' title='bbox 1458 3945 1508 3985; x_wconf 89' lang='lat' dir='ltr'><strong>e.</strong></span> 
     </span>
    </p>

    <p class='ocr_par' dir='ltr' id='par_1_17' title="bbox 560 4024 1709 4378">
     <span class='ocr_line' id='line_1_40' title="bbox 560 4024 1709 4091; baseline -0.002 -6"><span class='ocrx_word' id='word_1_196' title='bbox 560 4028 887 4086; x_wconf 86' lang='lat' dir='ltr'><strong>Difficiliora</strong></span> <span class='ocrx_word' id='word_1_197' title='bbox 953 4046 1072 4085; x_wconf 91' lang='lat' dir='ltr'><strong>non</strong></span> <span class='ocrx_word' id='word_1_198' title='bbox 1139 4024 1527 4091; x_wconf 85' lang='lat' dir='ltr'><strong>scrutandum,</strong></span> <span class='ocrx_word' id='word_1_199' title='bbox 1597 4025 1709 4084; x_wconf 89' lang='lat' dir='ltr'><strong>Dei</strong></span> 
     </span>
     <span class='ocr_line' id='line_1_41' title="bbox 634 4122 1705 4201; baseline -0.002 -18"><span class='ocrx_word' id='word_1_200' title='bbox 634 4124 892 4201; x_wconf 87' lang='lat' dir='ltr'><strong>justitiae</strong></span> <span class='ocrx_word' id='word_1_201' title='bbox 957 4142 1026 4182; x_wconf 89' lang='lat' dir='ltr'><strong>ac</strong></span> <span class='ocrx_word' id='word_1_202' title='bbox 1095 4122 1514 4182; x_wconf 75' lang='lat' dir='ltr'><strong>misericordiae</strong></span> <span class='ocrx_word' id='word_1_203' title='bbox 1580 4141 1705 4181; x_wconf 88' lang='lat' dir='ltr'><strong>cre·</strong></span> 
     </span>
     <span class='ocr_line' id='line_1_42' title="bbox 641 4219 1704 4289; baseline -0.003 -9"><span class='ocrx_word' id='word_1_204' title='bbox 641 4221 892 4281; x_wconf 88' lang='lat' dir='ltr'><strong>dendum</strong></span> <span class='ocrx_word' id='word_1_205' title='bbox 934 4223 1054 4280; x_wconf 91' lang='grc'><strong>598</strong></span> <span class='ocrx_word' id='word_1_206' title='bbox 1092 4221 1240 4280; x_wconf 87' lang='lat' dir='ltr'><strong>abd</strong></span> <span class='ocrx_word' id='word_1_207' title='bbox 1299 4220 1423 4279; x_wconf 78' lang='lat' dir='ltr'><strong>vide</strong></span> <span class='ocrx_word' id='word_1_208' title='bbox 1461 4219 1704 4289; x_wconf 83' lang='lat' dir='ltr'><strong>Altiora,</strong></span> 
     </span>
     <span class='ocr_line' id='line_1_43' title="bbox 638 4318 1003 4378; baseline 0 -2"><span class='ocrx_word' id='word_1_209' title='bbox 638 4318 1003 4378; x_wconf 80' lang='lat' dir='ltr'><strong>Abscondita.</strong></span> 
     </span>
    </p>

    <p class='ocr_par' dir='ltr' id='par_1_18' title="bbox 557 4416 1707 4571">
     <span class='ocr_line' id='line_1_44' title="bbox 557 4416 1707 4493; baseline 0.001 -19"><span class='ocrx_word' id='word_1_210' title='bbox 557 4425 596 4448; x_wconf 83' lang='grc'><strong>“</strong></span> <span class='ocrx_word' id='word_1_211' title='bbox 619 4416 940 4493; x_wconf 78' lang='lat' dir='ltr'><strong>Diligenter</strong></span> <span class='ocrx_word' id='word_1_212' title='bbox 964 4434 1213 4493; x_wconf 84' lang='lat' dir='ltr'><strong>agnosce</strong></span> <span class='ocrx_word' id='word_1_213' title='bbox 1238 4416 1457 4475; x_wconf 81' lang='lat' dir='ltr'><strong>vultum</strong></span> <span class='ocrx_word' id='word_1_214' title='bbox 1484 4416 1707 4492; x_wconf 88' lang='lat' dir='ltr'><strong>pecoris</strong></span> 
     </span>
     <span class='ocr_line' id='line_1_45' title="bbox 638 4512 1006 4571; baseline 0.003 -1"><span class='ocrx_word' id='word_1_215' title='bbox 638 4514 725 4570; x_wconf 83' lang='lat' dir='ltr'><strong>tui</strong></span> <span class='ocrx_word' id='word_1_216' title='bbox 742 4512 777 4536; x_wconf 84' lang='lat'><strong>&#39;&#39;</strong></span> <span class='ocrx_word' id='word_1_217' title='bbox 812 4515 927 4571; x_wconf 89' lang='grc'><strong>149</strong></span> <span class='ocrx_word' id='word_1_218' title='bbox 954 4531 1006 4571; x_wconf 84' lang='lat' dir='ltr'><strong>e.</strong></span> 
     </span>
    </p>
   </div>
   <div class='ocr_carea' id='block_1_6' title="bbox 1814 609 2983 2541">
    <p class='ocr_par' dir='ltr' id='par_1_19' title="bbox 1896 609 2983 867">
     <span class='ocr_line' id='line_1_46' title="bbox 1901 609 2983 688; baseline 0.001 -20"><span class='ocrx_word' id='word_1_219' title='bbox 1901 613 2019 669; x_wconf 89' lang='grc'><strong>755</strong></span> <span class='ocrx_word' id='word_1_220' title='bbox 2043 629 2078 669; x_wconf 87' lang='lat' dir='ltr'><strong>a</strong></span> <span class='ocrx_word' id='word_1_221' title='bbox 2125 610 2166 670; x_wconf 88' lang='lat' dir='ltr'><strong>J</strong></span> <span class='ocrx_word' id='word_1_222' title='bbox 2171 610 2479 669; x_wconf 89' lang='lat' dir='ltr'><strong>udaeorum</strong></span> <span class='ocrx_word' id='word_1_223' title='bbox 2500 609 2857 688; x_wconf 77' lang='lat' dir='ltr'><strong>Synagog-ae</strong></span> <span class='ocrx_word' id='word_1_224' title='bbox 2877 612 2983 669; x_wconf 83' lang='lat' dir='ltr'><strong>filii</strong></span> 
     </span>
     <span class='ocr_line' id='line_1_47' title="bbox 1900 708 2981 785; baseline 0.001 -19"><span class='ocrx_word' id='word_1_225' title='bbox 1900 710 2015 766; x_wconf 91' lang='grc'><strong>891</strong></span> <span class='ocrx_word' id='word_1_226' title='bbox 2048 709 2087 766; x_wconf 89' lang='lat' dir='ltr'>b</span> <span class='ocrx_word' id='word_1_227' title='bbox 2152 726 2253 766; x_wconf 84' lang='lat' dir='ltr'><strong>eos</strong></span> <span class='ocrx_word' id='word_1_228' title='bbox 2288 717 2464 785; x_wconf 87' lang='lat' dir='ltr'><strong>urget</strong></span> <span class='ocrx_word' id='word_1_229' title='bbox 2500 708 2577 767; x_wconf 88' lang='lat' dir='ltr'><strong>ad</strong></span> <span class='ocrx_word' id='word_1_230' title='bbox 2618 710 2981 785; x_wconf 88' lang='lat' dir='ltr'><strong>operandum</strong></span> 
     </span>
     <span class='ocr_line' id='line_1_48' title="bbox 1896 806 2387 867; baseline 0.006 -3"><span class='ocrx_word' id='word_1_231' title='bbox 1896 806 2160 865; x_wconf 83' lang='lat' dir='ltr'><strong>Christus</strong></span> <span class='ocrx_word' id='word_1_232' title='bbox 2189 810 2308 866; x_wconf 82' lang='lat'><strong>892</strong></span> <span class='ocrx_word' id='word_1_233' title='bbox 2338 826 2387 867; x_wconf 81' lang='lat' dir='ltr'><strong>c.</strong></span> 
     </span>
    </p>

    <p class='ocr_par' dir='ltr' id='par_1_20' title="bbox 1814 903 2981 1176">
     <span class='ocr_line' id='line_1_49' title="bbox 1814 903 2981 980; baseline 0.002 -19"><span class='ocrx_word' id='word_1_234' title='bbox 1814 903 2121 980; x_wconf 86' lang='lat' dir='ltr'><strong>Discipulis</strong></span> <span class='ocrx_word' id='word_1_235' title='bbox 2192 903 2284 974; x_wconf 90' lang='lat' dir='ltr'><strong>de,</strong></span> <span class='ocrx_word' id='word_1_236' title='bbox 2354 912 2614 980; x_wconf 87' lang='lat' dir='ltr'><strong>tempore</strong></span> <span class='ocrx_word' id='word_1_237' title='bbox 2684 904 2981 963; x_wconf 72' lang='lat' dir='ltr'><strong>Passionis</strong></span> 
     </span>
     <span class='ocr_line' id='line_1_50' title="bbox 1896 999 2979 1062; baseline 0.003 -3"><span class='ocrx_word' id='word_1_238' title='bbox 1896 999 2114 1059; x_wconf 81' lang='lat' dir='ltr'><strong>Christi</strong></span> <span class='ocrx_word' id='word_1_239' title='bbox 2152 1020 2291 1060; x_wconf 85' lang='lat' dir='ltr'><strong>cura</strong></span> <span class='ocrx_word' id='word_1_240' title='bbox 2320 1020 2490 1060; x_wconf 89' lang='lat' dir='ltr'><strong>curae</strong></span> <span class='ocrx_word' id='word_1_241' title='bbox 2530 1001 2603 1060; x_wconf 91' lang='lat' dir='ltr'><strong>de</strong></span> <span class='ocrx_word' id='word_1_242' title='bbox 2637 1002 2810 1060; x_wconf 81' lang='lat' dir='ltr'><strong>nobis</strong></span> <span class='ocrx_word' id='word_1_243' title='bbox 2848 1022 2979 1062; x_wconf 87' lang='lat' dir='ltr'><strong>om·</strong></span> 
     </span>
     <span class='ocr_line' id='line_1_51' title="bbox 1895 1098 2653 1176; baseline 0.001 -20"><span class='ocrx_word' id='word_1_244' title='bbox 1895 1098 2063 1156; x_wconf 85' lang='lat' dir='ltr'><strong>nibus</strong></span> <span class='ocrx_word' id='word_1_245' title='bbox 2090 1099 2322 1176; x_wconf 89' lang='lat' dir='ltr'><strong>signum</strong></span> <span class='ocrx_word' id='word_1_246' title='bbox 2356 1103 2511 1160; x_wconf 88' lang='grc'><strong>1015</strong></span> <span class='ocrx_word' id='word_1_247' title='bbox 2541 1119 2574 1158; x_wconf 90' lang='lat' dir='ltr'><strong>c</strong></span> <span class='ocrx_word' id='word_1_248' title='bbox 2594 1099 2653 1157; x_wconf 80' lang='lat' dir='ltr'><strong>d.</strong></span> 
     </span>
    </p>

    <p class='ocr_par' dir='ltr' id='par_1_21' title="bbox 1815 1195 2982 1469">
     <span class='ocr_line' id='line_1_52' title="bbox 1816 1195 2982 1265; baseline 0.003 -13"><span class='ocrx_word' id='word_1_249' title='bbox 1816 1195 2064 1255; x_wconf 81' lang='lat' dir='ltr'><strong>Divitiae</strong></span> <span class='ocrx_word' id='word_1_250' title='bbox 2094 1216 2280 1265; x_wconf 85' lang='lat' dir='ltr'><strong>verae,</strong></span> <span class='ocrx_word' id='word_1_251' title='bbox 2310 1197 2500 1256; x_wconf 87' lang='lat' dir='ltr'><strong>cordis</strong></span> <span class='ocrx_word' id='word_1_252' title='bbox 2532 1197 2764 1255; x_wconf 81' lang='lat' dir='ltr'><strong>claritas</strong></span> <span class='ocrx_word' id='word_1_253' title='bbox 2790 1196 2982 1255; x_wconf 85' lang='lat' dir='ltr'><strong>bono·</strong></span> 
     </span>
     <span class='ocr_line' id='line_1_53' title="bbox 1896 1295 2934 1372; baseline 0.001 -20"><span class='ocrx_word' id='word_1_254' title='bbox 1896 1312 2138 1370; x_wconf 88' lang='lat' dir='ltr'><strong>rumque</strong></span> <span class='ocrx_word' id='word_1_255' title='bbox 2166 1314 2403 1371; x_wconf 88' lang='lat' dir='ltr'><strong>operum</strong></span> <span class='ocrx_word' id='word_1_256' title='bbox 2431 1295 2700 1372; x_wconf 84' lang='lat' dir='ltr'><strong>splendor</strong></span> <span class='ocrx_word' id='word_1_257' title='bbox 2728 1297 2851 1354; x_wconf 86' lang='grc'><strong>344</strong></span> <span class='ocrx_word' id='word_1_258' title='bbox 2880 1314 2934 1353; x_wconf 90' lang='lat' dir='ltr'><strong>c.</strong></span> 
     </span>
     <span class='ocr_line' id='line_1_54' title="bbox 1815 1389 2978 1469; baseline 0.002 -22"><span class='ocrx_word' id='word_1_259' title='bbox 1815 1389 2110 1450; x_wconf 81' lang='lat' dir='ltr'><strong>Diviniora</strong></span> <span class='ocrx_word' id='word_1_260' title='bbox 2162 1411 2334 1468; x_wconf 86' lang='lat' dir='ltr'><strong>quam</strong></span> <span class='ocrx_word' id='word_1_261' title='bbox 2388 1411 2534 1469; x_wconf 89' lang='lat' dir='ltr'><strong>quae</strong></span> <span class='ocrx_word' id='word_1_262' title='bbox 2580 1391 2654 1450; x_wconf 84' lang='lat' dir='ltr'><strong>ad</strong></span> <span class='ocrx_word' id='word_1_263' title='bbox 2708 1392 2978 1469; x_wconf 84' lang='lat' dir='ltr'><strong>linguam</strong></span> 
     </span>
    </p>

    <p class='ocr_par' dir='ltr' id='par_1_22' title="bbox 1896 1489 2685 1566">
     <span class='ocr_line' id='line_1_55' title="bbox 1896 1489 2685 1566; baseline 0.003 -21"><span class='ocrx_word' id='word_1_264' title='bbox 1896 1497 2153 1547; x_wconf 87' lang='lat' dir='ltr'><strong>nostram</strong></span> <span class='ocrx_word' id='word_1_265' title='bbox 2180 1489 2467 1566; x_wconf 87' lang='lat' dir='ltr'><strong>pertinent</strong></span> <span class='ocrx_word' id='word_1_266' title='bbox 2494 1493 2613 1550; x_wconf 88' lang='grc'><strong>349</strong></span> <span class='ocrx_word' id='word_1_267' title='bbox 2635 1509 2685 1547; x_wconf 89' lang='lat' dir='ltr'><strong>c.</strong></span> 
     </span>
    </p>

    <p class='ocr_par' dir='ltr' id='par_1_23' title="bbox 1816 1585 2978 1744">
     <span class='ocr_line' id='line_1_56' title="bbox 1816 1585 2978 1665; baseline 0.003 -21"><span class='ocrx_word' id='word_1_268' title='bbox 1816 1587 1855 1617; x_wconf 78' lang='lat'><strong>‘⁶</strong></span> <span class='ocrx_word' id='word_1_269' title='bbox 1872 1585 2085 1644; x_wconf 90' lang='lat' dir='ltr'><strong>Docuit</strong></span> <span class='ocrx_word' id='word_1_270' title='bbox 2100 1586 2136 1609; x_wconf 77' lang='lat'><strong>’⁹</strong></span> <span class='ocrx_word' id='word_1_271' title='bbox 2163 1587 2237 1645; x_wconf 90' lang='lat' dir='ltr'><strong>de</strong></span> <span class='ocrx_word' id='word_1_272' title='bbox 2263 1587 2541 1646; x_wconf 86' lang='lat' dir='ltr'><strong>essentiae</strong></span> <span class='ocrx_word' id='word_1_273' title='bbox 2566 1597 2779 1646; x_wconf 84' lang='lat' dir='ltr'><strong>natura</strong></span> <span class='ocrx_word' id='word_1_274' title='bbox 2803 1607 2978 1665; x_wconf 77' lang='lat' dir='ltr'><strong>saepe</strong></span> 
     </span>
     <span class='ocr_line' id='line_1_57' title="bbox 1899 1683 2333 1744; baseline 0.005 -2"><span class='ocrx_word' id='word_1_275' title='bbox 1899 1683 2104 1742; x_wconf 89' lang='lat' dir='ltr'><strong>dicitur</strong></span> <span class='ocrx_word' id='word_1_276' title='bbox 2130 1687 2250 1743; x_wconf 87' lang='grc'><strong>526</strong></span> <span class='ocrx_word' id='word_1_277' title='bbox 2274 1685 2333 1744; x_wconf 82' lang='lat' dir='ltr'><strong>b.</strong></span> 
     </span>
    </p>

    <p class='ocr_par' dir='ltr' id='par_1_24' title="bbox 1817 1781 2975 2037">
     <span class='ocr_line' id='line_1_58' title="bbox 1817 1781 2975 1857; baseline 0.002 -17"><span class='ocrx_word' id='word_1_278' title='bbox 1817 1781 2002 1840; x_wconf 90' lang='lat' dir='ltr'><strong>Dolor</strong></span> <span class='ocrx_word' id='word_1_279' title='bbox 2044 1792 2105 1841; x_wconf 91' lang='lat' dir='ltr'><strong>et</strong></span> <span class='ocrx_word' id='word_1_280' title='bbox 2149 1782 2392 1841; x_wconf 86' lang='lat' dir='ltr'><strong>tentatio</strong></span> <span class='ocrx_word' id='word_1_281' title='bbox 2417 1802 2534 1841; x_wconf 91' lang='lat' dir='ltr'><strong>non</strong></span> <span class='ocrx_word' id='word_1_282' title='bbox 2562 1783 2793 1857; x_wconf 79' lang='lat' dir='ltr'><strong>brevis3</strong></span> <span class='ocrx_word' id='word_1_283' title='bbox 2844 1783 2975 1842; x_wconf 85' lang='lat' dir='ltr'><strong>diu·</strong></span> 
     </span>
     <span class='ocr_line' id='line_1_59' title="bbox 1896 1881 2975 1957; baseline 0.002 -19"><span class='ocrx_word' id='word_1_284' title='bbox 1896 1887 2067 1939; x_wconf 89' lang='lat' dir='ltr'><strong>turna</strong></span> <span class='ocrx_word' id='word_1_285' title='bbox 2105 1888 2435 1939; x_wconf 78' lang='lat' dir='ltr'><strong>sanctorum</strong></span> <span class='ocrx_word' id='word_1_286' title='bbox 2477 1881 2629 1939; x_wconf 88' lang='lat' dir='ltr'><strong>bona</strong></span> <span class='ocrx_word' id='word_1_287' title='bbox 2669 1881 2975 1957; x_wconf 83' lang='lat' dir='ltr'><strong>gratiaque</strong></span> 
     </span>
     <span class='ocr_line' id='line_1_60' title="bbox 1902 1980 2134 2037; baseline 0 -1"><span class='ocrx_word' id='word_1_288' title='bbox 1902 1980 2056 2037; x_wconf 89' lang='grc'><strong>1068</strong></span> <span class='ocrx_word' id='word_1_289' title='bbox 2085 1996 2134 2036; x_wconf 91' lang='lat' dir='ltr'><strong>c.</strong></span> 
     </span>
    </p>

    <p class='ocr_par' dir='ltr' id='par_1_25' title="bbox 1814 2075 2975 2329">
     <span class='ocr_line' id='line_1_61' title="bbox 1814 2075 2973 2134; baseline 0.002 -2"><span class='ocrx_word' id='word_1_290' title='bbox 1814 2075 2096 2133; x_wconf 89' lang='lat' dir='ltr'><strong>Dominus</strong></span> <span class='ocrx_word' id='word_1_291' title='bbox 2150 2075 2416 2134; x_wconf 82' lang='lat' dir='ltr'><strong>dedecori</strong></span> <span class='ocrx_word' id='word_1_292' title='bbox 2467 2084 2669 2133; x_wconf 82' lang='lat' dir='ltr'><strong>nostro</strong></span> <span class='ocrx_word' id='word_1_293' title='bbox 2738 2076 2973 2134; x_wconf 82' lang='lat' dir='ltr'><strong>confor-</strong></span> 
     </span>
     <span class='ocr_line' id='line_1_62' title="bbox 1895 2174 2975 2250; baseline 0.002 -20"><span class='ocrx_word' id='word_1_294' title='bbox 1895 2180 2102 2240; x_wconf 87' lang='lat' dir='ltr'><strong>matus,</strong></span> <span class='ocrx_word' id='word_1_295' title='bbox 2127 2191 2237 2232; x_wconf 85' lang='lat' dir='ltr'><strong>nos</strong></span> <span class='ocrx_word' id='word_1_296' title='bbox 2272 2174 2346 2231; x_wconf 82' lang='lat' dir='ltr'><strong>ad</strong></span> <span class='ocrx_word' id='word_1_297' title='bbox 2379 2174 2659 2232; x_wconf 84' lang='lat' dir='ltr'><strong>honorem</strong></span> <span class='ocrx_word' id='word_1_298' title='bbox 2688 2174 2975 2250; x_wconf 83' lang='lat' dir='ltr'><strong>Regalem</strong></span> 
     </span>
     <span class='ocr_line' id='line_1_63' title="bbox 1896 2270 2289 2329; baseline 0.005 -2"><span class='ocrx_word' id='word_1_299' title='bbox 1896 2270 2062 2328; x_wconf 82' lang='lat' dir='ltr'><strong>affert</strong></span> <span class='ocrx_word' id='word_1_300' title='bbox 2094 2272 2208 2329; x_wconf 90' lang='grc'><strong>172</strong></span> <span class='ocrx_word' id='word_1_301' title='bbox 2237 2289 2289 2329; x_wconf 86' lang='lat' dir='ltr'><strong>c.</strong></span> 
     </span>
    </p>

    <p class='ocr_par' dir='ltr' id='par_1_26' title="bbox 1814 2366 2973 2541">
     <span class='ocr_line' id='line_1_64' title="bbox 1814 2366 2973 2444; baseline 0.002 -19"><span class='ocrx_word' id='word_1_302' title='bbox 1814 2366 2132 2425; x_wconf 87' lang='lat' dir='ltr'><strong>Duodecim</strong></span> <span class='ocrx_word' id='word_1_303' title='bbox 2212 2385 2485 2425; x_wconf 88' lang='lat' dir='ltr'><strong>numerus</strong></span> <span class='ocrx_word' id='word_1_304' title='bbox 2556 2368 2973 2444; x_wconf 84' lang='lat' dir='ltr'><strong>Apostolorum</strong></span> 
     </span>
     <span class='ocr_line' id='line_1_65' title="bbox 1895 2463 2812 2541; baseline 0.001 -18"><span class='ocrx_word' id='word_1_305' title='bbox 1895 2463 2374 2541; x_wconf 85' lang='lat' dir='ltr'><strong>praedicationem</strong></span> <span class='ocrx_word' id='word_1_306' title='bbox 2400 2463 2590 2524; x_wconf 86' lang='lat' dir='ltr'><strong>innuit</strong></span> <span class='ocrx_word' id='word_1_307' title='bbox 2610 2469 2732 2525; x_wconf 90' lang='grc'><strong>433</strong></span> <span class='ocrx_word' id='word_1_308' title='bbox 2760 2484 2812 2524; x_wconf 86' lang='lat' dir='ltr'><strong>c.</strong></span> 
     </span>
    </p>
   </div>
   <div class='ocr_carea' id='block_1_7' title="bbox 2363 2708 2415 2766">
    <p class='ocr_par' dir='ltr' id='par_1_27' title="bbox 2363 2708 2415 2766">
     <span class='ocr_line' id='line_1_66' title="bbox 2363 2708 2415 2766; baseline 0 0"><span class='ocrx_word' id='word_1_309' title='bbox 2363 2708 2415 2766; x_wconf 73' lang='lat' dir='ltr'><strong>E</strong></span> 
     </span>
    </p>
   </div>
   <div class='ocr_carea' id='block_1_8' title="bbox 1808 2853 2970 4575">
    <p class='ocr_par' dir='ltr' id='par_1_28' title="bbox 1817 2853 2970 4196">
     <span class='ocr_line' id='line_1_67' title="bbox 1817 2853 2970 2932; baseline 0.003 -19"><span class='ocrx_word' id='word_1_310' title='bbox 1817 2853 2118 2914; x_wconf 69' lang='grc' dir='ltr'><strong>ΕοοιιιιιΑ</strong></span> <span class='ocrx_word' id='word_1_311' title='bbox 2145 2856 2327 2924; x_wconf 76' lang='grc'><strong>1061),</strong></span> <span class='ocrx_word' id='word_1_312' title='bbox 2355 2860 2533 2925; x_wconf 69' lang='grc' dir='ltr'><strong>117α,</strong></span> <span class='ocrx_word' id='word_1_313' title='bbox 2559 2860 2747 2927; x_wconf 60' lang='grc'><strong>1268,</strong></span> <span class='ocrx_word' id='word_1_314' title='bbox 2776 2861 2891 2918; x_wconf 90' lang='grc'><strong>130</strong></span> <span class='ocrx_word' id='word_1_315' title='bbox 2912 2861 2970 2932; x_wconf 85' lang='lat' dir='ltr'><strong>b,</strong></span> 
     </span>
     <span class='ocr_line' id='line_1_68' title="bbox 1904 2954 2970 3024; baseline 0.003 -14"><span class='ocrx_word' id='word_1_316' title='bbox 1904 2956 2017 3011; x_wconf 86' lang='grc'><strong>137</strong></span> <span class='ocrx_word' id='word_1_317' title='bbox 2037 2954 2094 3020; x_wconf 78' lang='lat' dir='ltr'><strong>d.</strong></span> <span class='ocrx_word' id='word_1_318' title='bbox 2130 2958 2246 3014; x_wconf 92' lang='grc'><strong>140</strong></span> <span class='ocrx_word' id='word_1_319' title='bbox 2264 2973 2316 3020; x_wconf 80' lang='lat' dir='ltr'><strong>a,</strong></span> <span class='ocrx_word' id='word_1_320' title='bbox 2345 2957 2459 3013; x_wconf 84' lang='grc'><strong>156</strong></span> <span class='ocrx_word' id='word_1_321' title='bbox 2479 2955 2537 3021; x_wconf 85' lang='lat' dir='ltr'><strong>d,</strong></span> <span class='ocrx_word' id='word_1_322' title='bbox 2566 2958 2682 3014; x_wconf 90' lang='grc'><strong>168</strong></span> <span class='ocrx_word' id='word_1_323' title='bbox 2702 2974 2755 3020; x_wconf 70' lang='lat' dir='ltr'><strong>a.</strong></span> <span class='ocrx_word' id='word_1_324' title='bbox 2783 2958 2899 3014; x_wconf 90' lang='grc'><strong>199</strong></span> <span class='ocrx_word' id='word_1_325' title='bbox 2918 2976 2970 3024; x_wconf 80' lang='lat' dir='ltr'><strong>c,</strong></span> 
     </span>
     <span class='ocr_line' id='line_1_69' title="bbox 1898 3051 2969 3122; baseline 0.004 -13"><span class='ocrx_word' id='word_1_326' title='bbox 1898 3051 2017 3109; x_wconf 86' lang='grc'><strong>292</strong></span> <span class='ocrx_word' id='word_1_327' title='bbox 2037 3068 2089 3117; x_wconf 86' lang='lat' dir='ltr'><strong>e,</strong></span> <span class='ocrx_word' id='word_1_328' title='bbox 2121 3054 2237 3110; x_wconf 90' lang='grc'><strong>318</strong></span> <span class='ocrx_word' id='word_1_329' title='bbox 2258 3051 2312 3122; x_wconf 91' lang='lat' dir='ltr'><strong>b,</strong></span> <span class='ocrx_word' id='word_1_330' title='bbox 2344 3055 2460 3110; x_wconf 87' lang='grc'><strong>357</strong></span> <span class='ocrx_word' id='word_1_331' title='bbox 2477 3070 2529 3118; x_wconf 87' lang='lat' dir='ltr'><strong>c,</strong></span> <span class='ocrx_word' id='word_1_332' title='bbox 2554 3056 2673 3111; x_wconf 89' lang='grc'><strong>434</strong></span> <span class='ocrx_word' id='word_1_333' title='bbox 2692 3072 2743 3116; x_wconf 83' lang='lat' dir='ltr'><strong>c.</strong></span> <span class='ocrx_word' id='word_1_334' title='bbox 2773 3057 2893 3112; x_wconf 88' lang='grc'><strong>452</strong></span> <span class='ocrx_word' id='word_1_335' title='bbox 2915 3073 2969 3121; x_wconf 85' lang='lat' dir='ltr'><strong>c,</strong></span> 
     </span>
     <span class='ocr_line' id='line_1_70' title="bbox 1896 3149 2966 3219; baseline 0.003 -13"><span class='ocrx_word' id='word_1_336' title='bbox 1896 3150 2014 3207; x_wconf 90' lang='grc'><strong>465</strong></span> <span class='ocrx_word' id='word_1_337' title='bbox 2040 3168 2092 3218; x_wconf 86' lang='lat' dir='ltr'><strong>e,</strong></span> <span class='ocrx_word' id='word_1_338' title='bbox 2121 3152 2240 3207; x_wconf 90' lang='grc'><strong>469</strong></span> <span class='ocrx_word' id='word_1_339' title='bbox 2260 3149 2317 3214; x_wconf 89' lang='lat' dir='ltr'><strong>d.</strong></span> <span class='ocrx_word' id='word_1_340' title='bbox 2348 3154 2465 3210; x_wconf 90' lang='grc'><strong>533</strong></span> <span class='ocrx_word' id='word_1_341' title='bbox 2489 3168 2542 3219; x_wconf 86' lang='lat' dir='ltr'><strong>a,</strong></span> <span class='ocrx_word' id='word_1_342' title='bbox 2572 3154 2692 3210; x_wconf 91' lang='grc'><strong>540</strong></span> <span class='ocrx_word' id='word_1_343' title='bbox 2715 3169 2814 3218; x_wconf 86' lang='lat' dir='ltr'><strong>ce,</strong></span> <span class='ocrx_word' id='word_1_344' title='bbox 2846 3154 2966 3209; x_wconf 90' lang='grc'><strong>588</strong></span> 
     </span>
     <span class='ocr_line' id='line_1_71' title="bbox 1895 3244 2967 3316; baseline 0.003 -12"><span class='ocrx_word' id='word_1_345' title='bbox 1895 3244 1953 3314; x_wconf 83' lang='lat' dir='ltr'><strong>d,</strong></span> <span class='ocrx_word' id='word_1_346' title='bbox 2002 3248 2120 3305; x_wconf 90' lang='grc'><strong>675</strong></span> <span class='ocrx_word' id='word_1_347' title='bbox 2150 3265 2201 3314; x_wconf 89' lang='lat' dir='ltr'><strong>e,</strong></span> <span class='ocrx_word' id='word_1_348' title='bbox 2251 3249 2370 3306; x_wconf 91' lang='grc'><strong>693</strong></span> <span class='ocrx_word' id='word_1_349' title='bbox 2399 3266 2451 3314; x_wconf 81' lang='lat' dir='ltr'><strong>a.</strong></span> <span class='ocrx_word' id='word_1_350' title='bbox 2510 3251 2627 3306; x_wconf 90' lang='grc'><strong>784</strong></span> <span class='ocrx_word' id='word_1_351' title='bbox 2657 3267 2709 3315; x_wconf 86' lang='lat' dir='ltr'><strong>e,</strong></span> <span class='ocrx_word' id='word_1_352' title='bbox 2761 3252 2875 3307; x_wconf 90' lang='grc'><strong>851</strong></span> <span class='ocrx_word' id='word_1_353' title='bbox 2909 3268 2967 3316; x_wconf 83' lang='lat' dir='ltr'><strong>a,</strong></span> 
     </span>
     <span class='ocr_line' id='line_1_72' title="bbox 1897 3343 2963 3416; baseline 0.003 -15"><span class='ocrx_word' id='word_1_354' title='bbox 1897 3345 2015 3401; x_wconf 84' lang='lat'><strong>864</strong></span> <span class='ocrx_word' id='word_1_355' title='bbox 2045 3343 2102 3409; x_wconf 85' lang='lat' dir='ltr'><strong>d,</strong></span> <span class='ocrx_word' id='word_1_356' title='bbox 2160 3347 2279 3402; x_wconf 91' lang='grc'><strong>997</strong></span> <span class='ocrx_word' id='word_1_357' title='bbox 2307 3363 2357 3416; x_wconf 89' lang='lat' dir='ltr'><strong>c,</strong></span> <span class='ocrx_word' id='word_1_358' title='bbox 2418 3346 2573 3404; x_wconf 88' lang='grc'><strong>1093</strong></span> <span class='ocrx_word' id='word_1_359' title='bbox 2602 3363 2654 3413; x_wconf 83' lang='lat' dir='ltr'><strong>c,</strong></span> <span class='ocrx_word' id='word_1_360' title='bbox 2718 3349 2869 3405; x_wconf 88' lang='lat'><strong>1101</strong></span> <span class='ocrx_word' id='word_1_361' title='bbox 2903 3346 2963 3413; x_wconf 86' lang='lat' dir='ltr'><strong>d,</strong></span> 
     </span>
     <span class='ocr_line' id='line_1_73' title="bbox 1900 3441 2962 3514; baseline 0.004 -15"><span class='ocrx_word' id='word_1_362' title='bbox 1900 3443 2056 3500; x_wconf 89' lang='grc'><strong>1116</strong></span> <span class='ocrx_word' id='word_1_363' title='bbox 2085 3460 2138 3506; x_wconf 84' lang='lat' dir='ltr'><strong>a,</strong></span> <span class='ocrx_word' id='word_1_364' title='bbox 2176 3441 2246 3498; x_wconf 91' lang='lat' dir='ltr'>M</span> <span class='ocrx_word' id='word_1_365' title='bbox 2277 3445 2374 3514; x_wconf 86' lang='grc'><strong>49,</strong></span> <span class='ocrx_word' id='word_1_366' title='bbox 2404 3443 2504 3511; x_wconf 88' lang='grc'><strong>67,</strong></span> <span class='ocrx_word' id='word_1_367' title='bbox 2542 3442 2615 3501; x_wconf 86' lang='lat' dir='ltr'><strong>iii.</strong></span> <span class='ocrx_word' id='word_1_368' title='bbox 2648 3448 2790 3512; x_wconf 79' lang='lat'>422,</span> <span class='ocrx_word' id='word_1_369' title='bbox 2822 3447 2962 3513; x_wconf 89' lang='grc'><strong>516,</strong></span> 
     </span>
     <span class='ocr_line' id='line_1_74' title="bbox 1895 3539 2961 3610; baseline 0.006 -15"><span class='ocrx_word' id='word_1_370' title='bbox 1895 3539 2035 3604; x_wconf 87' lang='grc'><strong>568,</strong></span> <span class='ocrx_word' id='word_1_371' title='bbox 2085 3541 2224 3604; x_wconf 85' lang='grc'><strong>569.</strong></span> <span class='ocrx_word' id='word_1_372' title='bbox 2277 3543 2417 3608; x_wconf 86' lang='grc'><strong>570,</strong></span> <span class='ocrx_word' id='word_1_373' title='bbox 2465 3543 2604 3610; x_wconf 92' lang='grc'><strong>571,</strong></span> <span class='ocrx_word' id='word_1_374' title='bbox 2654 3545 2795 3608; x_wconf 87' lang='grc'><strong>595,</strong></span> <span class='ocrx_word' id='word_1_375' title='bbox 2841 3544 2961 3601; x_wconf 88' lang='grc'><strong>606</strong></span> 
     </span>
     <span class='ocr_line' id='line_1_75' title="bbox 1892 3633 2962 3698; baseline 0.005 -6"><span class='ocrx_word' id='word_1_376' title='bbox 1892 3633 2034 3693; x_wconf 91' lang='lat' dir='ltr'><strong>Non</strong></span> <span class='ocrx_word' id='word_1_377' title='bbox 2089 3636 2299 3696; x_wconf 87' lang='lat' dir='ltr'><strong>sufficit</strong></span> <span class='ocrx_word' id='word_1_378' title='bbox 2339 3636 2414 3694; x_wconf 86' lang='lat' dir='ltr'><strong>ad</strong></span> <span class='ocrx_word' id='word_1_379' title='bbox 2459 3637 2703 3696; x_wconf 88' lang='lat' dir='ltr'><strong>salutem</strong></span> <span class='ocrx_word' id='word_1_380' title='bbox 2746 3638 2845 3696; x_wconf 90' lang='lat' dir='ltr'><strong>ubi</strong></span> <span class='ocrx_word' id='word_1_381' title='bbox 2888 3639 2962 3698; x_wconf 87' lang='lat' dir='ltr'><strong>sit</strong></span> 
     </span>
     <span class='ocr_line' id='line_1_76' title="bbox 1893 3733 2960 3809; baseline 0.003 -18"><span class='ocrx_word' id='word_1_382' title='bbox 1893 3733 2058 3804; x_wconf 89' lang='lat' dir='ltr'><strong>scias,</strong></span> <span class='ocrx_word' id='word_1_383' title='bbox 2089 3733 2191 3792; x_wconf 87' lang='lat' dir='ltr'><strong>sed</strong></span> <span class='ocrx_word' id='word_1_384' title='bbox 2218 3751 2321 3809; x_wconf 87' lang='lat' dir='ltr'><strong>per</strong></span> <span class='ocrx_word' id='word_1_385' title='bbox 2357 3734 2532 3793; x_wconf 84' lang='lat' dir='ltr'><strong>fidem</strong></span> <span class='ocrx_word' id='word_1_386' title='bbox 2568 3735 2747 3794; x_wconf 85' lang='lat' dir='ltr'><strong>intres</strong></span> <span class='ocrx_word' id='word_1_387' title='bbox 2781 3741 2894 3796; x_wconf 90' lang='grc'><strong>130</strong></span> <span class='ocrx_word' id='word_1_388' title='bbox 2921 3736 2960 3794; x_wconf 81' lang='lat' dir='ltr'>b</span> 
     </span>
     <span class='ocr_line' id='line_1_77' title="bbox 1893 3829 2962 3906; baseline 0.003 -18"><span class='ocrx_word' id='word_1_389' title='bbox 1893 3829 2079 3906; x_wconf 87' lang='lat' dir='ltr'><strong>Super</strong></span> <span class='ocrx_word' id='word_1_390' title='bbox 2144 3831 2378 3890; x_wconf 85' lang='lat' dir='ltr'><strong>Petrum</strong></span> <span class='ocrx_word' id='word_1_391' title='bbox 2451 3832 2690 3891; x_wconf 82' lang='lat' dir='ltr'><strong>fundata</strong></span> <span class='ocrx_word' id='word_1_392' title='bbox 2750 3836 2861 3893; x_wconf 82' lang='lat'><strong>131</strong></span> <span class='ocrx_word' id='word_1_393' title='bbox 2921 3832 2962 3891; x_wconf 91' lang='lat' dir='ltr'><strong>d</strong></span> 
     </span>
     <span class='ocr_line' id='line_1_78' title="bbox 1889 3926 2961 4005; baseline 0.002 -18"><span class='ocrx_word' id='word_1_394' title='bbox 1889 3926 2103 3988; x_wconf 85' lang='lat' dir='ltr'><strong>Christi</strong></span> <span class='ocrx_word' id='word_1_395' title='bbox 2130 3947 2339 4005; x_wconf 88' lang='lat' dir='ltr'><strong>corpus</strong></span> <span class='ocrx_word' id='word_1_396' title='bbox 2367 3932 2490 3989; x_wconf 90' lang='grc'><strong>999</strong></span> <span class='ocrx_word' id='word_1_397' title='bbox 2517 3929 2608 3988; x_wconf 92' lang='lat' dir='ltr'><strong>ab</strong></span> <span class='ocrx_word' id='word_1_398' title='bbox 2672 3930 2961 3989; x_wconf 78' lang='lat' dir='ltr'><strong>Ecclesiae</strong></span> 
     </span>
     <span class='ocr_line' id='line_1_79' title="bbox 1890 4025 2956 4103; baseline 0.003 -19"><span class='ocrx_word' id='word_1_399' title='bbox 1890 4025 2165 4103; x_wconf 80' lang='lat' dir='ltr'><strong>dogmata</strong></span> <span class='ocrx_word' id='word_1_400' title='bbox 2184 4026 2560 4094; x_wconf 79' lang='grc' dir='ltr'><strong>156ᾶ,168ι,</strong></span> <span class='ocrx_word' id='word_1_401' title='bbox 2582 4031 2763 4093; x_wconf 82' lang='lat' dir='ltr'><strong>370e.</strong></span> <span class='ocrx_word' id='word_1_402' title='bbox 2778 4031 2956 4094; x_wconf 82' lang='lat' dir='ltr'><strong>491c.</strong></span> 
     </span>
     <span class='ocr_line' id='line_1_80' title="bbox 1890 4124 2956 4196; baseline 0.001 -14"><span class='ocrx_word' id='word_1_403' title='bbox 1890 4127 2012 4183; x_wconf 90' lang='grc'><strong>986</strong></span> <span class='ocrx_word' id='word_1_404' title='bbox 2032 4125 2090 4191; x_wconf 86' lang='lat' dir='ltr'><strong>d,</strong></span> <span class='ocrx_word' id='word_1_405' title='bbox 2120 4128 2238 4184; x_wconf 89' lang='grc'><strong>990</strong></span> <span class='ocrx_word' id='word_1_406' title='bbox 2261 4143 2312 4190; x_wconf 84' lang='lat' dir='ltr'><strong>e.</strong></span> <span class='ocrx_word' id='word_1_407' title='bbox 2335 4124 2404 4181; x_wconf 87' lang='lat' dir='ltr'>M</span> <span class='ocrx_word' id='word_1_408' title='bbox 2428 4126 2566 4191; x_wconf 87' lang='grc'><strong>49,</strong></span> <span class='ocrx_word' id='word_1_409' title='bbox 2549 4124 2630 4183; x_wconf 75' lang='lat' dir='ltr'><strong>iii.</strong></span> <span class='ocrx_word' id='word_1_410' title='bbox 2654 4129 2794 4196; x_wconf 87' lang='grc'><strong>492,</strong></span> <span class='ocrx_word' id='word_1_411' title='bbox 2818 4129 2956 4185; x_wconf 87' lang='grc'><strong>579.</strong></span> 
     </span>
    </p>

    <p class='ocr_par' dir='ltr' id='par_1_29' title="bbox 1811 4221 2955 4394">
     <span class='ocr_line' id='line_1_81' title="bbox 1811 4221 2955 4299; baseline 0.001 -18"><span class='ocrx_word' id='word_1_412' title='bbox 1811 4222 2095 4281; x_wconf 80' lang='lat' dir='ltr'><strong>Ecclesiae</strong></span> <span class='ocrx_word' id='word_1_413' title='bbox 2149 4221 2457 4299; x_wconf 88' lang='lat' dir='ltr'><strong>praesules,</strong></span> <span class='ocrx_word' id='word_1_414' title='bbox 2501 4241 2538 4280; x_wconf 89' lang='lat' dir='ltr'><strong>a</strong></span> <span class='ocrx_word' id='word_1_415' title='bbox 2575 4222 2743 4281; x_wconf 86' lang='lat' dir='ltr'><strong>malis</strong></span> <span class='ocrx_word' id='word_1_416' title='bbox 2801 4223 2955 4282; x_wconf 83' lang='lat' dir='ltr'><strong>blau·</strong></span> 
     </span>
     <span class='ocr_line' id='line_1_82' title="bbox 1888 4319 2876 4394; baseline 0.001 -17"><span class='ocrx_word' id='word_1_417' title='bbox 1888 4320 2014 4386; x_wconf 88' lang='lat' dir='ltr'><strong>diti,</strong></span> <span class='ocrx_word' id='word_1_418' title='bbox 2037 4338 2270 4394; x_wconf 86' lang='lat' dir='ltr'><strong>parcere</strong></span> <span class='ocrx_word' id='word_1_419' title='bbox 2295 4338 2412 4377; x_wconf 87' lang='lat' dir='ltr'><strong>non</strong></span> <span class='ocrx_word' id='word_1_420' title='bbox 2438 4319 2651 4378; x_wconf 85' lang='lat' dir='ltr'><strong>debent</strong></span> <span class='ocrx_word' id='word_1_421' title='bbox 2680 4324 2799 4380; x_wconf 92' lang='grc'><strong>296</strong></span> <span class='ocrx_word' id='word_1_422' title='bbox 2822 4340 2876 4379; x_wconf 87' lang='lat' dir='ltr'><strong>e.</strong></span> 
     </span>
    </p>

    <p class='ocr_par' dir='ltr' id='par_1_30' title="bbox 1808 4416 2955 4575">
     <span class='ocr_line' id='line_1_83' title="bbox 1808 4416 2955 4494; baseline -0.002 -18"><span class='ocrx_word' id='word_1_423' title='bbox 1808 4426 1845 4451; x_wconf 89' lang='lat'><strong>“</strong></span> <span class='ocrx_word' id='word_1_424' title='bbox 1870 4418 2154 4494; x_wconf 81' lang='lat' dir='ltr'><strong>Egressus</strong></span> <span class='ocrx_word' id='word_1_425' title='bbox 2171 4416 2206 4440; x_wconf 78' lang='lat'><strong>&#39;²</strong></span> <span class='ocrx_word' id='word_1_426' title='bbox 2253 4416 2382 4475; x_wconf 85' lang='lat' dir='ltr'><strong>Filii</strong></span> <span class='ocrx_word' id='word_1_427' title='bbox 2417 4417 2669 4476; x_wconf 86' lang='lat' dir='ltr'><strong>Emissio</strong></span> <span class='ocrx_word' id='word_1_428' title='bbox 2703 4437 2737 4476; x_wconf 91' lang='lat' dir='ltr'><strong>e</strong></span> <span class='ocrx_word' id='word_1_429' title='bbox 2768 4417 2955 4477; x_wconf 86' lang='lat' dir='ltr'><strong>Patris</strong></span> 
     </span>
     <span class='ocr_line' id='line_1_84' title="bbox 1887 4514 2383 4575; baseline 0.002 -2"><span class='ocrx_word' id='word_1_430' title='bbox 1887 4514 2152 4574; x_wconf 81' lang='lat' dir='ltr'><strong>Essentia</strong></span> <span class='ocrx_word' id='word_1_431' title='bbox 2179 4520 2296 4575; x_wconf 89' lang='grc'><strong>447</strong></span> <span class='ocrx_word' id='word_1_432' title='bbox 2326 4514 2383 4574; x_wconf 83' lang='lat' dir='ltr'><strong>d.</strong></span> 
     </span>
    </p>
   </div>
  </div>
 </body>
</html>
