3269 5166
608 339 740 404 290
940 341 1020 406 Β.
1067 340 1444 408 CYRILLI
1494 339 2026 407 ALEXANDR.
2082 336 2650 404 FRAGROENTA
2757 334 2871 400 xii.
2903 352 3003 401 12.

301 431 411 498 [67
437 435 509 486 M·
538 435 562 501 1
608 536 688 582 τε
724 502 978 608 ἁπάσῃ
1026 507 1141 584 καὶ
1178 505 1362 585 ἔθνει
1407 500 1644 586 παντῖ
1673 509 2127 608 προσλαλεῖν
2164 502 2248 583 τὸ
2285 499 2749 605 εὐαγγελικὸν
2787 504 3011 598 δηλο-

611 624 762 705 νότι
818 629 934 705 καὶ
990 627 1350 731 σωτήριον
1408 626 1759 730 κήρυγμα,
1819 635 2120 727 σημεῖον
2179 629 2408 705 ἐδίδου
2462 624 2594 709 τὰς
2639 622 3009 723 γλώσσας

610 750 871 832 αὐτοῖς·
950 751 1200 854 ἄνδρες
1255 750 1450 835 ὅντες
1498 756 1882 830 Γαλιλαῖοι
1935 754 2052 831 καὶ
2107 749 2574 853 τεθραμμένοι
2615 745 2818 828 κατὰ
2873 744 3009 843 τὴν

609 870 984 971 Ἰουδαίαν,
1044 874 1374 977 Ἑβραῖοι
1446 908 1524 954 τε
1589 876 1707 953 καὶ
1769 873 1860 980 ἐξ
1921 874 2305 976 Ἑβραίων,
2385 872 2668 972 Μήδοις
2735 904 2817 950 τε
2894 871 3013 948 καὶ

614 992 955 1097 Πάρθοις,
994 1000 1109 1076 καὶ
1143 998 1384 1095 με’ντοι
1421 998 1538 1076 καὶ
1573 997 2018 1097 Ἐλαμίταις,
2058 999 2176 1075 καὶ
2211 1003 2359 1080 τοῖς
2397 998 2475 1075 ἐκ
2509 994 2738 1094 με’σης
2776 992 3011 1072 οἶκού-
3040 1020 3076 1080 5

611 1150 753 1218 σης
795 1126 1162 1218 ποταμῶν,
1206 1117 1726 1203 Καππαδόκαις
1783 1153 1858 1199 τε
1917 1122 2033 1199 καὶ
2071 1120 2508 1221 Αἰγυπτίοις,
2563 1123 2720 1200 ταῖς
2775 1117 3014 1195 αὐτῶν

610 1243 1125 1345 προσελάλουν
1186 1242 1594 1347 γλώσσαις.
1683 1246 1800 1323 καὶ
1874 1244 2343 1347 διεπεραίνετο
2412 1240 2544 1341 μὲν
2614 1240 2699 1320 τὸ
2765 1243 3015 1344 χρῆμα

615 1365 852 1449 αὐτοῖς
878 1373 969 1470 τῇ
1004 1374 1132 1447 τοῦ
1157 1366 1574 1466 Πνεύματος
1609 1365 1922 1472 ἐνεργείᾳ
1959 1372 2073 1445 καὶ
2112 1364 2370 1472 χάριτι·
2427 1365 2831 1468 γέγραπται
2867 1362 3015 1466 γὰρ

278 1506 525 1620 &atq-ss.
617 1488 726 1571 ὅτι
764 1500 807 1536 “
834 1486 1195 1598 ὤφθησαν
1232 1491 1468 1574 αὐτοῖς
1519 1487 2074 1593 διαμεριζόμεναι
2118 1496 2469 1589 γλῶσσαι
2504 1491 2678 1567 ὡσεὶ
2720 1484 3009 1590 πυρὸς”

333 1588 383 1636 1>-
405 1588 458 1622 u‘
487 1585 532 1635 δ’
617 1615 733 1691 καὶ
787 1611 879 1692 τὰ
923 1613 1113 1719 ἑξῆς·
1185 1612 1387 1692 ἀλλὰ
1440 1612 1706 1715 τρόπος
1754 1613 1885 1711 μὲν
1932 1613 2331 1713 οἰκονομίας
2380 1611 2465 1693 τὸ
2503 1610 2868 1714 δρώμενον
2903 1609 3015 1711 ἦν,
3048 1647 3120 1688 10

614 1736 961 1815 συνίεσαν
997 1734 1072 1815 δὲ
1121 1738 1204 1815 οὐ
1239 1735 1522 1820 πάντες.
1600 1735 1840 1836 ἐπειδὴ
1892 1735 1967 1816 δὲ
2018 1735 2224 1843 ἅπαξ
2261 1743 2415 1821 ταῖς
2451 1734 2707 1838 ἑτέρων
2744 1733 3007 1837 γλώσ·

615 1892 783 1942 σαις
821 1857 1157 1952 ἐλάλουν,
1196 1861 1533 1967 ἐπίδειξιν
1575 1857 1827 1964 ὥσπερ
1869 1858 2031 1940 τινὰ
2084 1858 2217 1960 τὴν
2255 1858 2369 1939 διὰ
2423 1866 2552 1939 τοῦ
2592 1858 3019 1957 Πνεύματος

614 1982 1019 2080 ποιούμενοι
1075 1980 1305 2088 χάριν,
1371 1987 1489 2063 καὶ
1556 1985 2046 2090 φιλοκομπίας
2100 1982 2438 2090 ἀφορμὴν
2502 1980 2870 2088 δεχόμενοι
2926 1980 3015 2061 τὸ

617 2111 936 2205 σημεῖον,
974 2104 1280 2212 ῥᾴθυμοι
1326 2105 1460 2206 μὲν
1505 2105 1702 2207 ἦσαν
1755 2104 1840 2186 τὸ
1896 2110 2041 2186 δεῖν
2094 2114 2244 2190 τοῖς
2297 2106 2543 2210 ὄχλοις
2597 2104 2688 2184 τὰ
2743 2109 2821 2185 ἐκ
2870 2111 3020 2185 τῶν

619 2228 845 2330 ἁγίων
896 2236 1295 2337 προφητῶν
1349 2229 1831 2332 διαλέγεσθαι,
1878 2231 1995 2310 καὶ
2045 2237 2192 2313 τοῖς
2242 2231 2730 2331 εὐαγγελικοῖς
2776 2263 3012 2309 συνα-
3049 2258 3124 2320 15

619 2351 932 2454 γορεύειν
986 2350 1364 2455 δόγμασιν,
1402 2357 1499 2438 ῶς
1549 2353 1820 2433 ἄνωθέν
1874 2388 1953 2433 τε
2008 2358 2127 2434 καὶ
2182 2355 2257 2433 ἐκ
2310 2360 2600 2433 πολλοῦ
2653 2386 3012 2455 προκεκη-

615 2474 989 2576 ρυγμένου·
1066 2477 1719 2576 ἀποσεμνυνόμενοι
1776 2477 1851 2556 δὲ
1909 2480 2005 2560 ὡς
2065 2479 2180 2558 ἐπὶ
2242 2475 2440 2585 μόνῳ
2497 2482 2600 2582 τῷ
2661 2473 3022 2555 δύνασθαι

617 2599 1002 2700 γλώσσαις
1053 2608 1325 2696 λαλεῖν,
1377 2600 1633 2681 τούτου
1687 2636 1766 2681 τε
1826 2604 1942 2682 καὶ
1993 2600 2216 2701 μόνου
2273 2604 2816 2698 μεταποιεῖσθαι
2872 2605 3020 2679 δεῖν

617 2716 867 2828 ᾤοντο·
928 2724 1045 2801 καὶ
1082 2720 1167 2802 τὸ
1202 2729 1503 2826 πρᾶγμα
1541 2721 1629 2823 ἦν
1666 2726 1741 2804 ἐν
1775 2729 2128 2809 σπουδαῖς
2164 2731 2318 2807 ταῖς
2353 2720 3012 2826 προυργιαιτάταις.

524 3002 593 3042 12
678 2981 981 3073 Καθάπερ
1036 2982 1155 3071 Γὰρ
1208 2981 1284 3050 τὸ
1338 2981 1526 3060 σῶμα
1577 2985 1649 3049 ἓν
1703 2983 1858 3066 ἐστι,
1914 2982 2021 3049 καὶ
2071 2985 2239 3060 μέλη
2295 2983 2426 3070 ἔχει
2479 2980 2694 3049 πολλὰ
2746 2986 2968 3051 κ.τ.λ.
3055 3011 3138 3053 20

727 3162 1119 3258 Ἠνῶμεθα
1192 3159 1335 3266 γὰρ
1407 3161 1783 3262 ἀλλήλοις,
1857 3161 2259 3261 σύσσωμοί
2323 3197 2404 3242 τε
2478 3158 2879 3265 γεγόναμεν
2942 3163 3024 3240 ἐν

620 3289 947 3393 Χριστῷ,
985 3288 1527 3388 συνεγείραντος
1583 3285 1766 3384 ἡμᾶς
1821 3288 1938 3364 καὶ
1991 3289 2371 3392 μονονουχὶ
2425 3284 2850 3368 συνδέοντος
2903 3283 3028 3364 διὰ

619 3419 749 3490 τοῦ
803 3408 957 3494 ἑνὸς
1013 3411 1128 3489 καὶ
1180 3412 1254 3489 ἐν
1289 3414 1519 3489 πᾶσιν
1554 3409 1786 3508 Ἁγίου
1828 3408 2270 3509 Πνεύματος,
2317 3408 2357 3488 ὃ
2408 3411 2527 3488 καὶ
2572 3409 2647 3487 ἐν
2696 3404 3029 3505 πόματος

621 3533 822 3641 τάξει
877 3532 1220 3637 ζωοποιοῦ
1283 3531 1806 3631 πεποτίσμεθα.
1887 3535 2003 3611 καὶ
2068 3541 2245 3634 γοῦν
2309 3533 2450 3639 ἔφη
2511 3529 2838 3634 Χριστὸς
2906 3529 3029 3610 ὅτε

621 3655 803 3760 πρὸς
847 3654 930 3737 τὸ
984 3655 1277 3760 γύναιον
1312 3657 1612 3736 ἐποιεῖτο
1660 3651 1829 3738 τοὺς
1883 3651 2148 3757 λόγους
2193 3654 2278 3734 τὸ
2322 3658 2435 3735 ἐπὶ
2491 3660 2582 3759 τῇ
2633 3660 2837 3759 πηγῇ
2893 3661 3026 3734 τοῦ
3061 3685 3141 3746 25

289 3788 508 3917 {3³:³22
530 3786 600 3835 iv.
624 3780 893 3874 Ἰακώβ
948 3790 991 3828 “
1019 3781 1117 3861 ‘O
1153 3780 1382 3861 πίνων
1418 3782 1495 3859 ἐκ
1532 3787 1661 3859 τοῦ
1700 3780 1953 3862 ὕδατος
2000 3778 2255 3859 τούτου
2310 3777 2609 3885 διψήσει
2657 3776 2907 3876 πάλιν,
2945 3774 3030 3862 ὃς

358 3891 370 3912 ’
457 3889 469 3903 ’
626 3915 669 3952 “
706 3906 766 3984 δ’
821 3902 910 3985 ἂν
964 3905 1093 4010 πίῃ
1149 3906 1228 3983 ἐκ
1278 3911 1406 3983 τοῦ
1463 3904 1716 3985 ὕδατος
1773 3902 1858 3982 οὗ
1904 3901 2044 4005 ἐγὼ
2101 3902 2319 3982 δώσω
2374 3903 2587 4008 αὐτῷ,
2640 3900 3035 4003 γενήσεται

628 4038 671 4075 “
707 4030 782 4105 ἐν
820 4029 1012 4134 αὐτῷ
1064 4025 1265 4128 πηγὴ
1322 4028 1574 4111 ὕδατος
1619 4025 2025 4124 ἁλλομένου
2081 4031 2178 4110 εἶς
2234 4024 2418 4128 ζωὴν
2461 4023 2815 4106 αἶώνιον.”
2888 4025 3034 4128 ἔφη

288 4172 369 4222 1b.
390 4171 476 4223 vii.
505 4172 584 4237 38.
628 4147 713 4229 δέ
759 4183 902 4229 που
961 4153 1076 4229 καὶ
1130 4149 1312 4251 πρὸς
1366 4149 1752 4232 Ἰουδαίους
1809 4159 1852 4195 “
1886 4151 1984 4230 ‘O
2021 4147 2382 4229 πιστεύων
2437 4153 2533 4233 εἷς
2589 4146 2730 4245 ἐμὲ,
2792 4146 3037 4233 καθὼς

294 4250 373 4300 39·
627 4283 672 4320 “
708 4269 900 4354 εἶπεν
955 4274 998 4372 ἡ
1046 4273 1321 4380 γραφὴ,
1368 4276 1680 4373 ποταμοὶ
1736 4274 1812 4352 ἐκ
1867 4277 1995 4373 τῆς
2047 4272 2318 4364 κοιλίας
2375 4273 2592 4352 αὐτοῦ
2638 4271 3039 4377 ῥεύσουσιν
3066 4315 3152 4373 30

704 4493 787 4548 16.
824 4515 880 4549 τε
906 4492 959 4549 d.
983 4515 1035 4548 τι
1058 4511 1105 4549 c.
1396 4511 1477 4564 19.
1514 4494 1960 4567 προυργιαιτάτοις
1982 4512 2031 4551 c.
2319 4508 2405 4549 22.
2439 4494 2836 4565 συνεγείραντος
2857 4495 3042 4568 legere

628 4563 748 4621 cod.
775 4582 937 4621 suum
961 4563 1181 4621 adnotat
1207 4563 1408 4621 Maius,
