3269 5166
613 328 741 394 130
1220 327 1299 393 Β.
1346 325 1761 394 CYRILLI
1821 324 2408 395 ALEXANDR.
2790 343 3040 392 κιαι.

511 582 581 628 ²1
615 572 733 640 Καὶ
778 566 958 640 εἶπεν
997 568 1218 640 αὐτοῖς
1263 573 1459 638 πάλιν
1501 568 1745 662 Εἰρήνη
1793 567 1959 649 ὑμῖν·
2035 572 2256 639 καθὼς
2304 570 2653 638 ἀπέστειλέ
2705 593 2792 648 με
2827 572 2868 636 ὸ
2907 570 3033 660 ζῶν

1230 699 1459 787 Πατήρ
1516 698 1698 774 κάΓὼ
1752 698 2149 765 ἀποστέλλω
2201 700 2388 775 ὑμᾶς.

722 871 1275 978 Κεχειροτόνηκε
1328 868 1458 971 μὲν
1505 872 1581 951 ἐν
1629 870 1904 956 τούτοις
1961 872 2001 951 ὃ
2057 870 2324 976 Κύριος
2380 872 2585 971 ἡμῶν
2628 870 2932 971 Ἰησοῦς
2988 872 3031 949 ὅ

609 995 936 1099 Χριστὸς
971 995 1137 1081 τοὺς
1184 999 1313 1095 τῆς
1362 995 1772 1097 οἰκουμένης
1816 997 2228 1098 καθηγητάς
2263 1030 2343 1076 τε
2376 998 2494 1077 καὶ
2530 994 3030 1078 διδασκάλους·

271 1141 534 1200 1094Δ.
550 1157 587 1198 ο,
610 1122 728 1199 καὶ
763 1125 907 1200 τῶν
943 1120 1150 1200 θείων
1184 1121 1402 1201 αὐτοῦ
1449 1121 1868 1223 μυστηρίων
1899 1118 2330 1222 οἰκονόμους,
2370 1156 2492 1206 ους
2537 1124 2656 1201 καὶ
2706 1116 3024 1227 φωστ-ἦ-
3051 1148 3087 1209 5

604 1279 756 1349 ρων
792 1246 995 1346 δίκην
1029 1242 1464 1352 ἀναλάμψαι
1517 1278 1596 1325 τε
1650 1245 1788 1346 ἤδη
1843 1248 1960 1325 καὶ
2016 1243 2474 1349 καταυγάσαι
2526 1243 2801 1326 κελεύει
2860 1246 3026 1349 οὐχὶ

601 1368 831 1472 μόνην
867 1375 1013 1450 τῶν
1044 1368 1406 1448 Ἰουδαίων
1442 1366 1575 1466 τὴν
1610 1369 1876 1473 χώραν,
1914 1368 2098 1449 κατὰ
2133 1403 2219 1451 το
2255 1368 2517 1475 μέτρον
2551 1372 2682 1468 τῆς
2719 1374 3025 1468 νομικῆς·

266 1498 488 1629 ῊῙίῨξξ·Ι
600 1497 896 1595 ἐντολῆς
952 1492 1414 1594 διηκούσης“
1441 1490 1586 1574 ἀπὸ
1626 1491 1793 1573 Δὰν
1836 1497 1954 1574 καὶ
2007 1493 2139 1579 ἕως
2195 1492 2644 1597 Βηρσαβεὲ,”
2684 1491 2876 1573 κατὰ
2931 1494 3022 1574 τὸ

266 1635 319 1681 et
339 1600 488 1683 abbi-⁹
600 1619 1118 1767 γεγραμμένον,
1156 1624 1448 1717 μᾶλλον
1501 1616 1611 1699 δὲ-
1633 1616 1767 1718 τὴν
1817 1620 1936 1727 ὑφ’
1979 1620 2160 1728 ἡλίῳ
2216 1620 2625 1718 σύμπασαν
2671 1621 2792 1699 καὶ
2850 1652 3021 1704 τους

599 1740 1020 1848 πανταχόσε
1076 1742 1704 1846 κατεσπαρμένους
1760 1748 1876 1824 καὶ
1930 1740 2452 1853 κατωκηκότας.
2549 1741 2829 1844 ἀληθὴς
2886 1744 3020 1824 οὖν
3047 1782 3118 1822 ιο

262 1881 511 1948 nob.v.4.
600 1865 743 1969 ἀρα
799 1866 1037 1969 λέγων
1096 1867 1136 1945 ὃ
1195 1871 1515 1964 Παῦλος,
1571 1870 1668 1951 ὡς
1728 1867 1934 1973 “οὐχ
1993 1867 2218 1975 ἑαυτῷ
2279 1902 2388 1953 τις
2449 1866 2814 1968 λαμβάνει
2881 1868 3021 1970 τὴν

598 2000 643 2037 “
680 1987 910 2091 τιμὴν,
947 1990 1116 2070 ἀλλ’
1158 1992 1199 2069 ὁ
1251 1990 1690 2090 καλούμενος
1742 1990 1944 2095 παρὰ
1996 2000 2126 2072 τοῦ
2184 1991 2446 2074 Θεοῦ.”
2505 1992 2807 2092 κέκληκε
2865 1992 3016 2096 γὰρ

596 2118 693 2199 εἷς
766 2114 1287 2217 εὐκλεεστάτην
1358 2113 1785 2216 ἀποστολὴν
1858 2117 1898 2195 ὃ
1978 2117 2245 2221 Κύριος
2320 2117 2523 2219 ἡμῶν
2592 2118 2887 2218 Ἰησοῦς
2971 2119 3015 2198 ὁ

527 2248 572 2315 b
595 2238 917 2343 Χριστὸς
950 2237 1094 2344 πρὸ
1133 2246 1279 2321 τῶν
1315 2240 1571 2319 ἀλλων
1608 2237 1951 2321 ἁπάντων
1986 2240 2152 2326 τοὺς
2200 2243 2454 2323 ἑαυτοῦ
2500 2241 2851 2342 μαθητὰς,
2892 2247 3013 2323 καὶ

593 2368 974 2471 μονονουχὶ
1036 2363 1415 2466 σειομένην
1469 2369 1586 2447 καὶ
1648 2367 2065 2447 πίπτουσαν
2120 2365 2304 2468 ὅλην
2358 2366 2581 2522 ἔπηξε
2639 2366 2774 2467 τὴν
2828 2373 3006 2470 γῆν,
3044 2398 3116 2461 ¹5

257 2502 334 2553 Of
342 2502 502 2567 afflg-
593 2488 1050 2598 ἀναδείξας
1006 2524 1102 2574 ως
1139 2487 1322 2574 Θεὸς
1360 2488 1451 2570 τὰ
1489 2491 2095 2649 ύποστηρίγματα
2139 2493 2356 2593 αὐτῆς
2409 2495 2527 2572 καὶ
2575 2526 2740 2578 τους
2786 2495 3003 2574 ἀντε-

257 2585 307 2620 x.
333 2581 354 2618 Ι
367 2582 410 2620 ²
589 2616 901 2716 ρείδειν’
880 2613 1286 2720 ισχύοντας.
1362 2614 1729 2718 τοιγάρτοι
1766 2650 1882 2696 και
1916 2616 2057 2723 ἔφη
2095 2617 2213 2697 διὰ
2250 2622 2376 2718 τῆς
2412 2625 2543 2699 τοῦ
2572 2617 3011 2724 ψάλλοντος

256 2753 501 2806 Ριὶῐῑὶν·
591 2741 839 2846 φωνῆς
912 2740 1081 2843 περί
1147 2774 1224 2821 τε
1291 2744 1420 2839 τῆς
1490 2744 1625 2845 γῆς
1699 2744 1816 2821 καὶ
1887 2747 2033 2822 τῶν
2100 2741 2544 2824 ἀποστόλων
2607 2740 2716 2824 ὅτι
2775 2753 2822 2789 “
2858 2741 3008 2847 ἐγὼ

256 2839 432 2954 tm,
591 2872 637 2909 “
670 2862 1077 2968 ἐστερέωσα
1131 2862 1295 2949 τοὺς
1350 2864 1669 2950 στύλους
1724 2866 2010 2965 αὖτῆς·”
2070 2865 2336 2947 στύλοι
2387 2864 2534 2970 γὰρ
2583 2864 2837 2970 ὥσπερ
2883 2875 3007 2950 καὶ

253 2970 322 3020 ffi'
354 2984 375 3020 ¹
383 2984 431 3035 ⁵·
590 2987 948 3092 ἑδραίωμα
1003 2992 1132 3089 τῆς
1186 2989 1526 3089 ἀληθείας
1582 2994 1648 3068 οὶ
1704 2988 2039 3092 μακάριοι
2092 2989 2445 3094 γεγόνασι
2499 2994 2837 3091 μαθηταὶ,
2878 2993 3007 3079 οὓς
3037 3028 3119 3071 20

588 3110 678 3213 δὴ
729 3117 846 3194 καὶ
895 3114 1335 3195 ἀποστεῖλαί
1377 3122 1630 3217 φησιν,
1668 3111 1918 3216 ὥσπερ
1961 3115 2178 3195 αὐτὸν
2212 3114 2621 3198 ἀπέστειλεν
2655 3126 2686 3199 0‘
2728 3115 2996 3227 Πατῆρ,

528 3266 564 3310 ο
589 3238 770 3338 ὁμοῦ
803 3237 935 3337 μὲν
971 3242 1098 3338 τῆς
1133 3239 1558 3337 ἀποστολῆς
1602 3234 1688 3316 τὸ
1737 3237 2022 3344 ἀξίωμα
2070 3239 2370 3338 δεικνὺς,
2415 3245 2533 3321 καὶ
2584 3245 2710 3341 τῆς
2760 3244 2998 3324 δοθεί-

585 3396 728 3462 σης
762 3363 1000 3446 αὐτοῖς
1036 3362 1370 3468 ἐξουσίας
1415 3360 1546 3462 τὴν
1583 3361 2024 3465 ἀσύγκριτον
2061 3361 2307 3471 δόξαν·
2369 3367 2446 3445 ἐν
2478 3367 2717 3475 ταύτῷ
2769 3366 2845 3449 δὲ
2900 3373 3003 3454 ὡς

582 3481 765 3569 εἰκὸς
821 3489 936 3567 καὶ
993 3491 1138 3566 τῶν
1192 3487 1703 3567 ἀποστολικῶν
1757 3488 2333 3588 ἐπιτηδευμάτων
2388 3492 2806 3601 ὑποφαίνων
2860 3493 3002 3595 τὴν

584 3610 775 3692 ὁδόν.
883 3616 942 3690 εἶ
1015 3610 1158 3715 γὰρ
1236 3612 1460 3695 οὕτως
1532 3609 2019 3692 ἀποστέλλειν
2082 3610 2259 3721 ᾤετο
2312 3620 2475 3696 ’δεῖν
2538 3615 2752 3701 αὐτὸς
2827 3617 3001 3704 τοὺς
3033 3660 3115 3720 25

582 3737 874 3821 οἰκείους
917 3733 1264 3838 μαθητὰς,
1303 3733 1552 3837 ὥσπερ
1606 3735 1733 3816 οὖν
1780 3735 1998 3818 αὐτὸν
2033 3738 2437 3821 ἀπέστειλεν
2476 3749 2505 3823 ὅ
2545 3739 2801 3850 ssav-hp,
2837 3750 3001 3829 πῶς

579 3863 707 3941 οὐκ
763 3863 1154 3965 ἀναγκαῖον
1201 3864 1374 3941 ἰδεῖν
1420 3858 1605 3959 τοὺς,
1645 3860 1720 3941 οἵ
1768 3895 1852 3964 γε
1908 3868 2053 3942 τῶν
2104 3861 2288 3944 ἴσων
2329 3864 2642 3964 ἔμελλον
2686 3864 2999 3949 ἔσεσθαι

574 3989 897 4088 μιμηταὶ,
967 3989 1046 4068 τί
1125 3983 1214 4087 δὴ
1309 3987 1424 4066 καὶ
1516 3984 1888 4089 δράσοντα
1971 3985 2098 4068 τὸν
2171 3987 2353 4069 Υὶὸν
2433 3986 2864 4073 ἀπέστειλεν
2953 3995 2996 4074 ὃ

582 4109 893 4216 Πατήρ;

691 4237 979 4319 Οὐκοῦν
1015 4240 1143 4338 τῆς
1200 4236 1380 4321 ἰδίας
1435 4237 1859 4336 ἀποστολῆς
1914 4233 2043 4317 τὸν
2087 4235 2358 4339 τρόπον
2400 4235 2768 4346 διαφόρως
2821 4240 2999 4341 ἡμῖν
3031 4277 3118 4336 30

239 4351 488 4484 fflffgfffi·
576 4361 1069 4470 ἐξηγούμενος,
1125 4359 1303 4444 ποτὲ
1357 4358 1490 4462 μὲν
1543 4358 1865 4467 ἔφασκεν
1920 4371 1964 4409 “
1993 4364 2153 4443 Οὐκ
2217 4358 2448 4461 ἦλθον
2502 4361 2817 4445 καλέσαι
2884 4369 2998 4447 δι-

931 4599 1015 4657 15.
1053 4584 1250 4654 ἔπηξαν
1273 4580 1338 4638 Ε.
2196 4582 2282 4638 28.
2316 4584 2538 4654 μιμητὰς
2562 4582 2628 4640 E.
