3269 5166
253 319 389 384 xix.
425 342 525 410 13,
562 344 661 406 14.
821 326 931 391 IN
991 326 1060 392 S.
1109 327 1628 394 JOANNEM.
1723 329 1916 394 LIB.
1962 327 2123 394 XII.
2590 325 2671 390 ⁷5

256 492 303 531 “
338 487 853 592 προσαγάγετε
886 489 1044 592 ὧδε,
1081 496 1218 573 υἱοὶ
1262 494 1538 595 ἄνομοι,
1574 493 1872 595 σπέρμα
1908 500 2185 599 μοιχῶν
2219 496 2339 573 καὶ
2372 490 2672 595 πόρνης,

257 617 304 657 “
338 611 417 689 ἐν
449 611 593 692 τίνι
631 615 1212 725 ἐνετρυφήσατε;
1273 623 1393 699 καὶ
1428 620 1545 700 ἐπὶ
1580 619 1741 700 τίνα
1776 616 2189 724 ἐχαλάσατε
2238 615 2373 719 τὴν
2407 621 2670 720 γλῶσ-

255 741 305 780 “
340 767 493 815 σαν
549 738 771 838 ὑμῶν,
825 743 945 821 καὶ
999 744 1114 824 ἐπὶ
1171 742 1309 824 τίνι
1369 743 1701 851 ἠνοίξατε
1759 742 1844 824 τὸ
1908 741 2155 843 στόμα
2213 745 2459 842 ὑμῶν;
2541 741 2676 845 οὐχ
2700 755 2744 822 d

258 868 307 906 “
344 859 543 959 ὑμεῖς
576 865 747 945 ἐστε
780 865 992 946 τεῖενα
1028 867 1413 967 ἀπωλείας,
1449 865 1748 969 σπέρμα
1782 867 2052 969 ἄνομον
2082 869 2150 966 ;”
2210 867 2295 947 οὐ
2332 863 2475 970 γὰρ
2508 863 2674 944 καθ’

190 999 231 1060 5
256 982 422 1069 ἐνὸς
475 991 623 1067 τῶν
662 986 1033 1096 τυχόντων
1080 994 1452 1073 ἐποιοῦντο
1505 991 1642 1093 τὴν
1690 992 2078 1093 καταβοὴν,
2130 994 2247 1072 καὶ
2300 990 2435 1091 τὴν
2484 988 2672 1070 ἀπύ-

257 1119 510 1192 λωτον
559 1114 1044 1201 ἀπλῶσαντες
1098 1123 1490 1219 γλῶσσαν,
1532 1123 1684 1199 πᾶν
1726 1114 1909 1202 εἶδος
1960 1118 2214 1201 ἀπλῶς
2265 1113 2682 1214 ἐπετήδευον

258 1240 780 1344 συκοφαντίας,
818 1238 1024 1321 ἀλλά
1077 1243 1231 1323 κατ’
1272 1243 1494 1322 αὐτοῦ
1544 1250 1674 1323 τοῦ
1729 1242 1910 1322 ὶδίου
1947 1239 2336 1322 Δεσπότου
2385 1241 2503 1318 καὶ
2552 1243 2685 1317 τοῦ

258 1359 564 1443 πάντων
597 1373 1031 1468 κρατοῦντος
1064 1366 1250 1468 μετὰ
1283 1374 1415 1447 τοῦ
1455 1362 1769 1470 Πατρός.
1844 1366 2209 1469 τοιγάρτοι
2246 1364 2529 1447 δικαίως
2565 1364 2685 1442 καὶ

260 1484 484 1566 τέκνα
537 1489 903 1575 ἀπωλείας
958 1494 1077 1572 καὶ
1131 1491 1404 1592 ἄνομον
1457 1491 1756 1595 σπέρμα
1810 1487 2385 1597 κεχρηματίκασί
2431 1520 2510 1567 τε
2565 1487 2683 1566 καὶ

147 1645 238 1688 10
260 1607 668 1714 γεγόνασιν
708 1615 1030 1714 ἀληθῶς.

251 1871 347 1938 ‘O
419 1868 534 1938 οὖν
594 1874 880 1942 Πιλάτου
950 1877 1236 1943 ἀκούσας
1305 1879 1421 1945 τὸν
1491 1878 1686 1953 λόΓον
1757 1882 1991 1943 τοῦτον
2064 1875 2300 1952 *If-arev
2362 1872 2498 1943 ἔξω
2564 1872 2680 1940 τὸν
2716 1895 2784 1952 13

367 1999 645 2081 Ἰησοῦν,
690 2000 798 2067 καί
849 2001 1152 2071 ἐκάθισεν
1198 2004 1310 2070 ἐπὶ
1365 2007 1655 2082 βήματος
1708 2000 1803 2070 εἷο
1856 2003 2063 2071 τόπον
2115 2002 2467 2078 λεΓόμενον
2501 1998 2685 2065 Λιθό-

375 2126 1058 2217 στρωτον,Ἑβρα“ι“στὶ
1108 2128 1182 2195 δὲ
1229 2126 1553 2208 Γαββαθά·
1610 2125 1690 2196 ἦν
1729 2128 1801 2195 δὲ
1850 2127 2232 2218 παρασκευὴ
2281 2132 2398 2192 τοῦ
2448 2124 2683 2211 πάσχα,
2715 2151 2786 2206 14

375 2252 523 2340 ὥρα
579 2248 657 2318 ἦν
709 2253 872 2320 ὡσεὶ
923 2257 1103 2336 ἕκτη,
1147 2253 1254 2320 καὶ
1307 2255 1483 2330 λέπει
1535 2250 1675 2320 τοῖο
1720 2251 2065 2320 Ἰουδαίοις
2108 2252 2240 2319 Ἴδε
2291 2253 2329 2320 ὁ
2385 2247 2746 2329 βασιλεὺοο

162 2396 242 2457 15
378 2376 585 2455 ὑμῶν.

375 2539 626 2623 Ὅλον
662 2541 916 2648 ὥσπερ
955 2541 1339 2653 ἐπιγράφει
1375 2550 1531 2630 ταῖς
1565 2546 1931 2627 Ἰουδαίων
1965 2543 2297 2645 μάλιστα
2339 2544 2691 2649 κεφαλαῖς

271 2669 407 2766 τῆς
472 2669 589 2748 ἐπὶ
647 2672 958 2777 Χριστῷ
1029 2672 1444 2776 μιαιφονίας
1509 2668 1593 2751 τὸ
1661 2671 1993 2775 ἔγκλημα
2054 2678 2282 2751 ταῦτα
2343 2667 2583 2770 λέγων
2649 2664 2690 2741 ὁ

276 2790 861 2893 Εὑαγγελιστής.
960 2797 1373 2892 νενικῆσθαι
1431 2793 1575 2897 γὰρ
1629 2796 2012 2900 μονονουχὶ
2070 2796 2186 2874 καὶ
2243 2794 2380 2896 οὐχ
2437 2789 2691 2870 ἑκόντα

279 2914 618 2996 Πιλάτον
650 2923 805 3001 ταῖς
853 2918 1022 3020 παρ’
1062 2918 1299 2997 αὐτῶν
1333 2916 1776 3000 ἐνστάσεσιν
1813 2915 2258 3028 ἀναφανδὸνο
2274 2916 2411 3016 ἤδη
2462 2913 2685 3019 φησὶ,

160 3077 249 3119 20
274 3042 397 3122 καὶ
469 3039 602 3121 τὸν
674 3040 806 3141 μὲν
875 3049 1005 3122 τοῦ
1081 3043 1355 3122 δικαίου
1425 3041 1922 3146 παρώσασθαι
2001 3038 2249 3143 λόγον,
2323 3038 2542 3139 ὀλίγα
2615 3034 2693 3114 δὲ

274 3165 580 3273 σφόδρα
615 3169 744 3265 τῆς
788 3166 1218 3251 ἀκολουθίας
1265 3170 1682 3274 φροντίσαι·
1765 3163 1883 3245 διά
1933 3198 2010 3245 τε
2059 3172 2273 3243 τοῦτο
2322 3157 2690 3241 κατεσπά-

275 3296 457 3371 σθαι
511 3288 697 3391 πρὸς
751 3288 837 3370 τὸ
893 3297 1042 3377 τοῖς
1097 3298 1386 3398 φονῶσι
1442 3296 1718 3389 δοκοῦν,
1757 3292 1988 3371 καίτοι
2041 3283 2404 3373 πολλάκις
2458 3287 2694 3369 αὐτοῖς

275 3413 927 3518 προσλαλήσαντα
993 3417 1113 3494 καὶ
1178 3414 1565 3521 διαῤῥήδην
1625 3411 2326 3520 προοπεφωνηκότα,
2390 3410 2693 3513 μηδενὸς
2716 3431 3035 3489 ⁸1054A.

278 3535 365 3620 τὸ
401 3536 750 3644 παράπαν
786 3540 1110 3620 ὑπαίτιον
1148 3541 1509 3643 ηὑρῆσθαι
1554 3538 1684 3621 τὸν
1719 3542 2033 3641 Ἰησοῦν,
2073 3573 2114 3618 ο
2166 3535 2256 3638 δὴ
2309 3540 2426 3617 καὶ
2477 3532 2695 3616 αὐτὸν

168 3697 248 3757 ²5
278 3668 436 3749 ταῖς
482 3662 826 3768 ἐσχάταις
877 3661 1229 3765 ὑποθήσει
1279 3665 1527 3749 δίκαις.
1609 3661 1914 3744 κατόπιν
1951 3660 2093 3766 γὰρ
2143 3669 2272 3742 τοῦ
2321 3656 2700 3743 δοκοῦντός

278 3821 437 3868 τισι
484 3785 616 3886 τὴν
659 3797 788 3868 τοῦ
844 3786 1118 3868 δικαίου
1167 3788 1471 3895 πέμψας
1519 3786 1757 3888 τιμὴν,
1802 3790 1919 3867 καὶ
1969 3784 2097 3865 τὸν
2134 3787 2239 3866 ἐπ’
2280 3786 2508 3865 οὐδενὶ
2554 3791 2702 3863 τῶν

279 3910 578 3993 ἀτόπων
649 3911 1136 4014 ἐληλεγμένον
1201 3920 1358 3998 ταῖς
1432 3913 1802 3994 Ἰουδαίων
1864 3910 2149 4011 μανίαις
2223 3909 2695 4014 δωρούμενος,

279 4034 739 4140 αὖτομάρτυς
822 4041 951 4138 τῆς
1033 4038 1288 4118 ἑαυτοῦ
1374 4038 1812 4133 δυσσεβείας
1896 4034 2268 4116 ἁλώσεται
2360 4034 2694 4138 γεγονώς.

281 4159 520 4241 ἄνεισι
555 4162 800 4241 τοίνυν
837 4162 949 4242 ἐπὶ
1000 4169 1130 4242 τοῦ
1181 4159 1540 4262 συνήθους
1577 4164 1920 4268 βήματος,
1960 4162 2056 4244 ὦς
2098 4157 2190 4239 ἀν
2224 4159 2363 4261 ἤδη
2400 4158 2703 4266 φονικὴν

174 4317 256 4376 30
282 4285 596 4395 ἐξοίσων
638 4283 826 4364 κατὰ
857 4289 1192 4388 Χριστοῦ
1227 4284 1359 4386 τὴν
1397 4288 1685 4393 ψῆφον.
1764 4283 2306 4385 ἐπισημαίνεται
2341 4282 2417 4363 δὲ
2454 4280 2587 4383 τήν
2624 4315 2701 4362 τε

328 4519 408 4602 ,8“
445 4519 903 4646 ‘amptum
926 4533 992 4571 ΒΧ
1017 4513 1087 4572 Ε·
1555 4533 1644 4591 27.
1684 4516 2036 4590 ἐληλεγμένου
2059 4515 2191 4571 EF.
2219 4515 2322 4571 Ed.
2349 4531 2460 4586 mg.
2483 4511 2703 4582 ἐληλεγ-

279 4611 448 4661 μενον

1439 4691 1547 4739 L2
