3269 5166
619 337 747 401 138
1225 339 1305 405 B.
1351 335 1780 404 CYRILLI
1839 334 2424 402 ALEXANDR.
2646 355 2758 398 xx.
2784 349 2889 411 22,
2916 349 3019 416 23.

618 511 747 581 τοῦ
787 502 1207 602 Πνεύματος
1243 502 1551 585 κάθοδον
1587 505 2107 603 ἀπομιμεῖσθαι
2141 497 2731 604 παρασκευάσας.
2795 495 2910 578 ὅτι
2945 494 3021 576 δὲ

620 624 945 729 καθάπερ
1004 629 1078 706 ἐν
1132 625 1333 734 τάξει
1393 628 1696 728 σημείου
1762 632 1879 707 καὶ
1938 634 2152 706 τοῦτο
2209 623 2386 706 αὐτὸ
2451 631 2601 710 τοῖς
2652 621 3023 704 Ἰουδαίοις·

619 750 853 847 ἐδόθη,
890 749 1232 850 συνήσεις
1283 749 1612 847 εὐκόλως,
1652 749 1827 831 ὅταν
1873 749 2189 855 ἀκούσῃς
2238 757 2366 829 τοῦ
2412 748 2705 829 πάντων
2742 743 3020 826 δεσπό-

291 874 453 936 ³⁰⁰²·
622 908 750 953 του
786 878 977 953 Θεοῦ
1028 872 1146 954 διὰ
1195 878 1319 975 τῆς
1373 883 1500 956 τοῦ
1554 873 1938 982 προφήτου
1984 872 2325 976 λε’γοντος
2376 877 2622 981 φωνῆς
2660 882 2704 918 “
2725 868 2905 950 Ὅτι
2949 872 3026 948 ἐν

286 939 390 987 xiv.
415 950 492 995 21,

287 1003 463 1117 ffi
623 1008 668 1044 ‘⁶
705 998 1281 1100 ἑτερογλώσσοις
1336 1002 1454 1078 καὶ
1508 1001 1582 1077 ἐν
1640 999 1961 1102 χείλεσιν
2016 997 2272 1100 ἑτέρων
2327 993 2643 1097 λαλήσω
2700 999 2804 1103 τῷ
2864 998 3025 1101 λαῷ
3052 1021 3091 1085 5

295 1147 372 1184 11.
623 1131 667 1168 “
707 1120 995 1229 τούτῳ,”
1037 1125 1155 1201 καὶ
1202 1124 1286 1202 οὐ
1334 1120 1434 1222 μὴ
1484 1121 2011 1202 πιστεύσωσιν.
2091 1123 2344 1201 οὐκοῦν
2379 1121 2497 1200 ἵνα
2543 1117 3025 1216 πιστεύωμεν,

565 1277 603 1322 e
627 1243 736 1324 ὅτι
801 1279 940 1349 περ
1003 1248 1293 1348 ἀληθῶς
1360 1243 1651 1350 μέτοχοι
1714 1256 1844 1326 τοῦ
1906 1247 2162 1349 Ἀγίου
2226 1241 2646 1343 Πνεύματός
2708 1248 2895 1352 εἰσιν
2960 1245 3031 1321 οἱ

624 1367 956 1471 μακάριοι
1006 1373 1341 1471 μαθηταὶ,
1382 1373 1499 1450 καὶ
1548 1369 1824 1451 ἄνωθεν
1857 1375 1950 1476 τῇ
1998 1368 2197 1473 παρὰ
2242 1374 2572 1471 Χριστοῦ
2621 1399 3021 1465 κατεστεμ-

624 1492 821 1592 μένοι
873 1492 1111 1598 χάριτι
1157 1494 1418 1576 λοιπόν
1452 1500 1614 1592 εἶσι,
1655 1498 1772 1574 καὶ
1827 1498 2053 1574 ἱκανοὶ
2106 1491 2288 1596 πρὸς
2342 1492 2475 1593 τὴν
2512 1496 2640 1590 τῆς
2687 1491 3032 1592 ἀληθείας

626 1614 1000 1721 ἐξήγησιν,
1050 1621 1167 1698 καὶ
1217 1616 1704 1725 ἀξιοζήλωτον
1753 1619 2006 1724 ἔχουσι
2058 1621 2186 1716 τῆς
2243 1618 2420 1703 ἰδίας
2467 1617 2891 1713 ἀποστολῆς
2946 1611 3033 1695 τὸ
3063 1652 3139 1696 10
3248 1665 3250 1674 =

625 1739 985 1844 καύχημα,
1020 1746 1112 1847 τῇ
1149 1741 1236 1848 ἐξ
1267 1744 1501 1848 ὕψους
1536 1743 2147 1845 μεμαρτυρημένοι
2182 1744 2432 1848 δωρεᾷ,
2460 1737 3033 1846 καταπεφοίτηκε

627 1864 713 1945 τὸ
748 1872 896 1966 πῦρ
929 1867 1006 1944 ἐν
1042 1864 1205 1944 εἴδει
1246 1872 1677 1967 γλωσσῶν.·

741 1995 1077 2091 Διαρκῶς
1127 1988 1259 2088 μὲν
1295 1992 1423 2070 οὖν
1460 1990 1957 2091 ὑπολαμβάνω
2004 1993 2208 2071 ταυτὶ
2256 1987 2425 2093 παρ’
2463 1990 2666 2089 ἡμῶν
2701 1990 3036 2091 εἰρῆσθαι

631 2114 780 2202 νυνὶ
822 2109 1004 2215 πρὸς
1039 2114 1514 2217 παράστασιν
1550 2116 1814 2218 ἀκριβῆ
1851 2119 1980 2216 τῆς
2015 2122 2160 2195 τῶν
2196 2114 2674 2219 προκειμένων
2710 2112 3031 2214 θεωρίας·

627 2235 866 2334 ἐπειδὴ
923 2237 999 2316 δὲ
1053 2244 1305 2318 πᾶσαν
1351 2239 1535 2337 ἡμᾶς
1590 2246 1720 2319 τοῦ
1770 2237 1999 2342 λόγου
2044 2246 2409 2321 ποιεῖσθαι
2454 2234 2806 2340 προσήκει
2852 2234 3039 2337 πρό-
3068 2259 3141 2322 15

295 2380 547 2438 uooA.
572 2395 609 2435 a
631 2394 849 2457 νοιαν,
889 2363 985 2444 ὡς
1023 2358 1113 2441 ἂν
1146 2362 1248 2462 μή
1286 2397 1357 2442 τι
1393 2370 1541 2447 τοῖς
1578 2366 1926 2467 ἀδελφοῖς
1968 2363 2276 2470 ἀναφύοι
2325 2360 2410 2442 τὸ
2456 2359 2879 2441 σκάνδαλον
2914 2357 3038 2440 διά

629 2487 759 2581 τῆς
794 2517 1009 2563 τινων
1041 2488 1555 2593 συκοφαντίας,
1596 2486 1770 2594 φέρε
1818 2494 1964 2571 τοῖς
2018 2488 2399 2591 εἰρημένοις
2440 2484 2880 2589 προσθέντες
2918 2485 3038 2563 καὶ

632 2615 867 2706 τοῦτο,
931 2611 1048 2689 καὶ
1119 2608 1249 2695 τὰς
1315 2610 1618 2692 ἔσεσθαι
1683 2610 2287 2715 προσδοκωμένας
2350 2609 2549 2714 παρά
2611 2643 2742 2689 του
2815 2607 3040 2714 τυχὸν

633 2733 1219 2834 ἀθυρογλωττίας
1285 2735 1904 2838 διακρουσώμεθα-
1991 2734 2387 2836 εὑρήσομεν
2450 2734 2688 2814 τοίνυν
2748 2735 2826 2812 ἐν
2888 2737 3040 2817 τοῖς

299 2855 514 2987 {23:⁸24
635 2854 898 2963 ἐφεξῆς
934 2859 1455 2961 γεγραμμένον,
1500 2858 1609 2939 ὅτι
1648 2869 1695 2907 “
1720 2865 1992 2960 Θωμᾶς
2041 2861 2081 2939 ὁ
2126 2857 2512 2963 λεγόμενος
2547 2860 2869 2957 Δίδυμος
2906 2858 3038 2936 οὐκ
3068 2886 3151 2929 20

637 2990 682 3029 ‘⁶
717 2978 809 3082 ἦν
861 2980 1041 3080 μετὰ
1098 2989 1244 3062 τῶν
1298 2990 1641 3083 μαθητῶν
1703 2983 1820 3063 ὅτε
1877 2981 2098 3084 ἦλθεν
2158 2986 2200 3063 ὁ
2247 2983 2603 3085 Ἰησοῦς.”
2671 2988 2829 3065 πῶς
2882 2982 3037 3072 οὖν,

637 3106 782 3207 ἐρεῖ
822 3140 927 3191 τις
978 3111 1094 3188 καὶ
1143 3105 1348 3206 μάλα
1402 3107 1706 3206 δικαίως,
1752 3106 1947 3211 εἴπερ
1997 3111 2210 3207 ἀπῆν,
2253 3111 2545 3208 ἀληθῶς
2598 3115 2728 3187 τοῦ
2780 3107 3044 3209 Ἀγίου

642 3228 1062 3329 Πνεύματος
1099 3233 1470 3335 ἀνεδείχθη
1507 3230 1832 3335 με’τοχος,
1871 3229 1988 3311 ὅτε
2033 3238 2182 3316 τοῖς
2229 3237 2579 3331 μαθηταῖς
2615 3230 3046 3337 ἐπέλαμψεν

641 3353 684 3430 ὁ
721 3350 1000 3455 Σωτὴρ,
1041 3353 1406 3461 ἐνεφύσησέ
1434 3389 1511 3434 τε
1564 3354 1803 3457 λέγων
1841 3353 2118 3447 Λάβετε
2162 3358 2434 3462 Πνεῦμα
2467 3352 2742 3457 ’Άγιονς
2802 3354 3049 3462 φαμὲν

575 3490 620 3556 b
645 3474 791 3572 οὖν,
830 3473 940 3554 ὅτι
975 3475 1158 3556 κατὰ
1207 3477 1477 3563 παντὸς
1523 3478 1775 3584 ἐχώρει
1826 3486 1955 3558 τοῦ
2008 3479 2369 3574 λαβόντος
2416 3478 2550 3580 τὴν
2585 3476 2797 3585 χάριν
2831 3478 2879 3578 ἡ
2917 3487 3050 3560 τοῦ
3076 3503 3155 3563 ³5

650 3597 1069 3697 Πνεύματος
1115 3599 1427 3700 δύναμις,
1469 3606 1583 3681 καὶ
1632 3600 1761 3683 τὸν
1805 3610 1934 3683 τοῦ
1988 3603 2306 3688 διδόντος
2358 3602 2678 3707 ἐπλήρου
2733 3601 3045 3684 σκοπόν.

647 3721 905 3802 δέδωκε
959 3722 1037 3803 δὲ
1088 3726 1132 3804 ὃ
1187 3723 1510 3825 Χριστὸς
1561 3728 1655 3806 οὔ
1699 3760 1895 3807 τισιν
1948 3726 2088 3806 ἀνὰ
2140 3727 2373 3830 με’ρος,
2423 3728 2597 3808 ἀλλ’
2646 3724 2840 3811 ὅλοις
2898 3734 3052 3813 τοῖς

645 3852 1021 3946 μαθηταῖς.
1124 3850 1381 3930 οὐκοῦν
1435 3850 1764 3954 δέχονται
1818 3852 1936 3931 καὶ
1992 3857 2051 3931 εἰ
2105 3847 2206 3951 μὴ
2260 3850 2604 3955 παρῆσάν
2656 3885 2859 3949 τινες,
2920 3854 3055 3951 τῆς

647 3977 779 4051 τοῦ
851 3970 1170 4058 διδόντος
1242 3974 1657 4080 φιλστιμίας
1742 3975 1872 4055 οὐκ
1945 3980 2043 4060 εἶς
2115 3974 2376 4074 μόνους
2446 3973 2613 4061 τοὺς
2683 3972 3055 4080 παρόντας

649 4088 1261 4196 συστελλομένης,
1299 4094 1472 4177 ἀλλ’
1511 4102 1610 4182 εἷς
1665 4094 1953 4178 ἅπαντα
2010 4098 2395 4201 διηκούσης
2450 4098 2580 4180 τὸν
2628 4105 2774 4180 τῶν
2820 4101 3055 4203 ἁγίων
3080 4134 3169 4194 30
3248 4200 3250 4203 Ι

649 4218 1090 4299 ἀποστόλων
1150 4217 1393 4326 χορόν.
1493 4220 1603 4301 ὅτι
1666 4221 1743 4301 δὲ
1805 4220 2043 4318 βίαιον
2097 4221 2304 4303 οὐδὲν
2360 4222 2918 4330 πεφρονήκαμεν
2976 4227 3059 4306 ἐν

649 4342 947 4443 τούτοις,
1011 4346 1179 4424 ἀλλ’
1241 4343 1400 4425 οὐδὲ
1465 4347 1941 4450 ἀναίσχυντος
2007 4346 2175 4445 ἡμῖν
2233 4349 2276 4427 ὁ
2339 4356 2655 4432 τοιοῦτος
2724 4354 3058 4457 φανεῖται

1565 4575 1620 4630 6.
1656 4574 2039 4633 πιστεύσουσιν
2062 4577 2130 4634 Ε.
