3269 5166
224 308 295 371 ii.
323 330 385 393 9.
741 307 848 371 IN
897 307 1420 373 EPISTOLAM
1470 307 1599 372 AD
1656 307 2157 373 HEBRAEOS.
2505 311 2636 377 387

224 474 348 552 διά
391 507 503 553 τοι
541 470 627 554 τὸ
665 474 889 578 φάναι
926 485 970 523 “
999 473 1154 555 Τὸν
1198 475 1272 554 δὲ
1315 475 1558 579 βραχύ
1591 510 1659 556 ’Π
1695 474 1864 579 παρ’
1903 475 2257 577 ἀγγέλους
2295 478 2624 576 ἢλαττω-
2682 409 2828 475 [¹¹⁴
2851 408 2971 474 M.]

226 608 277 645 ‘⁴
310 597 529 696 με’νον
574 596 939 698 βλέπομεν
974 597 1268 697 Ἰησοῦν
1321 597 1441 678 διὰ
1484 597 1567 679 τὸ
1602 599 1906 699 πάθημα
1942 608 2072 680 τοῦ
2108 599 2418 680 θανάτου
2455 598 2634 708 δόξῃ

228 731 277 768 “
312 723 433 800 καὶ
501 723 672 827 τιμῇ
736 722 1395 828 ἐστεφανωμένον.”
1482 718 1633 802 εἶτα
1695 723 2094 806 διιστάντες·
2159 723 2288 808 τὰς
2350 723 2630 829 φύσεις,

228 845 641 947 ὃλότροπον
705 843 834 926 τὸν
895 850 975 927 ἐκ
1037 851 1165 946 τῆς
1229 847 1438 949 ἁγίας
1499 847 1858 950 παρθένου
1924 847 2435 949 γεγεννημένον
2496 849 2627 927 ἄν·

162 995 198 1055 5
229 976 529 1071 θρωπον
574 964 756 1049 εἷναί
796 976 1028 1076 φασιν
1081 975 1335 1069 ἶδικῶς,
1378 977 1539 1072 περὶ
1595 971 1682 1050 οὗ
1736 972 1852 1051 καὶ
1906 970 2261 1074 θαυμάζει,
2299 977 2552 1075 φησὶν,
2593 975 2633 1051 5
2705 987 2713 996 '

228 1097 525 1191 Δαυεὶδ,
572 1092 682 1173 ὅτι
732 1095 848 1172 καὶ
899 1092 1181 1193 μνήμης·
1230 1098 1347 1173 καὶ
1396 1096 1796 1194 ἐπισκοπῆς
1842 1095 2156 1201 ἠξίωται·
2213 1095 2512 1201 ἠξίωται
2561 1094 2637 1176 δὲ

228 1222 351 1296 καὶ
388 1224 535 1296 τῶν
566 1216 741 1321 ὑπὲρ
779 1217 1008 1324 φύσιν
1044 1217 1249 1316 ἰδίαν,
1288 1221 1385 1302 ὡς
1430 1217 2010 1321 εὐεργετούμενος
2045 1217 2245 1320 παρὰ
2278 1228 2406 1298 τοῦ
2445 1224 2637 1298 Θεοῦ

230 1338 505 1441 Λόγου.

342 1463 805 1566 Ἠγνοήκασι
860 1464 935 1546 δὲ
992 1469 1089 1551 ὡς
1144 1466 1387 1564 ἔοικεν,
1445 1465 1555 1547 ὅτι
1611 1465 1938 1571 Χριστὸς
1992 1464 2279 1566 Ἰησοῦς
2335 1465 2419 1544 οὐ
2476 1467 2632 1545 καθ’

126 1617 204 1658 10
228 1588 487 1668 ἑαυτὸν
540 1589 915 1691 ἅνθρωπος
964 1597 1214 1675 κοινῶς
1262 1625 1341 1671 Te
1393 1594 1509 1670 καὶ
1567 1596 1803 1675 ἶδικῶς
1860 1598 2117 1670 νοεῖται
2178 1593 2294 1669 καὶ
2355 1589 2637 1691 λέγεται

226 1708 414 1813 πρὸς
447 1713 671 1812 ἡμῶν,
707 1713 1267 1818 ἐνανθρωπήσας
1304 1713 1381 1794 δὲ
1416 1723 1708 1814 μᾶλλον
1747 1717 1786 1794 5
1823 1718 1902 1794 ἐκ
1940 1720 2133 1794 Θεοῦ
2172 1712 2436 1814 Λόγος·-
2519 1714 2637 1792 ἵνα

228 1836 308 1916 δὲ
367 1843 516 1917 τῶν
567 1840 853 1918 ἐννοιῶν
909 1839 952 1937 ἡ
1014 1837 1364 1923 ἀπόδοσις
1408 1842 1483 1918 ἐν
1520 1836 1777 1946 κόσμῳ
1831 1844 1936 1945 τῷ
1992 1838 2219 1918 δέοντι
2276 1846 2636 1940 προϊοῦσα

229 1962 583 2066 φαίνοιτο,
623 1963 794 2066 φέρε
833 1966 949 2042 καὶ
985 1961 1131 2064 πρό
1167 1997 1250 2065 γε
1288 1970 1435 2042 τῶν
1470 1963 1725 2043 ἄλλων
1762 1966 1888 2062 τῆς
1933 1964 2008 2042 ἐν
2044 1965 2147 2069 τῷ
2191 1961 2628 2065 παροισθέν·

229 2117 382 2163 των
416 2090 703 2192 ψαλμῷ
741 2085 1036 2189 θεωρίας
1073 2085 1458 2192 ἁψώμεθα.
1534 2084 1686 2191 ᾔδει
1731 2090 1828 2170 ὡς
1873 2084 2251 2192 προφήτης
2288 2087 2328 2165 5
2366 2085 2631 2165 θεσπέ-

126 2233 200 2293 15
229 2240 399 2293 σιος
436 2213 703 2290 Δαυεὶδ
754 2209 864 2289 ὅτι
920 2210 1103 2289 κατὰ
1157 2209 1291 2309 τὴν
1341 2214 1624 2316 ἀψευδῆ
1682 2245 1758 2291 τε
1815 2214 1931 2290 καὶ
1988 2212 2182 2290 θείαν
2232 2209 2637 2314 ὑπόσχεσιν

230 2341 276 2378 “
313 2334 395 2410 ἐκ
428 2341 710 2435 καρποῦ
752 2338 879 2433 τῆς
930 2333 1213 2438 ὀσφύος·
1264 2336 1482 2414 αὐτοῦ
1536 2331 1622 2413 τὸ
1680 2332 1864 2414 κατὰ
1917 2332 2197 2435 σάρκα”
2233 2332 2632 2436 γενήσεται,
2658 2350 2903 2467 gemus-⁶3.

228 2456 434 2555 πλὴν
488 2459 616 2537 οὐκ
671 2457 1013 2560 ἠγνόηκεν
1068 2457 1175 2538 ὅτι
1216 2456 1403 2542 Θεὸς
1460 2456 1644 2538 κατὰ
1700 2457 1928 2566 φύσιν
1979 2457 2322 2563 ὑπάρχων
2362 2460 2439 2538 ἐν
2485 2466 2633 2543 τοῖς
2712 2430 2950 2484 p·¹1·30·

228 2583 397 2662 καθ’
448 2581 633 2682 ἡμᾶς·
688 2580 939 2664 ἑαυτὸν
996 2581 1299 2684 καθήσει
1353 2581 1536 2663 κατὰ
1593 2581 1859 2685 καιρόν.
1938 2582 2344 2686 διαλέγεται
2396 2583 2635 2664 τοίνυν

228 2708 305 2786 ἐν
343 2711 449 2814 τῷ
486 2705 724 2815 ὀγδόῳ
758 2713 1041 2817 ψαλμῷ
1077 2712 1194 2788 καὶ
1231 2706 1397 2791 τοὺς
1431 2707 1614 2810 πρὸς
1652 2707 1869 2788 αὐτὸν
1900 2715 2200 2788 ποιεῖται
2238 2705 2503 2809 λόγους
2540 2706 2636 2791 οἷς

128 2866 203 2906 20
226 2828 416 2934 πρὸς
471 2830 852 2933 ἄνθρωπον
895 2828 1045 2930 ἅμα
1090 2835 1207 2912 καὶ
1253 2829 1446 2912 Θεὸν
1490 2830 1616 2912 ἕνα
1673 2829 1799 2911 τὸν
1847 2831 1935 2938 ἐξ
1975 2835 2248 2936 ἀμφοῖν
2299 2830 2628 2933 ἐπιγινώ-

227 2989 439 3034 σκων
495 2953 709 3035 Θεόν.
807 2955 1150 3062 ταύτῃτοί
1208 2962 1398 3062 φησι
1453 2968 1496 3006 “
1527 2956 1750 3060 Κύριε
1816 2958 1856 3035 5
1929 2955 2196 3057 Κύριος
2257 2956 2479 3053 ἡμῶν,
2536 2956 2633 3038 ὡς
2658 2980 2742 3031 Pa.
2764 2980 2871 3030 viii.
2891 2998 2935 3031 α.

229 3091 275 3127 “
313 3078 745 3177 θαυμαστὸν
793 3077 878 3159 τὸ
927 3078 1156 3179 ὄνομά
1205 3115 1348 3161 σου
1398 3084 1474 3161 ἐν
1527 3078 1736 3187 πάσῃ
1790 3085 1882 3185 τῇ
1940 3086 2069 3184 γῇ,
2111 3079 2221 3159 ὅτι
2278 3076 2549 3181 ἐπήρθη
2587 3078 2633 3178 ἡ

229 3214 275 3251 “
307 3203 890 3308 μεγαλοπρέπειά
926 3239 1067 3284 σου
1104 3204 1431 3308 ὑπεράνω
1467 3210 1613 3284 τῶν
1651 3205 2035 3309 οὐρανῶν·”
2084 3210 2228 3283 ποῦ
2263 3199 2405 3306 γὰρ
2445 3201 2635 3286 ὅλως

226 3327 277 3429 ἢ
329 3326 534 3430 παρὰ
582 3329 735 3408 τίσι
769 3329 1095 3431 Χριστὸς
1150 3332 1235 3408 οὐ
1288 3328 1748 3429 τεθαύμαστο
1784 3362 1806 3428 ;
1869 3327 1916 3431 ἢ
1967 3335 2123 3412 πῶς
2178 3328 2307 3406 οὐκ
2361 3325 2635 3429 ἐπήρθη

128 3485 199 3545 25
228 3455 353 3534 καὶ
390 3449 716 3554 ὑπεράνω
752 3459 897 3532 τῶν
934 3453 1324 3556 οὐρανῶνὴ
1360 3456 1940 3558 μεγαλοπρέπεια
1978 3454 2197 3532 αὐτοῦ
2233 3453 2348 3531 καὶ
2385 3450 2470 3530 τὸ
2506 3454 2635 3550 τῆς·

226 3576 452 3685 δόξης·
504 3575 936 3683 περιφανές;
1000 3576 1194 3682 εἴπερ
1245 3580 1445 3657 ἐστὶν
1496 3576 1762 3678 ἀληθὲς
1816 3577 1926 3657 ὅτι
1981 3587 2024 3625 “
2051 3579 2127 3657 ἐν
2184 3582 2286 3685 τῷ
2338 3573 2634 3674 ὀνόματι
2656 3597 2864 3648 Phi1.ii·
2889 3610 2965 3656 ιο,

229 3713 278 3750 “
312 3703 563 3802 Ἰησοῦ
618 3706 951 3803 Χριστοῦ
1001 3709 1150 3781 πᾶν
1205 3700 1385 3803 γονῦ
1438 3701 1745 3800 κάμπτει
1798 3701 2234 3804 ἐπουρανίων
2293 3702 2407 3779 καὶ
2471 3700 2625 3779 ε’πι-
2663 3677 2741 3714 ¹¹⁶

229 3837 278 3874 “
317 3827 532 3928 γείων
578 3829 694 3906 καὶ
732 3827 1221 3931 καταχθονίων
1256 3828 1373 3905 καὶ
1415 3831 1625 3906 πᾶσα
1661 3831 1985 3927 γλῶσσα
2020 3820 2635 3931 ἐξομολογήσεται

228 3961 278 3997 “
316 3949 429 4029 ὅτι
460 3950 727 4054 Κύριος
763 3950 1050 4050 Ἰησοῦς
1084 3946 1412 4054 Χριστὸς
1449 3954 1546 4033 εἷς
1583 3948 1807 4056 δόξαν
1844 3954 2036 4028 Θεοῦ
2075 3945 2434 4050 Πατρός.”

127 4111 203 4166 30
332 4073 511 4156 Ὅτι
569 4073 718 4178 γὰρ
772 4077 847 4153 ἐν
897 4075 1302 4179 ἀνθρωπεία
1355 4078 1605 4179 μορφῇ
1664 4070 2016 4178 πεφηνότι
2074 4076 2179 4179 τῷ
2242 4070 2461 4178 Λόγῳ
2517 4072 2634 4149 καὶ

228 4200 562 4280 ἑνωθέντι
628 4201 850 4302 σαρκὶ
925 4196 1019 4277 τὰ
1080 4196 1375 4278 τοιαῦτά
1445 4204 1681 4304 φησιν
1747 4198 1788 4276 5
1851 4197 2240 4281 θεσπέσιος·
2312 4192 2635 4301 μελῳδὸς

239 4465 910 4612 ’,φκξὲγὲὅηέἑῖεέῖῗέ
925 4465 1045 4606 ξδ’·
1234 4481 1279 4537 7.
1319 4466 1460 4521 ἰδίων
1486 4465 1575 4521 Cr.
1786 4467 1867 4521 18.
1904 4462 2099 4535 τοίνυν]
2127 4463 2217 4519 οὖν
2241 4477 2515 4534 perperam
2543 4458 2634 4513 Cr.

1357 4644 1537 4710 3⁰2
