3269 5166
640 328 728 391 38
1210 325 1290 392 Β.
1337 326 1760 393 CYRILLI
1818 324 2405 391 ALEXANDR.
2729 319 2910 385 xviii.
2948 338 3065 406 23.

541 564 990 656 23Ἀττεκρίθνι
1047 565 1227 649 αὐτῷ
1280 567 1317 632 ὀ
1362 565 1617 631 Ἰησοῦς
1675 561 1747 629 Εἰ
1803 563 2024 630 κακῶς
2074 563 2390 644 ἐλάλησα,
2433 560 2846 651 μαρτύρησον
2899 558 3063 645 περὶ

1096 696 1212 760 τοῦ
1263 697 1491 760 κακοῦ·
1560 690 1619 758 εἰ
1674 692 1746 759 δὲ
1803 691 2044 773 καλῶς,
2095 689 2158 758 τί
2210 713 2291 768 με
2345 688 2597 781 δέρεις,

751 864 1183 948 Ἀδικοῦντα
1228 864 1361 967 μὲν
1405 867 1576 947 λίαν
1616 865 1897 972 ἐλέγχει
1942 866 2072 946 τὸν
2109 864 2484 968 ὑπηρέτην,
2522 866 2643 942 καὶ
2694 859 2890 965 εἴπερ
2946 893 3064 945 τις

642 988 736 1091 ἦν
795 993 837 1071 5
892 991 1300 1095 κρινόμενος
1360 998 1506 1072 τῶν
1561 992 1646 1071 οὖ
1706 990 2003 1141 σφόδρα
2061 994 2445 1094 λαμπρῶν.
2542 984 2845 1087 πλήττει
2903 983 3060 1089 γὰρ

646 1116 1009 1201 ἀσυνέτως
1060 1116 1144 1197 ὃν
1181 1117 1448 1217 ἥκιστα
1494 1121 1701 1222 χρῆν,
1739 1116 1869 1196 οὐκ
1918 1115 2294 1213 ἐκθέσμοις
2333 1113 2657 1218 ῥήμασιν
2693 1116 2790 1195 εἰς
2837 1119 3059 1191 τοῦτο
3091 1134 3131 1195 5

306 1258 573 1317 1028Δ.
589 1272 627 1314 a
648 1242 1114 1342 κεκινημένος,
1149 1241 1375 1345 ἤγουν
1410 1241 1659 1345 ἑτέραν
1692 1238 1852 1321 τινὰ
1895 1247 2022 1321 τοῦ
2059 1237 2464 1342 θράσους*
2414 1272 2602 1342 εχων
2636 1234 2770 1337 τὴν
2805 1238 3050 1342 ἀφορ-

310 3105 473 3170 Supra

311 3172 397 3222 vii.
422 3171 503 3232 46.

644 1366 812 1467 μὴν,
870 1369 947 1447 ἐκ
1009 1365 1233 1468 μόνης
1305 1364 1383 1447 δὲ
1452 1373 1749 1467 μᾶλλον
1803 1369 1932 1465 τῆς
1995 1364 2316 1471 ἐμφύτου
2373 1362 2629 1463 μανίας
2694 1369 2791 1447 εἰς
2854 1364 3057 1463 ἠθῶν

644 1490 1036 1595 ἀγριότητα
1093 1495 1535 1596 θηριοπρεπῆ
1592 1488 2150 1590 κατωθούμενος.
2229 1487 2735 1593 κατηγόρησον
2779 1486 2945 1591 γὰρ,
2993 1493 3058 1567 εἰ

645 1619 861 1715 δοκεῖ,
903 1620 1020 1698 καὶ
1069 1623 1215 1698 τῶν
1250 1617 1609 1719 ἡμετέρων
1656 1613 2137 1719 καταγωνίζὸυ
2186 1613 2453 1717 λόγων,
2492 1618 2590 1699 ὡς
2640 1613 2769 1693 οὐκ
2818 1614 3058 1716 ὀρθῶς

645 1741 1049 1845 εἰρημένων·
1147 1746 1207 1821 εἰ
1274 1739 1351 1822 δὲ
1411 1750 1627 1822 τοῦτο
1689 1746 1918 1822 ποιεῖν
1966 1740 2050 1819 οὐ
2105 1738 2433 1837 δύνασαι,
2485 1736 2826 1841 πλήττεις
2885 1736 3054 1819 ἀνθ’
3092 1759 3168 1800 10

647 1865 815 1946 ὅτου
855 1865 1112 1947 λοιπὸν
1149 1864 1277 1947 τὸν
1313 1864 1771 1968 ἀνεγκλήτως
1808 1861 2312 1973 φθεγξάμενον
2341 1898 2364 1963 ;

760 1988 1241 2094 Τετριμμένος
1293 1990 1424 2090 μὲν
1481 1991 1608 2071 οὖν
1664 1993 1914 2071 οὑτοσὶ
1978 1993 2095 2070 καί
2158 1989 2455 2095 σφόδρα
2519 1989 2840 2091 συνήθης
2902 1995 3059 2074 τοῖς

650 2116 1067 2218 θεωρήμασι
1132 2113 1376 2219 λόγος·
1484 2112 1683 2216 οἶμαι
1756 2113 1833 2196 δὲ
1903 2113 2129 2219 ἔγωγε
2200 2114 2334 2216 τὴν
2396 2123 2525 2195 τοῦ
2587 2114 3061 2219 προκειμένου

583 2243 627 2310 b
652 2240 951 2340 δύναμιν
996 2239 1311 2346 ἑτέρωσέ
1349 2274 1475 2323 ποι
1524 2247 1807 2346 χωρεῖν.
1888 2238 2235 2345 διελέγχει
2284 2239 2429 2343 γὰρ
2480 2239 2660 2324 ἴσως
2707 2239 2834 2322 τὸν
2871 2243 3058 2340 ὑπη-

648 2364 882 2468 ρέτην,
918 2368 1016 2451 ὡς
1051 2368 1430 2447 ἀδικοῦντα
1465 2364 1819 2469 μειζόνως,
1858 2364 1991 2469 οὐχ
2026 2363 2136 2445 ὅτι
2182 2362 2522 2446 πέπαικεν
2558 2366 2835 2456 ἁπλῶς,
2876 2368 3054 2445 ἀλλ’
3093 2382 3118 2421 1
3131 2378 3168 2437 5

649 2487 761 2569 ὅτι
814 2486 1416 2595 προτεθαυμακῶς
1468 2490 1607 2593 ἤδη
1661 2489 1791 2570 τὸν
1836 2487 2302 2590 διδάσκαλον,
2338 2491 2444 2571 ἐπ’
2484 2491 2713 2571 οὐδενὶ
2768 2487 2845 2570 δὲ
2902 2497 3059 2571 νυνὶ

651 2614 1064 2719 καταγνοὺς,
1101 2614 1460 2718 ἀτιμάζειν
1510 2616 1880 2720 ἠνέσχετο.
1954 2618 2012 2694 εἰ
2067 2613 2198 2713 μὲν
2239 2613 2384 2719 γὰρ
2438 2618 2573 2720 οὐχ
2629 2617 2824 2718 ἥλως
2876 2615 3060 2697 ποτὲ

649 2745 797 2824 τοῖς
832 2741 999 2843 παρ’
1039 2743 1232 2841 ἐμοῦ,
1273 2743 1485 2846 φησὶ,
1523 2737 1795 2842 λόγοις·
1858 2745 1918 2819 εἰ
1964 2736 2068 2840 μή
2117 2772 2243 2819 σοι
2292 2738 2386 2820 τά
2434 2738 2803 2821 κάλλιστα
2846 2737 3050 2821 διδά-

650 2898 855 2944 σκειν
918 2863 1204 2945 ἐδόκουν
1267 2866 1384 2944 καὶ
1445 2862 1860 2971 παράδοξός
1935 2898 2041 2947 τις
2115 2860 2292 2943 εἰναι
2359 2866 2837 2963 πεπίστευμαι
2907 2871 3061 2945 τῶν

650 2991 858 3091 ἰερῶν
906 2986 1352 3093 γραμμάτων
1401 2988 1781 3097 ἐξηγητής·
1853 2994 1910 3068 εἰ
1965 2986 2068 3088 μὴ
2123 2987 2336 3073 αὐτὸς
2390 2987 2589 3088 ἦσθα
2642 2988 2804 3070 τότε
2857 2994 3059 3086 βοῶν
3091 3017 3172 3056 20

650 3123 696 3160 “
733 3114 1103 3194 Οὐδέποτε
1136 3113 1503 3216 ἐλάλησεν
1538 3115 1763 3196 οὕτως
1808 3111 2258 3216 &vamme-‘⁹
2314 3112 2503 3218 τάχα
2549 3149 2659 3199 τις
2705 3112 2797 3215 ἦν
2832 3112 3061 3216 λόγος

651 3245 804 3321 ταῖς
842 3246 1011 3322 σαῖς
1056 3239 1402 3340 ἀπειρίαις
1453 3233 1801 3320 ἐπιδιδοὺς
1850 3234 1981 3318 τὸν
2017 3235 2240 3336 ἔλεον,
2278 3240 2393 3318 καί
2440 3241 2569 3337 τῆς
2617 3241 2734 3319 ἐπὶ
2782 3236 3062 3322 τούτοις

590 3395 627 3439 ο
651 3363 876 3444 αἰτίας
922 3362 1064 3469 ἔξω
1113 3365 1352 3444 τιθείς·
1423 3361 1664 3461 ἐπειδὴ
1721 3358 1800 3440 δὲ
1854 3361 2079 3464 ε”γνως
2133 3396 2209 3442 τε
2262 3366 2378 3442 καὶ
2434 3362 2885 3464 τεθαύμακας
2939 3367 3063 3442 καὶ

650 3487 779 3565 οὐκ
828 3482 919 3564 ἀν
964 3485 1164 3583 ἴσως,
1203 3488 1415 3592 φησί,
1449 3492 1594 3565 τῶν
1641 3487 1829 3585 ἐμῶν
1874 3486 2509 3592 κατεμαρτύρησας
2559 3488 2823 3592 λόγων,
2862 3495 2922 3569 εἰ
2970 3487 3059 3568 τὸ

649 3613 777 3707 τῆς
813 3610 1067 3689 ἑαυτοῦ
1105 3612 1631 3710 διαμεμνῆσθαι
1670 3614 1918 3717 φωνῆς
1953 3609 2028 3692 ἕν
2064 3646 2147 3714 γε
2184 3615 2289 3720 τῷ
2322 3610 2627 3716 παρόντι
2663 3612 3059 3717 διελογίζου
3090 3637 3169 3696 25

654 3732 909 3832 καλὸν,
966 3740 1122 3819 πῶς
1186 3734 1317 3814 οὐκ
1384 3733 1955 3841 ἀπροφάσιστον
2009 3734 2198 3840 ἔχοις
2259 3734 2391 3835 τὴν
2450 3738 2853 3841 ἀμαρτίαν;
2935 3741 3057 3817 καὶ

647 3865 1100 3961 προσβαλεῖς
1145 3856 1276 3958 μὲν
1312 3862 1614 3940 τοιῶσδε
1665 3867 1814 3945 τοῖς
1864 3861 2304 3963 θεωρήμασι·
2375 3858 2575 3961 πλὴν
2611 3862 2813 3942 ἔστιν
2849 3865 3050 3958 ἰδεῖν,

650 3985 747 4066 ὡς
798 3980 1237 4086 ἀσύγκριτόν
1273 4018 1432 4063 τινα
1481 3988 1600 4063 καὶ
1652 3985 1983 4091 ὑπερφυᾶ
2031 3989 2160 4084 τῆς
2210 3992 2306 4072 εἰς
2356 3986 2577 4091 ἀκρον
2611 3987 3061 4095 ἀνεξικακίας

649 4109 725 4187 ἐν
778 4106 1052 4214 τούτοις
1106 4108 1275 4208 ἡμῖν
1331 4110 1373 4188 5
1429 4106 1689 4211 Σωτὴρ
1752 4106 2199 4217 καταγράφει
2268 4109 2397 4190 τὸν
2451 4110 2700 4209 τύπον,
2758 4116 2875 4192 καί
2928 4115 3060 4211 τῆς

650 4228 992 4312 ἀνωτάτω
1028 4235 1145 4312 καὶ
1182 4234 1620 4340 ὑπερφεροῦς
1656 4233 2090 4337 ἡμερότητος
2122 4233 2256 4334 τὴν
2295 4236 2509 4335 ἰδεάν,
2547 4239 2644 4321 ὦς
2682 4237 2759 4316 ἐν
2794 4235 3058 4321 εἰκόνος
3092 4257 3172 4314 30

721 4352 744 4378 Ι
1183 4365 1217 4382 Α
1347 4360 1365 4385 2
1648 4363 1681 4381 Α
1796 4355 1818 4384 Χ
2034 4357 2052 4383 2
2129 4360 2147 4384 C
2300 4358 2318 4385 Ι
2502 4362 2519 4385 Ε
2650 4358 2672 4388 ἱ
2799 4363 2818 4386 ἱ

582 4375 627 4440 d
651 4356 852 4464 ταξει
914 4367 1256 4462 λαμπρας
1322 4392 1672 4439 ανατυποι
1735 4392 1825 4437 τα
1888 4364 2027 4439 καθ
2112 4393 2387 4443 εαυτον.
2488 4395 2530 4440 ο
2581 4396 2726 4465 γαρ
2782 4363 2883 4441 ενὶ
2939 4364 3060 4442 καὶ

1603 4602 1692 4660 25.
1728 4610 1791 4660 γε
1817 4587 1882 4644 Ε.
1908 4610 1965 4643 τε
1993 4587 2096 4643 Ed.
