3269 5166
191 347 305 391 xx.
341 348 444 415 13,
473 350 576 412 14.
764 331 879 398 IN
938 332 1007 399 S.
1055 329 1571 398 JOANNEM.
1662 329 1853 397 LIB.
1901 331 2064 396 XII.
2479 331 2605 398 118

192 493 458 574 τούτου
513 500 606 600 τῇ
661 499 939 599 γυναικὶ
1001 499 1473 598 σημαίνοντες
1535 494 1818 602 οἰομένῃ
1872 500 2416 594 μετατεθεῖσθαι
2478 491 2607 575 τὸν

197 616 494 721 Κύριον,
533 622 630 704 ὡς
666 623 798 701 οὐκ
828 618 918 702 ἂν
954 622 1263 724 ἠδίκησέ
1288 655 1396 705 τις
1430 619 1515 701 τὸ
1551 618 1760 723 ἅγιον
1795 626 2035 720 σῶμα,
2073 614 2600 723 προσεδρευόν-
2629 626 2677 692 d

191 775 340 822 των
398 739 738 846 ἀγγελων
795 749 912 826 καὶ
977 747 1348 847 δυνάμεων
1405 746 1633 847 ἁγίων
1689 741 1933 854 κύκλῳ
1997 779 2125 824 τον
2182 750 2373 826 θεῖον
2433 777 2607 823 ναον

189 875 712 973 περιεχουσῶν·
784 867 1059 976 ᾔδεσαν
1110 869 1255 974 γὰρ
1299 904 1427 951 τον
1476 869 1655 951 ἴδιον
1711 865 2098 969 δεσπότην.
2178 866 2482 971 ζητήσαι
2534 868 2602 950 δ’

125 1008 162 1066 5
192 989 288 1070 ἄν
337 1024 467 1090 τις,
507 996 628 1073 καὶ
675 995 880 1095 μάλα
933 996 1240 1092 εἰκότως,
1296 991 1415 1072 διὰ
1465 994 1684 1074 ποίαν
1733 991 1966 1073 αἰτίαν
2012 999 2159 1077 τοῖς
2207 992 2339 1092 μὲν
2378 993 2605 1095 ἁγίοις

188 1121 550 1216 μαθηταῖς
613 1116 819 1199 οὖδεν
881 1117 1463 1223 προσελάλησαν
1525 1151 1590 1196 οι
1663 1113 1997 1220 μακάριοι
2062 1116 2386 1219 ἄγγελοι,
2444 1118 2607 1199 οὐδὲ

300 1237 780 1393 νωφθησαν
852 1242 1065 1342 ολως,
1131 1243 1507 1348 φαίνονται
1578 1239 1655 1321 δὲ
1728 1242 1846 1320 καὶ
1919 1249 2443 1343 προσλαλοῦσι
2515 1247 2606 1346 τῇ

189 1365 503 1468 γυναικί.
582 1368 878 1468 ἐροῦμεν
927 1366 1075 1464 οὖν,
1131 1364 1242 1446 ὅτι
1305 1398 1584 1449 σκοπος
1643 1360 1736 1464 ἦν
1793 1367 1898 1472 τῷ
1958 1366 2242 1466 Σωτῆρι
2299 1369 2607 1472 Χριστῷ

189 1497 327 1570 τοῦ
369 1489 537 1570 καθ’
583 1488 836 1571 ἑαυτὸν
869 1489 1271 1593 μυστηρίου
1326 1487 1455 1590 τὴν
1489 1487 2001 1596 πληροφορίαν
2034 1494 2188 1573 ταῖς
2232 1494 2379 1569 τῶν
2415 1491 2600 1592 ἀγα-

85 1652 162 1693 10
187 1611 505 1694 πιόντων
555 1612 771 1695 αὐτὸν
805 1612 1392 1717 ἐγκατασπείραν
1443 1617 1737 1720 ψυχαῖς,
1774 1614 2082 1692 ἐτελεῖτο
2130 1611 2207 1693 δὲ
2262 1610 2605 1720 διάφορος

187 1741 326 1837 τῆς
386 1738 889 1844 πληροφορίας
940 1739 981 1817 ὁ
1028 1735 1317 1841 τρόπος,
1355 1741 1446 1843 τῇ
1500 1741 1647 1818 τῶν
1701 1736 2407 1842 πληροφορουμένων
2462 1736 2605 1844 ἕξει
2627 1771 2665 1817 ο

187 1861 643 1965 προσεοικώς
700 1895 776 1941 τε
837 1864 956 1941 καὶ
1013 1860 1329 1965 πρέπων.
1426 1868 1575 1945 τοῖς
1621 1857 1753 1960 μὲν
1803 1861 1929 1940 ουν
1979 1859 2206 1962 ἁγίοις
2255 1866 2604 1961 μαθηταῖς

192 1985 384 2085 αὐτὴ
433 1992 579 2066 τῶν
618 1983 1067 2090 πραγμάτων
1109 1985 1155 2085 ἡ
1200 1985 1498 2081 ἔκβασις
1555 1991 1646 2090 τῇ
1696 2019 1894 2088 παρα
1945 1992 2101 2069 ταῖς
2158 1985 2374 2071 θείαις
2428 2021 2608 2090 γρα-

191 2115 378 2216 φαῖς
429 2110 666 2191 ἐλπίδι
721 2109 1231 2209 συμβαίνουσα
1283 2107 1468 2213 πρὸς
1521 2109 2030 2216 πληροφορίαν
2075 2108 2608 2217 ἐξήρκεσε,και

90 2263 164 2325 15
192 2236 458 2317 πίστιν
525 2234 805 2314 ἐνετίθει
874 2233 1009 2334 τὴν
1077 2231 1471 2330 ουδαμόθεν
1530 2234 1973 2339 ἀμφίβολον.
2059 2231 2607 2319 πεπιστευκότες

192 2357 348 2463 γὰρ
385 2359 788 2463 ἀνεχώρουν
823 2365 977 2442 ταῖς
1014 2358 1249 2459 ἁγίαις
1283 2363 1625 2465 γραφαῖς,
1668 2359 1787 2437 καὶ
1822 2354 1913 2457 ἦν
1946 2392 2108 2443 πως
2140 2358 2243 2439 ἔτι
2275 2358 2609 2461 περιττὸν

189 2490 349 2569 τοῖς
408 2484 594 2562 οὕτω
649 2483 958 2578 βεβαίαν
994 2482 1243 2590 ἔχουσι
1300 2478 1434 2581 τὴν
1482 2483 1736 2562 πίστιν
1790 2483 1909 2593 καὶ
1957 2481 2043 2562 τὸ
2103 2481 2220 2562 διὰ
2278 2486 2406 2583 τῆς
2463 2491 2608 2563 τῶν

191 2608 431 2711 ἁγίων
475 2607 813 2711 ἀγγέλων
854 2604 1404 2687 ἐκδιδάσκεσθαι
1452 2610 1722 2713 φωνῆς·
1794 2604 2356 2709 ἀναγκαιότατον
2402 2607 2478 2688 δὲ
2522 2607 2608 2690 τὸ

188 2736 450 2838 χρῆμα
498 2732 589 2837 τῇ
638 2735 939 2833 γυναικὶ,
977 2730 1109 2832 τὴν
1169 2729 1363 2834 ἱεράν
1422 2764 1499 2810 τε
1556 2734 1674 2811 καὶ
1732 2730 1929 2811 θείαν
1984 2732 2110 2811 οὐκ
2167 2732 2608 2840 ἐπισταμένῃ

88 2897 164 2938 20
187 2852 521 2961 γραφὴν,
585 2857 747 2935 οὔτε
805 2854 949 2954 μὴν
1007 2855 1183 2935 καθ’
1242 2854 1483 2958 ἕτερόν
1536 2888 1697 2935 τινα
1754 2853 2026 2959 τρόπον
2086 2851 2170 2934 τὸ
2230 2855 2425 2951 βαθὺ
2482 2860 2611 2956 τῆς

187 2976 674 3063 ἀναστάσεως
728 2980 949 3088 εἶδυίᾳ
1003 2977 1425 3082 μυστήριον.

185 3222 379 3297 ΛὲΓει
426 3215 652 3286 αὐτοῖς
684 3218 840 3286 Ὀτι
886 3220 1056 3311 ἦραν
1091 3222 1205 3288 τὸν
1248 3219 1480 3312 Κύριόν
1518 3243 1663 3303 μου,
1702 3221 1808 3286 καὶ
1853 3221 1972 3286 οὐκ
2009 3213 2155 3287 οἴδα
2192 3227 2318 3287 ποῦ
2363 3148 2943 3289 ἔθηκανὸΙΟΒΒΔ.

298 3347 526 3414 αὐτόν.
594 3352 800 3413 ταῦτα
850 3342 1125 3413 εἰποῦσα
1173 3347 1472 3439 ἐστράφη
1522 3344 1617 3415 εἰς
1669 3346 1749 3414 τὰ
1799 3346 2030 3430 ὀπίσω,
2068 3346 2174 3413 καὶ
2213 3346 2451 3439 θεωρεῖ
2495 3348 2609 3417 τὸν
2641 3369 2713 3428 14

287 3473 554 3540 Ἰησοῦν
591 3470 870 3555 ἑστῶτα,
909 3472 1017 3539 καὶ
1053 3473 1171 3539 οὐκ
1211 3473 1355 3565 ᾔδει
1391 3476 1490 3539 ὅτι
1518 3473 1775 3540 Ἰησοῦς
1812 3475 1974 3541 ἔστι.

87 3688 162 3749 25
309 3648 628 3745 Βραδεῖα
670 3645 805 3743 μέν
839 3680 993 3730 πως
1039 3649 1135 3730 εἶς
1182 3646 1484 3727 σύνεσιν
1528 3645 1573 3745 ἦ
1612 3643 1821 3748 γυνὴ,
1855 3652 2146 3746 μᾶλλον
2181 3645 2261 3727 δὲ
2310 3645 2614 3749 σύμπαν

187 3767 281 3850 τὸ
318 3774 633 3867 θηλειῶν
666 3768 892 3871 γένος.
967 3768 1311 3869 μανθάνει
1364 3769 1509 3874 γὰρ
1566 3772 1766 3851 οὔπω
1822 3769 1907 3850 τὸ
1963 3773 2040 3851 ἐκ
2087 3774 2216 3871 τῆς
2252 3773 2611 3859 ὀπτασίας

191 3893 816 3993 ὑποδηλούμενον,
885 3892 1340 3997 ἁπαγγελλει
1401 3896 1470 3974 δ’
1531 3895 1659 3974 ουν
1716 3928 1906 3993 ομως
1968 3902 2095 3974 τοῦ
2154 3894 2419 3999 θρήνου
2476 3895 2608 3998 τὴν
2629 3910 2674 3975 b

185 4015 603 4123 πρόφασιν.
679 4015 918 4118 ἐπειδὴ
988 4017 1065 4099 δὲ
1128 4022 1356 4128 Κύριον
1422 4015 1871 4122 ὀνομάζουσα
1942 4017 2072 4099 τὸν
2133 4020 2465 4124 Χριστὸν
2524 4024 2608 4103 οὐ

185 4139 621 4248 κατέληξεν,
660 4142 960 4222 ἐδείκνυε
1001 4138 1076 4221 δε
1112 4176 1230 4221 και
1268 4141 1385 4222 διὰ
1435 4142 1693 4223 τούτου
1740 4140 1875 4244 τὴν
1909 4147 2008 4228 εἰς
2056 4141 2275 4225 αὐτον
2311 4143 2600 4249 ἀγάπη-

79 4305 161 4363 30
187 4300 343 4364 σιν,
381 4263 710 4369 ευλόγως
762 4264 900 4365 ἤδη
953 4266 1072 4346 καὶ
1116 4267 1331 4366 αὐτῆς
1376 4270 1505 4367 τῆς
1559 4272 1706 4346 τῶν
1751 4265 2213 4366 ποθουμένων
2261 4270 2608 4351 ἀπολαύει

875 4390 904 4419 Χ

186 4389 384 4476 θέας.
463 4392 606 4498 ὁρᾷ
650 4423 798 4493 γαρ
842 4427 944 4471 τον
982 4392 1248 4488 Ἰησοῦν,
1287 4395 1346 4470 εἰ
1383 4397 1500 4472 καὶ
1538 4392 1737 4472 οὔπω
1775 4389 2101 4495 παρόντα
2137 4398 2300 4491 νοεῖ,
2339 4426 2456 4472 και
2493 4391 2611 4474 διὰ

561 4607 652 4662 14.
687 4589 974 4667 ἆξῆριωυσε
1000 4590 1126 4665 (sic)
1153 4591 1221 4650 E.
1752 4606 1840 4667 27.
1875 4593 2169 4669 ἇπσγγόλει
2185 4593 2255 4651 Ε.

279 4696 426 4743 τοι..
459 4695 571 4741 111.
1428 4692 1475 4754 q
