3269 5166
590 350 679 412 70
1196 347 1277 413 Β.
1325 346 1747 413 CYRILLI
1809 347 2400 415 ALEXANDR.
2729 353 2864 415 xix.
2901 371 3027 415 10.

588 511 951 620 ἀφορμὴν,
990 517 1088 596 εἰς
1142 512 1318 592 αὐτὸ
1367 516 1826 592 διεπταῖσθαι
1875 514 2210 614 λε’γοντες
2259 513 2346 593 τὸ
2399 519 2593 594 θεῖον
2626 513 2714 595 τὸ
2763 518 3020 621 ἐγχεί-

588 672 787 741 ρημα
834 643 939 745 τῷ
975 642 1308 745 Χριστῷ·
1369 638 1411 716 5
1444 636 1521 717 δὲ
1556 634 1691 736 τὴν
1725 644 1857 717 τοῦ
1889 637 2313 741 πράγματος
2359 638 2745 745 ὑπεροχὴν,
2785 641 3023 719 εὐλα-

588 763 793 857 βείας
842 768 1145 842 ποιεῖται
1193 760 1644 863 προσθήκην,
1682 765 1800 840 καὶ
1851 762 2386 867 φορτικωτέραν
2430 762 2708 868 δέχεται
2757 760 2896 861 τὴν
2933 766 3029 844 ἐκ

593 894 724 967 τοῦ
796 888 1125 984 δείματος
1192 883 1519 985 ἀπειλὴν,
1582 883 1886 988 ἀκριβής
1948 919 2027 964 τε
2097 888 2371 986 γίνεται
2438 890 2604 989 περὶ
2675 886 2896 966 αὐτὸν
2967 885 3025 986 ἢ

257 1034 516 1095 ιοῦοΔ.
534 1049 573 1090 ο,
593 1010 946 1114 πρότερον
998 1009 1111 1111 ἦν,
1161 1012 1278 1090 καὶ
1335 1015 1822 1115 φιλοπευστεῖ
1867 1009 2324 1113 λεπτότερον,
2379 1013 2487 1095 τίς
2544 1011 2633 1110 δὴ
2690 1009 2832 1113 ἄρα
2887 1014 3022 1091 καὶ
3055 1036 3096 1093 5

594 1133 787 1216 πόθεν
843 1136 1065 1232 ἐστὶν,
1127 1135 1256 1213 οὐκ
1319 1131 1760 1233 ἀπιστήσας,
1820 1131 1917 1216 ὥς
1976 1167 2060 1236 γε
2116 1169 2239 1233 μοι
2306 1136 2658 1240 φαίνεται,
2717 1135 2827 1216 ὅτι
2888 1140 3028 1216 καὶ

594 1258 971 1362 ἅνθρωπος
1023 1259 1145 1356 ὧν,
1180 1255 1331 1342 υἱὸς
1385 1253 1557 1337 εἶναι
1618 1257 1915 1337 δύναται
1966 1263 2184 1338 Θεοῦ.
2266 1258 2546 1363 δέχεται
2598 1258 2828 1362 γεμὴν
2873 1260 3026 1359 τὴν

594 1385 711 1463 ἐπὶ
752 1382 982 1491 τούτῳ
1028 1381 1381 1487 διάληψίν
1417 1414 1496 1460 τε
1546 1382 1666 1460 καὶ
1712 1382 1986 1480 πίστιν,
2024 1383 2154 1460 οὐκ
2205 1384 2283 1461 ἐκ
2336 1388 2484 1461 τῶν
2521 1387 2728 1485 ἱερῶν
2763 1417 3017 1485 γραμ-

594 1505 864 1606 μάτων,
900 1508 1071 1587 ἀλλ’
1111 1509 1189 1585 ἐκ
1233 1502 1519 1603 πλάνης
1549 1506 2019 1604 Ἑλληνικῆς·
2079 1505 2409 1603 ἡμιθέους
2460 1505 2607 1610 γάρ
2656 1510 2775 1586 καὶ
2825 1513 3024 1586 θεῶν

597 1640 912 1712 καλοῦσι
966 1636 1228 1714 παῖδας
1283 1633 1349 1707 οἰ
1396 1630 1564 1732 παρ’
1601 1625 1940 1727 Ἕλλησι
1986 1634 2203 1726 μῦθοι
2250 1631 2597 1715 πολλούς.
2663 1631 3022 1730 Ῥωμαῖοι
3059 1677 3132 1715 ιο

596 1754 674 1835 δὲ
727 1754 956 1836 πάλιν
1010 1749 1747 1856 δεισιδαιμονέστερόν
1801 1788 1955 1836 πως
2016 1750 2109 1831 τὰ
2163 1762 2457 1834 τοιαῦτα
2513 1759 2843 1857 δρῶντες,
2901 1758 3019 1835 ἀεὶ

595 1879 729 1980 τὴν
786 1878 983 1959 θείαν
1030 1877 1434 1976 ἐπωνυμίαν
1488 1883 1636 1962 τοῖς
1689 1875 2271 1981 ἐπιφανεστέρας
2326 1884 2474 1958 τῶν
2525 1879 2721 1959 ἰδίων
2769 1882 3020 1984 ἐχαρί-

597 2002 801 2108 ζοντο
838 2001 1235 2097 βασιλέων·
1297 2001 1590 2100 βωμοὺς
1626 2000 1701 2080 δὲ
1739 2001 2089 2099 ἱστάντες,
2128 2003 2244 2080 καὶ
2279 2001 2535 2103 τεμένη
2572 2001 3012 2102 δειμάμενοι,

529 2139 574 2206 b
597 2124 923 2210 πολλοὺς
971 2123 1522 2226 ἀνεστήλωσαν.
1600 2123 2129 2228 περιεργάζεται
2177 2134 2558 2230 τοιγαροῦν
2602 2128 2643 2205 5
2681 2125 3020 2213 Πιλάτος

597 2249 1019 2354 πικρότερόν
1060 2284 1137 2330 τε
1188 2253 1305 2330 καὶ
1356 2249 1869 2352 ἀκριβέστερον
1904 2248 2089 2351 ἤπερ
2136 2252 2213 2328 ἐν
2257 2252 2532 2356 ἀρχαῖς,
2570 2251 2676 2334 τίς
2728 2250 2818 2352 δὴ
2867 2253 3016 2354 ἄρα
3052 2286 3127 2345 15

600 2377 719 2456 καὶ
753 2373 945 2457 πόθεν
981 2377 1182 2455 ἐστὶν
1218 2376 1259 2454 5
1293 2372 1645 2477 Χριστός.
1725 2373 1766 2451 5
1817 2370 1913 2470 δὲ,
1953 2376 2208 2479 φησὶν,
2245 2376 2373 2455 οὐκ
2409 2373 2756 2477 ἀπεκρίθη
2809 2379 3011 2484 αὐτῷ

600 2497 850 2604 λόγον,
899 2506 1047 2581 τῶν
1093 2500 1309 2598 ἰδίων,
1353 2495 1539 2577 κατά
1591 2531 1678 2601 γε
1732 2499 1817 2576 τὸ
1875 2494 2076 2596 εἰκὸς,
2122 2501 2583 2599 ἐπιμνησθεὶς
2635 2499 3008 2604 ῥημάτων.

599 2624 675 2705 τί
702 2622 847 2728 γὰρ
882 2625 1023 2730 ἔφη
1059 2622 1241 2729 πρὸς
1278 2619 1539 2718 ain-5113
1606 2632 1650 2669 ‘⁴
1681 2627 1841 2705 Πᾶς
1892 2622 1933 2700 5
1978 2620 2079 2700 ὧν
2115 2625 2194 2703 ἐκ
2229 2627 2356 2722 τῆς
2392 2622 2735 2723 ἀληθείας
2770 2625 3016 2704 ἀκούει

601 2759 645 2796 “
679 2784 820 2849 μου
873 2753 1000 2849 τῆς
1044 2747 1359 2856 φωνῆς.”
1417 2745 1948 2848 εἰδωλολάτρης
1997 2745 2073 2825 δὲ
2124 2745 2225 2825 ὧν
2261 2747 2302 2825 5
2342 2745 2690 2847 Πιλάτος,
2724 2757 2880 2833 πῶς
2921 2749 3016 2830 ἀν

601 2873 954 2975 ἐπήκουσε
1018 2877 1147 2972 τῆς
1209 2880 1338 2952 τοῦ
1403 2874 1739 2971 Σωτῆρος
1814 2874 2083 2976 φωνῆς,
2148 2869 2493 2969 ἀλήθειάν
2555 2906 2635 2951 τε
2698 2875 2817 2952 καὶ
2879 2878 3013 2971 τῆς
3051 2919 3133 2959 20

602 2998 940 3096 ἀληθείας
974 2996 1224 3078 τέκνον
1260 2993 1512 3078 ἑαυτὸν
1545 2990 1722 3074 εἷναι
1758 2995 2174 3099 φάσκοντος
2202 3028 2225 3092 ;
2287 2991 2335 3095 ἢ
2378 2999 2535 3080 πῶς
2572 2994 2660 3074 ἂν
2694 2996 2887 3082 ὅλως
2927 2998 3014 3078 τὸ

541 3148 579 3193 0
599 3126 728 3221 τῆς
791 3121 1128 3222 ἀληθείας
1203 3119 1431 3220 ὄνομα
1491 3116 1935 3225 παρεδέξατο
1999 3121 2114 3197 καὶ
2187 3117 2578 3218 τετίμηκεν,
2644 3121 2685 3199 5
2753 3122 2872 3200 καὶ
2938 3125 3018 3201 ἐν

627 3249 644 3272 0
793 3254 827 3271 Α
977 3247 994 3271 2
1048 3244 1071 3270 S
1381 3245 1400 3271 Ι
1684 3245 1707 3272 N
1801 3248 1817 3270 9
1894 3239 1916 3268 ἱ
2019 3253 2065 3288 66
2176 3244 2196 3271 Ι
2252 3244 2269 3268 2
2495 3244 2514 3269 9
2593 3241 2615 3270 l
2813 3245 2855 3272 θ’
2987 3247 3008 3274 ἱ

602 3281 854 3352 αρχαις
911 3280 1084 3324 αυτο
1141 3248 1542 3329 διαπτυσας
1593 3278 1711 3322 και
1762 3275 1981 3322 ειπων
2091 3247 2189 3322 Τι
2232 3276 2436 3323 εστιν
2471 3249 2807 3343 αληθεια,
2895 3251 3017 3325 δια

602 3370 686 3449 τὸ
724 3376 871 3452 τοῖς
906 3369 1402 3474 ψευδωνύμως
1441 3367 1542 3446 ἔτι
1592 3366 1966 3470 λατρεύειν
2000 3372 2186 3451 θεοῖς
2233 3367 2352 3445 καὶ
2399 3373 2504 3474 τῷ
2551 3373 2680 3468 τῆς
2729 3369 3017 3472 ἀπάτης

599 3496 1057 3598 ἐγκεχῶσθαι
1099 3488 1347 3598 σκότῳ
1374 3524 1397 3589 ;
3052 3522 3130 3580 25

506 3785 578 3828 ιο
619 3769 800 3843 ΛέΓει
865 3765 979 3834 οὖν
1034 3768 1216 3854 αὐτῷ
1277 3769 1315 3834 ὁ
1376 3769 1658 3834 Πιλάτου
1711 3766 1901 3844 Ἐμοὶ
1966 3767 2041 3832 οὐ
2106 3766 2374 3850 λαλεῖες
2444 3769 2563 3834 οὐκ
2632 3763 2820 3836 οἶδας
2886 3774 2992 3838 ὅτι

681 3892 983 3962 ἐξουσίαν
1019 3894 1155 3982 ἔχω
1200 3893 1575 3982 σταυρῶσαί
1622 3916 1715 3974 σε,
1755 3892 1862 3958 καὶ
1906 3893 2207 3962 ἐξουσίαν
2245 3894 2379 3982 ἔχω
2424 3886 2755 3962 &vomant
2806 3921 2880 3964 σε
2904 3929 2922 3979 3

708 4064 968 4167 Ὠιήθη
1015 4068 1055 4146 5
1094 4063 1419 4151 Πιλάτος
1469 4067 1809 4150 ἀπονοίας
1860 4066 2073 4170 ἔργον
2109 4064 2284 4147 εἶναι
2332 4065 2466 4167 τὴν
2501 4069 2811 4168 σιωπήν.
2897 4071 3023 4150 διὰ

598 4198 810 4271 τοῦτο
871 4190 1005 4291 τὴν
1068 4193 1146 4271 ἐκ
1209 4195 1337 4292 τῆς
1401 4192 1629 4296 ἀρχῆς
1689 4190 2050 4297 ἐξουσίαν,
2113 4190 2438 4295 καθάπερ
2504 4191 2667 4273 τινὰ
2730 4190 3020 4297 ῥάβδον

672 4474 720 4511 1.
757 4455 824 4511 λε’
856 4478 1000 4513 οντες
1023 4464 1077 4511 et
1099 4464 1225 4510 ante
1249 4462 1303 4509 et
1326 4463 1450 4525 post
1473 4455 1533 4509 τὸ
1559 4454 1701 4508 θεῖον
1724 4453 1940 4508 exhibet
1966 4453 2033 4509 E.
2212 4472 2265 4522 4.
2304 4452 2515 4524 ἀκριβές
2541 4452 2606 4507 Ε.
2749 4452 2846 4506 6.
2884 4453 3018 4508 ἀπε-

594 4526 796 4597 στήσας
820 4479 1524 4583 ἒ.11.πάλιν
1546 4525 1614 4580 Ε.
1638 4527 1844 4596 μᾶλλον
1869 4524 1973 4582 Ed.
2324 4542 2411 4592 24.
2447 4528 2539 4595 τῆς
2561 4522 2916 4595 ψευδωνύμου
2943 4525 3014 4582 Ε.

596 4598 683 4654 26.
720 4598 814 4654 ουν
836 4606 1179 4670 assumptum
1204 4613 1272 4651 ex
1299 4594 1366 4651 E.
