3269 5166
296 2750 405 2802 σοι.
423 2750 476 2802 a.
493 2764 542 2816 9.

643 341 775 408 424
976 342 1056 407 Β.
1103 341 1481 408 CYRILLI
1539 342 2072 409 ALEXANDR.
2134 342 2704 409 FRAGMENTA

1056 579 1254 629 Rursus
1275 548 1617 644 interpretans
1634 578 1898 644 epistolam
1919 578 1988 628 ad
2007 578 2272 629 Hebraeos
2291 578 2414 628 diat
2434 578 2563 627 libro
2585 578 2638 628 ii.

729 711 896 775 Cum
960 709 1306 775 dixerimus
1369 710 1518 795 quia
1577 711 1864 775 Verbum
1931 710 2091 774 Caro
2152 709 2394 773 factum
2458 715 2575 788 est,
2635 709 2814 773 carni
2880 730 3051 773 com-

641 812 995 878 municavit
1050 815 1393 878 secundum
1443 813 1921 878 subsistentiam
1966 811 2392 890 ineffabiliter,
2441 817 2507 877 et
2559 812 2877 897 quomodo
2934 835 3049 877 nec

639 916 919 1001 intelligi
964 921 1210 1001 potest:
1274 921 1431 981 tunc
1473 915 1712 980 etenim
1753 920 1910 980 tunc
1953 921 2020 979 et
2062 914 2549 1000 uniuscuiusque
2600 915 3051 979 subsistentiae

638 1040 904 1103 persona
943 1019 1271 1084 intellectu
1314 1024 1604 1104 suscepta
1640 1018 1832 1083 simul
1861 1018 2179 1083 concurrit
2211 1020 2460 1083 naturis
2497 1018 2578 1083 ad
2616 1019 2957 1084 unitatem.
3078 1026 3113 1085 5

1274 1232 1375 1293 Qui
1397 1238 1572 1297 postea
1593 1233 1646 1281 in
1674 1231 1854 1281 eodem
1877 1247 2029 1296 opere
2049 1231 2180 1281 libro
2201 1236 2399 1295 quarto.

717 1367 893 1451 Ergo
953 1366 1209 1451 (inquit)
1269 1365 1551 1431 refloruit
1608 1373 1675 1430 et
1725 1367 1904 1430 velut
1961 1370 2217 1429 renatus
2276 1370 2395 1444 est,
2455 1366 2633 1450 quasi
2692 1390 2772 1431 ex
2834 1367 3046 1432 radice

633 1468 905 1535 secunda
954 1470 1241 1533 omnium
1291 1474 1578 1532 nostrum
1620 1467 1952 1533 salvatoris
1998 1468 2262 1544 Christi,
2315 1468 2523 1544 hom0,
2575 1468 2656 1532 ad
2708 1469 3044 1554 incorrup-

632 1571 874 1638 tionem
903 1579 969 1636 et
997 1572 1402 1657 antiquarum
1431 1593 1792 1636 caussarum
1820 1571 2125 1635 virtutem
2154 1592 2267 1656 per
2295 1571 2503 1636 secula
2531 1593 2596 1635 se
2624 1571 2810 1635 vicit.

1116 1785 1359 1850 Ejusdem
1381 1801 1445 1834 ex
1467 1786 1883 1851 interpretatione
1905 1785 2164 1850 Epistolae
2185 1785 2251 1834 ad
2274 1784 2547 1835 Hebraeos.
3076 1817 3148 1859 10

722 1920 849 1984 Sed
890 1941 1020 1983 non
1069 1919 1141 1983 in
1188 1919 1369 1983 nobis
1413 1918 1796 1983 mortificata
1847 1917 1951 1982 lex
1999 1916 2242 2001 peccati
2289 1916 2532 1995 fuisset,
2580 1916 2686 1981 sed
2732 1940 2852 1983 nec
2905 1919 3046 2003 ipsa

631 2021 875 2088 cunctis
933 2021 1362 2086 inimicissima
1425 2042 1594 2084 mors
1652 2020 1972 2084 destructa
2027 2019 2272 2098 fuisset,
2332 2018 2457 2083 nisi
2513 2019 2754 2084 factum
2815 2021 3043 2087 fuisset

631 2144 777 2188 vere
811 2120 1137 2206 proprium
1173 2119 1374 2184 Verbi
1411 2119 1497 2198 id,
1529 2120 1595 2183 in
1634 2141 1760 2204 quo
1805 2119 1965 2184 illud
2006 2140 2118 2203 per
2162 2119 2319 2203 Ejus
2367 2118 2671 2183 virtutem
2716 2121 3044 2204 propriam

633 2219 1072 2284 damnabatur.
1151 2217 1306 2282 Non
1349 2217 1518 2281 enim
1558 2215 1912 2282 communis
1957 2216 2232 2281 hominis
2260 2222 2327 2282 et
2363 2218 2496 2301 ejus
2535 2217 2645 2302 qui
2690 2219 3040 2283 secundum

632 2345 747 2388 nos
796 2321 1205 2407 intelligitur,
1250 2327 1385 2386 erat
1442 2342 1623 2404 posse
1668 2320 1986 2384 destruere
2044 2320 2268 2384 mortis
2318 2320 2688 2404 imperium:
2748 2323 3038 2386 destruc·
3074 2344 3096 2383 1
3109 2341 3146 2399 5

632 2430 777 2490 tum
803 2448 951 2491 vero
996 2431 1093 2489 est
1127 2423 1194 2488 id
1222 2445 1333 2508 per
1363 2423 1713 2487 Christum.
1799 2423 1922 2486 Est
1964 2422 2168 2507 igitur
2210 2422 2280 2486 in
2324 2421 2603 2487 confesso
2647 2425 2818 2507 quod
2865 2431 3039 2491 certe

632 2530 979 2594 secundum
1036 2549 1152 2593 nos
1198 2526 1390 2592 fuerit
1438 2525 1715 2592 multum
1766 2525 1959 2592 Deus.
2049 2525 2225 2610 Ergo
2282 2524 2430 2606 fuit,
2477 2527 2778 2611 quoniam
2823 2527 3039 2609 homo,

634 2633 912 2695 multum
958 2632 1141 2696 valde
1191 2630 1359 2695 ultra
1394 2623 1539 2708 nos,
1592 2635 1670 2693 ut
1720 2629 1914 2694 Deus.
2026 2629 2117 2692 Et
2174 2628 2487 2714 templum
2536 2637 2673 2695 erat
2722 2638 3038 2710 sanctum,

635 2734 803 2820 quod
828 2734 1288 2819 plenitudinem
1318 2733 1695 2799 Divinitatis
1730 2732 1991 2816 accepit.
2080 2731 2512 2797 Veruntamen
2541 2756 2653 2817 per
2681 2734 3040 2800 unitionem

634 2837 1126 2922 dispensativam
1168 2858 1334 2900 unus
1378 2859 1508 2901 esse
1552 2835 1832 2900 creditur
1870 2833 1950 2898 ad
1980 2835 2167 2913 Eum,
2204 2835 2311 2919 qui
2351 2835 2736 2900 inhabitavit
2774 2843 2842 2901 et
2881 2839 3041 2903 dici·
3067 2859 3143 2899 20

633 2946 765 3006 tur.
856 2940 1039 3004 Sicut
1082 2938 1252 3004 enim
1296 2943 1393 3003 est
1435 2938 1504 3002 in
1548 2938 1730 3002 nobis
1761 2937 2038 3023 Spiritus
2070 2937 2358 3016 SanctuS,
2391 2938 2726 3003 ostendens
2771 2963 2892 3005 nos
2935 2941 3041 3006 vel

633 3044 905 3109 efficiens
947 3042 1260 3127 templum
1303 3042 1447 3120 Dei,
1483 3042 1674 3126 juxta
1717 3042 1988 3106 eundem
2036 3041 2293 3105 modum
2344 3047 2411 3105 et
2460 3042 2527 3105 in
2580 3042 2714 3126 ipso
2763 3043 3042 3108 dicimus

636 3148 893 3212 Christo
928 3146 1241 3211 habitasse
1285 3144 1538 3231 quidem
1579 3147 1648 3209 in
1694 3167 1878 3210 earne
1912 3151 1990 3209 ut
2025 3144 2094 3209 in
2128 3144 2364 3228 templo
2408 3143 2592 3209 illum
2621 3144 2744 3208 Dei
2780 3147 3040 3210 Sermo-

632 3272 819 3315 nem:
866 3249 1283 3315 sanctificasse
1312 3271 1457 3314 vero
1499 3271 1641 3313 eam
1682 3253 1760 3313 ut
1790 3248 2275 3313 inhabitantem.
2366 3246 2655 3313 Dicimus
2695 3270 2844 3313 vero
2885 3251 3042 3333 quia

635 3352 789 3418 licet
845 3352 1077 3417 dicitur
1133 3352 1468 3437 templum,
1528 3352 1638 3417 sed
1695 3357 1912 3416 tamen
1970 3351 2293 3436 proprium
2337 3351 2496 3436 Ejus
2551 3356 2690 3416 erat
2747 3353 2814 3416 id
2868 3353 3042 3436 quod
3068 3375 3102 3413 z
3109 3369 3151 3430 5

635 3461 1030 3541 assumptum
1068 3460 1183 3535 est,
1212 3461 1289 3520 ut
1327 3477 1525 3519 unum
1567 3461 1893 3539 reputetur
1934 3455 2016 3519 ad
2045 3456 2251 3519 Eum:
2313 3478 2443 3521 non
2486 3455 2633 3540 quia
2676 3458 2912 3521 transit
2953 3460 3042 3523 ad

636 3551 916 3624 Deitatis
955 3559 1296 3639 Naturam,
1340 3558 1451 3623 sed
1492 3557 1702 3643 potius
1745 3557 2261 3643 compositionem
2302 3558 2467 3623 circa
2507 3558 2863 3625 unitionem
2906 3561 3042 3626 dis-

632 3662 1045 3748 pensativam.
1137 3662 1311 3726 Deus
1339 3684 1611 3748 namque
1641 3667 1775 3727 erat
1802 3662 1870 3726 in
1900 3683 2082 3728 carne
2110 3667 2366 3747 propter
2396 3684 2528 3726 nos.

710 3880 758 3920 1.
796 3863 947 3919 Haec
985 3862 1093 3918 duo
1129 3864 1253 3918 citat
1291 3863 1575 3919 Facundus
1615 3863 2020 3918 Hei-misnensis
2094 3881 2155 3918 ro
2193 3862 2316 3918 Des.
2341 3863 2415 3919 iii.
2456 3862 2709 3934 capitum
2745 3866 2844 3921 lib.
2867 3866 2942 3921 xi.
2983 3865 3042 3938 [e

633 3934 778 3991 Bibl.
799 3933 921 3989 vet.
947 3934 1090 3989 Patr.
1117 3934 1189 3988 xi.
1217 3948 1338 4004 792,
1364 3933 1448 3988 ed.
1477 3933 1725 3989 Galland.
1742 3934 1881 3989 Ven.
1902 3882 2093 4005 17883
2216 3939 2253 3964 ‘⁸
2276 3933 2439 3988 Libro
2464 3935 2619 3989 tertio
2635 3935 2673 3960 ”
2701 3934 2841 3991 cod.
2862 3937 3042 3993 Vero-

630 4006 815 4061 nensis
841 4004 1074 4075 Capituli
1100 4004 1344 4060 Galland.
1370 4005 1461 4059 cit.
2064 4021 2117 4073 9.
2155 4021 2213 4058 se
2238 4002 2390 4075 vicit]
2417 4004 2778 4074 legendumne
2801 4009 2998 4062 revixit
3018 4012 3042 4061 ἓ

637 4092 719 4131 10.
758 4094 787 4130 e
812 4073 1079 4147 Synodico
1111 4092 1226 4146 cap.
1255 4076 1376 4138 218,
1415 4075 1571 4145 Lupo
1606 4073 1925 4145 transcripto
1962 4082 2086 4128 ante
2124 4082 2349 4128 mortem
2393 4074 2520 4128 1681
2562 4083 2617 4128 et
2644 4086 2771 4145 post
2807 4087 3042 4133 mortem

630 4146 775 4201 edito
810 4145 948 4200 inter
981 4163 1143 4216 opera
1180 4162 1278 4199 sua
1312 4147 1403 4202 vii.
1439 4160 1544 4218 379
1582 4144 1668 4200 ed.
1694 4143 1832 4199 Ven.
1857 4145 2024 4215 17263
2076 4143 2283 4198 Baluzii
2317 4145 2662 4199 conciliorum
2698 4155 2833 4201 tom.
2873 4149 3041 4212 unic„

633 4217 736 4271 col.
800 4216 866 4270 28
892 4216 1014 4271 Par.
1040 4216 1139 4270 168
1530 4232 1613 4283 14.
1657 4215 2001 4270 damnabatur
2026 4214 2215 4285 Lupus
2239 4214 2569 4269 damnabitur
2657 4216 2724 4270 eli
2749 4218 2952 4273 mendo
2978 4229 3045 4274 ut

632 4285 741 4342 vid.
870 4305 954 4343 uz.
979 4286 1122 4343 unde
1141 4232 1347 4343 {innah
1569 4285 1758 4342 16-18.
1794 4286 1895 4342 Est
1918 4286 2215 4357 igitur-ut
2239 4284 2417 4358 Deus]
2444 4285 2582 4341 subo
2621 4305 2784 4343 scura
2807 4288 2959 4345 haec.
