<?xml version="1.0" encoding="UTF-8"?>
<!DOCTYPE html PUBLIC "-//W3C//DTD XHTML 1.0 Transitional//EN"
    "http://www.w3.org/TR/xhtml1/DTD/xhtml1-transitional.dtd">
<html xmlns="http://www.w3.org/1999/xhtml" xml:lang="en" lang="en">
 <head>
  <title>
</title>
<meta http-equiv="Content-Type" content="text/html;charset=utf-8" />
  <meta name='ocr-system' content='tesseract 3.04.00' />
  <meta name='ocr-capabilities' content='ocr_page ocr_carea ocr_par ocr_line ocrx_word'/>
</head>
<body>
  <div class='ocr_page' id='page_1' title='image "./indjoannisevang00pusegoog_0409.png"; bbox 0 0 3269 5166; ppageno 0'>
   <div class='ocr_carea' id='block_1_1' title="bbox 202 378 2917 647">
    <p class='ocr_par' dir='ltr' id='par_1_1' title="bbox 202 378 2917 647">
     <span class='ocr_line' id='line_1_1' title="bbox 203 378 2597 464; baseline -0.001 -21"><span class='ocrx_word' id='word_1_1' title='bbox 203 379 392 460; x_wconf 56' lang='lat'>51:17</span> <span class='ocrx_word' id='word_1_2' title='bbox 418 402 553 464; x_wconf 73' lang='lat' dir='ltr'><strong>sqq.</strong></span> <span class='ocrx_word' id='word_1_3' title='bbox 698 378 805 442; x_wconf 85' lang='lat' dir='ltr'>IN</span> <span class='ocrx_word' id='word_1_4' title='bbox 852 379 1374 444; x_wconf 78' lang='lat' dir='ltr'><strong>EPISTOLAM</strong></span> <span class='ocrx_word' id='word_1_5' title='bbox 1426 379 1554 443; x_wconf 87' lang='lat' dir='ltr'>AD</span> <span class='ocrx_word' id='word_1_6' title='bbox 1610 379 2115 443; x_wconf 80' lang='lat' dir='ltr'><strong>HEBRAEOS.</strong></span> <span class='ocrx_word' id='word_1_7' title='bbox 2419 427 2428 432; x_wconf 91' lang='lat'><strong>.</strong></span> <span class='ocrx_word' id='word_1_8' title='bbox 2470 378 2597 442; x_wconf 83' lang='lat'>395</span> 
     </span>
     <span class='ocr_line' id='line_1_2' title="bbox 202 476 2917 647; baseline -0.001 -23"><span class='ocrx_word' id='word_1_9' title='bbox 202 544 573 627; x_wconf 83' lang='grc' dir='ltr'>οὐσιωδῶς</span> <span class='ocrx_word' id='word_1_10' title='bbox 623 546 664 624; x_wconf 95' lang='lat'><em>5</em></span> <span class='ocrx_word' id='word_1_11' title='bbox 717 544 1137 646; x_wconf 80' lang='grc' dir='ltr'>Μονογενὴς</span> <span class='ocrx_word' id='word_1_12' title='bbox 1189 553 1318 624; x_wconf 87' lang='grc' dir='ltr'>τοῦ</span> <span class='ocrx_word' id='word_1_13' title='bbox 1356 551 1548 626; x_wconf 81' lang='grc' dir='ltr'>Θεοῦ</span> <span class='ocrx_word' id='word_1_14' title='bbox 1586 541 1827 647; x_wconf 87' lang='grc' dir='ltr'>Λόγος</span> <span class='ocrx_word' id='word_1_15' title='bbox 1881 545 2160 645; x_wconf 80' lang='grc' dir='ltr'>ἥνωσεν</span> <span class='ocrx_word' id='word_1_16' title='bbox 2209 542 2462 624; x_wconf 82' lang='grc' dir='ltr'>ἑαυτὸν</span> <span class='ocrx_word' id='word_1_17' title='bbox 2510 547 2601 647; x_wconf 85' lang='grc' dir='ltr'>τῇ</span> <span class='ocrx_word' id='word_1_18' title='bbox 2635 477 2771 541; x_wconf 54' lang='lat'><em>[¹¹4</em></span> <span class='ocrx_word' id='word_1_19' title='bbox 2797 478 2872 526; x_wconf 84' lang='lat' dir='ltr'>M</span> <span class='ocrx_word' id='word_1_20' title='bbox 2893 476 2917 539; x_wconf 88' lang='lat'>]</span> 
     </span>
    </p>
   </div>
   <div class='ocr_carea' id='block_1_2' title="bbox 123 668 2836 2622">
    <p class='ocr_par' dir='ltr' id='par_1_2' title="bbox 201 668 2604 1023">
     <span class='ocr_line' id='line_1_3' title="bbox 201 668 2604 775; baseline -0.001 -28"><span class='ocrx_word' id='word_1_21' title='bbox 201 669 418 772; x_wconf 80' lang='grc' dir='ltr'>γηΐνῃ</span> <span class='ocrx_word' id='word_1_22' title='bbox 481 671 599 748; x_wconf 85' lang='grc' dir='ltr'>καὶ</span> <span class='ocrx_word' id='word_1_23' title='bbox 658 668 1228 775; x_wconf 82' lang='grc' dir='ltr'>ἀποθνησκούσῃ</span> <span class='ocrx_word' id='word_1_24' title='bbox 1282 703 1522 772; x_wconf 86' lang='grc' dir='ltr'>σαρκι,</span> <span class='ocrx_word' id='word_1_25' title='bbox 1578 669 1694 748; x_wconf 82' lang='grc' dir='ltr'>ἵνα</span> <span class='ocrx_word' id='word_1_26' title='bbox 1750 672 1867 749; x_wconf 82' lang='grc' dir='ltr'>καὶ</span> <span class='ocrx_word' id='word_1_27' title='bbox 1923 671 2102 774; x_wconf 78' lang='grc' dir='ltr'>αὐτῇ</span> <span class='ocrx_word' id='word_1_28' title='bbox 2158 668 2477 770; x_wconf 79' lang='grc' dir='ltr'>καθάπερ</span> <span class='ocrx_word' id='word_1_29' title='bbox 2533 701 2604 746; x_wconf 86' lang='grc' dir='ltr'>τι</span> 
     </span>
     <span class='ocr_line' id='line_1_4' title="bbox 202 790 2603 897; baseline -0 -26"><span class='ocrx_word' id='word_1_30' title='bbox 202 798 352 872; x_wconf 79' lang='grc' dir='ltr'>τῶν</span> <span class='ocrx_word' id='word_1_31' title='bbox 389 791 761 872; x_wconf 80' lang='grc' dir='ltr'>ἀτιθάσων</span> <span class='ocrx_word' id='word_1_32' title='bbox 798 790 1064 895; x_wconf 89' lang='grc' dir='ltr'>θηρίων</span> <span class='ocrx_word' id='word_1_33' title='bbox 1098 792 1504 895; x_wconf 72' lang='grc' dir='ltr'>ἐπιδραμών</span> <span class='ocrx_word' id='word_1_34' title='bbox 1539 795 1580 871; x_wconf 88' lang='lat'><em>5</em></span> <span class='ocrx_word' id='word_1_35' title='bbox 1618 792 1924 876; x_wconf 71' lang='lat' dir='ltr'>Ocinarus·</span> <span class='ocrx_word' id='word_1_36' title='bbox 1971 792 2294 897; x_wconf 80' lang='grc' dir='ltr'>ἀτονήσῃ</span> <span class='ocrx_word' id='word_1_37' title='bbox 2342 790 2603 871; x_wconf 85' lang='grc' dir='ltr'>λοιπὸν</span> 
     </span>
     <span class='ocr_line' id='line_1_5' title="bbox 202 912 2602 1023; baseline -0.001 -28"><span class='ocrx_word' id='word_1_38' title='bbox 202 912 631 1014; x_wconf 75' lang='grc' dir='ltr'>ἡττώμενος.</span> <span class='ocrx_word' id='word_1_39' title='bbox 708 917 792 995; x_wconf 83' lang='grc' dir='ltr'>οὐ</span> <span class='ocrx_word' id='word_1_40' title='bbox 825 916 965 1018; x_wconf 81' lang='grc' dir='ltr'>γὰρ</span> <span class='ocrx_word' id='word_1_41' title='bbox 1001 914 1092 1016; x_wconf 82' lang='grc' dir='ltr'>ἦν</span> <span class='ocrx_word' id='word_1_42' title='bbox 1129 915 1480 995; x_wconf 83' lang='grc' dir='ltr'>δύνασθαι</span> <span class='ocrx_word' id='word_1_43' title='bbox 1525 924 1977 1020; x_wconf 84' lang='grc' dir='ltr'>παραχωρεῖν</span> <span class='ocrx_word' id='word_1_44' title='bbox 2013 922 2115 1023; x_wconf 75' lang='grc' dir='ltr'>τῷ</span> <span class='ocrx_word' id='word_1_45' title='bbox 2152 915 2436 1023; x_wconf 74' lang='grc' dir='ltr'>θανάτῳ</span> <span class='ocrx_word' id='word_1_46' title='bbox 2471 914 2602 1013; x_wconf 85' lang='grc' dir='ltr'>τὴν</span> 
     </span>
    </p>

    <p class='ocr_par' dir='ltr' id='par_1_3' title="bbox 156 1036 2836 1640">
     <span class='ocr_line' id='line_1_6' title="bbox 156 1036 2833 1148; baseline 0.001 -31"><span class='ocrx_word' id='word_1_47' title='bbox 156 1037 418 1140; x_wconf 79' lang='grc' dir='ltr'>5ζωήν.</span> <span class='ocrx_word' id='word_1_48' title='bbox 499 1045 567 1119; x_wconf 82' lang='grc' dir='ltr'>οὗ</span> <span class='ocrx_word' id='word_1_49' title='bbox 613 1037 753 1148; x_wconf 58' lang='grc' dir='ltr'>γὰρ</span> <span class='ocrx_word' id='word_1_50' title='bbox 795 1036 1003 1135; x_wconf 61' lang='grc' dir='ltr'>δήπου</span> <span class='ocrx_word' id='word_1_51' title='bbox 1047 1038 1375 1142; x_wconf 58' lang='grc' dir='ltr'>αγγελων</span> <span class='ocrx_word' id='word_1_52' title='bbox 1415 1041 1979 1145; x_wconf 68' lang='grc' dir='ltr'>ἐπιλαμβάνεται</span> <span class='ocrx_word' id='word_1_53' title='bbox 2030 1039 2237 1120; x_wconf 64' lang='grc' dir='ltr'>ἄλλα</span> <span class='ocrx_word' id='word_1_54' title='bbox 2274 1045 2590 1147; x_wconf 78' lang='grc' dir='ltr'>σπέρμα·</span> <span class='ocrx_word' id='word_1_55' title='bbox 2625 1073 2727 1107; x_wconf 74' lang='lat' dir='ltr'>ver.</span> <span class='ocrx_word' id='word_1_56' title='bbox 2761 1058 2833 1108; x_wconf 87' lang='lat'>¹6·</span> 
     </span>
     <span class='ocr_line' id='line_1_7' title="bbox 204 1162 2836 1269; baseline -0.001 -28"><span class='ocrx_word' id='word_1_57' title='bbox 204 1199 316 1249; x_wconf 84' lang='grc' dir='ltr'>τος</span> <span class='ocrx_word' id='word_1_58' title='bbox 376 1162 721 1269; x_wconf 68' lang='grc' dir='ltr'>Ἀβρααμ</span> <span class='ocrx_word' id='word_1_59' title='bbox 775 1163 1337 1269; x_wconf 67' lang='grc' dir='ltr'>ἐπιλαμβάνεται</span> <span class='ocrx_word' id='word_1_60' title='bbox 1403 1162 1531 1244; x_wconf 77' lang='grc' dir='ltr'>’ὅθεν</span> <span class='ocrx_word' id='word_1_61' title='bbox 1589 1163 1844 1269; x_wconf 65' lang='grc' dir='ltr'>ὤφειλε</span> <span class='ocrx_word' id='word_1_62' title='bbox 1911 1162 2103 1243; x_wconf 65' lang='grc' dir='ltr'>κατα</span> <span class='ocrx_word' id='word_1_63' title='bbox 2167 1164 2404 1242; x_wconf 69' lang='grc' dir='ltr'>πάντα</span> <span class='ocrx_word' id='word_1_64' title='bbox 2466 1168 2602 1247; x_wconf 70' lang='grc' dir='ltr'>τοῖς</span> <span class='ocrx_word' id='word_1_65' title='bbox 2630 1205 2730 1239; x_wconf 73' lang='lat' dir='ltr'>ver.</span> <span class='ocrx_word' id='word_1_66' title='bbox 2759 1200 2836 1251; x_wconf 86' lang='lat'>17·</span> 
     </span>
     <span class='ocr_line' id='line_1_8' title="bbox 202 1281 2606 1394; baseline 0.002 -29"><span class='ocrx_word' id='word_1_67' title='bbox 202 1281 545 1393; x_wconf 62' lang='grc' dir='ltr'>ἀδελφοῖς</span> <span class='ocrx_word' id='word_1_68' title='bbox 592 1286 992 1391; x_wconf 62' lang='grc' dir='ltr'>ὁμοιωθῆναι.</span> <span class='ocrx_word' id='word_1_69' title='bbox 1071 1292 1131 1366; x_wconf 78' lang='grc' dir='ltr'>εἰ</span> <span class='ocrx_word' id='word_1_70' title='bbox 1186 1285 1285 1386; x_wconf 86' lang='grc' dir='ltr'>μὴ</span> <span class='ocrx_word' id='word_1_71' title='bbox 1337 1288 1629 1389; x_wconf 82' lang='grc' dir='ltr'>γε’γονεν</span> <span class='ocrx_word' id='word_1_72' title='bbox 1682 1286 2056 1388; x_wconf 77' lang='grc' dir='ltr'>ἅνθρωπος</span> <span class='ocrx_word' id='word_1_73' title='bbox 2079 1289 2146 1394; x_wconf 33' lang='grc' dir='ltr'>,ὁ</span> <span class='ocrx_word' id='word_1_74' title='bbox 2189 1283 2606 1387; x_wconf 82' lang='grc' dir='ltr'>Μονογενὴς</span> 
     </span>
     <span class='ocr_line' id='line_1_9' title="bbox 204 1408 2603 1516; baseline 0 -27"><span class='ocrx_word' id='word_1_75' title='bbox 204 1418 332 1489; x_wconf 88' lang='grc' dir='ltr'>τοῦ</span> <span class='ocrx_word' id='word_1_76' title='bbox 357 1415 552 1490; x_wconf 81' lang='grc' dir='ltr'>Θεοῦ</span> <span class='ocrx_word' id='word_1_77' title='bbox 581 1408 840 1512; x_wconf 83' lang='grc' dir='ltr'>Λόγος,</span> <span class='ocrx_word' id='word_1_78' title='bbox 868 1410 1104 1511; x_wconf 85' lang='grc' dir='ltr'>ἥνωσε</span> <span class='ocrx_word' id='word_1_79' title='bbox 1143 1410 1218 1489; x_wconf 82' lang='grc' dir='ltr'>δὲ</span> <span class='ocrx_word' id='word_1_80' title='bbox 1253 1417 1545 1510; x_wconf 76' lang='grc' dir='ltr'>μᾶλλον</span> <span class='ocrx_word' id='word_1_81' title='bbox 1573 1412 1800 1516; x_wconf 78' lang='grc' dir='ltr'>ἑαυτῷ</span> <span class='ocrx_word' id='word_1_82' title='bbox 1833 1409 1918 1488; x_wconf 82' lang='grc' dir='ltr'>τὸ</span> <span class='ocrx_word' id='word_1_83' title='bbox 1956 1410 2336 1513; x_wconf 83' lang='grc' dir='ltr'>ἀνθρώπου</span> <span class='ocrx_word' id='word_1_84' title='bbox 2367 1410 2603 1514; x_wconf 87' lang='grc' dir='ltr'>πρόσ-</span> 
     </span>
     <span class='ocr_line' id='line_1_10' title="bbox 205 1533 2607 1640; baseline 0 -27"><span class='ocrx_word' id='word_1_85' title='bbox 205 1567 431 1623; x_wconf 87' lang='grc' dir='ltr'>ωπον,</span> <span class='ocrx_word' id='word_1_86' title='bbox 473 1533 662 1613; x_wconf 80' lang='grc' dir='ltr'>καθὰ</span> <span class='ocrx_word' id='word_1_87' title='bbox 698 1540 893 1614; x_wconf 88' lang='grc' dir='ltr'>δοκεῖ</span> <span class='ocrx_word' id='word_1_88' title='bbox 923 1542 1068 1618; x_wconf 89' lang='grc' dir='ltr'>τοῖς</span> <span class='ocrx_word' id='word_1_89' title='bbox 1108 1535 1534 1637; x_wconf 77' lang='grc' dir='ltr'>διορίζουσιν</span> <span class='ocrx_word' id='word_1_90' title='bbox 1571 1538 1667 1617; x_wconf 88' lang='grc' dir='ltr'>ὡς</span> <span class='ocrx_word' id='word_1_91' title='bbox 1710 1538 1786 1612; x_wconf 85' lang='grc' dir='ltr'>ἐν</span> <span class='ocrx_word' id='word_1_92' title='bbox 1822 1534 2100 1640; x_wconf 72' lang='grc' dir='ltr'>εὐδοκία</span> <span class='ocrx_word' id='word_1_93' title='bbox 2134 1535 2318 1640; x_wconf 85' lang='grc' dir='ltr'>μόνῃ</span> <span class='ocrx_word' id='word_1_94' title='bbox 2356 1537 2471 1613; x_wconf 80' lang='grc' dir='ltr'>καὶ</span> <span class='ocrx_word' id='word_1_95' title='bbox 2516 1540 2607 1638; x_wconf 85' lang='grc' dir='ltr'>τῇ</span> 
     </span>
    </p>

    <p class='ocr_par' dir='ltr' id='par_1_4' title="bbox 128 1653 2608 2256">
     <span class='ocr_line' id='line_1_11' title="bbox 128 1653 2597 1766; baseline 0.003 -35"><span class='ocrx_word' id='word_1_96' title='bbox 128 1691 183 1731; x_wconf 83' lang='grc' dir='ltr'>ιο</span> <span class='ocrx_word' id='word_1_97' title='bbox 205 1656 390 1736; x_wconf 84' lang='grc' dir='ltr'>κατὰ</span> <span class='ocrx_word' id='word_1_98' title='bbox 445 1653 753 1766; x_wconf 76' lang='grc' dir='ltr'>θέλησιν</span> <span class='ocrx_word' id='word_1_99' title='bbox 795 1661 1010 1761; x_wconf 84' lang='grc' dir='ltr'>ῥοπῇ,</span> <span class='ocrx_word' id='word_1_100' title='bbox 1045 1666 1201 1741; x_wconf 80' lang='grc' dir='ltr'>πῶς</span> <span class='ocrx_word' id='word_1_101' title='bbox 1257 1660 1611 1758; x_wconf 83' lang='grc' dir='ltr'>ὡμοίωται</span> <span class='ocrx_word' id='word_1_102' title='bbox 1667 1656 1857 1737; x_wconf 76' lang='grc' dir='ltr'>κατα</span> <span class='ocrx_word' id='word_1_103' title='bbox 1906 1657 2146 1737; x_wconf 67' lang='grc' dir='ltr'>πάντα</span> <span class='ocrx_word' id='word_1_104' title='bbox 2196 1663 2333 1744; x_wconf 70' lang='grc' dir='ltr'>τοῖς</span> <span class='ocrx_word' id='word_1_105' title='bbox 2384 1654 2597 1739; x_wconf 63' lang='grc' dir='ltr'>αδελ-</span> 
     </span>
     <span class='ocr_line' id='line_1_12' title="bbox 204 1779 2607 1887; baseline 0 -27"><span class='ocrx_word' id='word_1_106' title='bbox 204 1786 387 1887; x_wconf 75' lang='grc' dir='ltr'>φᾰῖς,</span> <span class='ocrx_word' id='word_1_107' title='bbox 427 1786 718 1879; x_wconf 77' lang='grc' dir='ltr'>μᾶλλον</span> <span class='ocrx_word' id='word_1_108' title='bbox 755 1780 829 1861; x_wconf 82' lang='grc' dir='ltr'>δὲ</span> <span class='ocrx_word' id='word_1_109' title='bbox 866 1788 1022 1866; x_wconf 81' lang='grc' dir='ltr'>πῶς</span> <span class='ocrx_word' id='word_1_110' title='bbox 1059 1779 1148 1860; x_wconf 80' lang='grc' dir='ltr'>ἂν</span> <span class='ocrx_word' id='word_1_111' title='bbox 1186 1780 1374 1865; x_wconf 79' lang='grc' dir='ltr'>ὅλως</span> <span class='ocrx_word' id='word_1_112' title='bbox 1427 1790 1661 1861; x_wconf 85' lang='grc' dir='ltr'>νοοῖτο</span> <span class='ocrx_word' id='word_1_113' title='bbox 1711 1785 1828 1860; x_wconf 83' lang='grc' dir='ltr'>καὶ</span> <span class='ocrx_word' id='word_1_114' title='bbox 1877 1781 2197 1885; x_wconf 82' lang='grc' dir='ltr'>ἀδελφὸς</span> <span class='ocrx_word' id='word_1_115' title='bbox 2246 1784 2287 1861; x_wconf 91' lang='lat'><em>5</em></span> <span class='ocrx_word' id='word_1_116' title='bbox 2336 1783 2607 1866; x_wconf 82' lang='grc' dir='ltr'>παντὸς</span> 
     </span>
     <span class='ocr_line' id='line_1_13' title="bbox 202 1904 2608 2012; baseline -0 -27"><span class='ocrx_word' id='word_1_117' title='bbox 202 1904 523 1985; x_wconf 73' lang='grc' dir='ltr'>ἐπέκεινα</span> <span class='ocrx_word' id='word_1_118' title='bbox 559 1912 858 2007; x_wconf 83' lang='grc' dir='ltr'>γενητοῦ</span> <span class='ocrx_word' id='word_1_119' title='bbox 893 1908 1010 1983; x_wconf 75' lang='grc' dir='ltr'>καὶ</span> <span class='ocrx_word' id='word_1_120' title='bbox 1046 1905 1511 2007; x_wconf 78' lang='grc' dir='ltr'>οἱο-υγκρίτοις</span> <span class='ocrx_word' id='word_1_121' title='bbox 1539 1906 1939 2008; x_wconf 76' lang='grc' dir='ltr'>ὑπεροχαῖς,</span> <span class='ocrx_word' id='word_1_122' title='bbox 1966 1911 2120 1987; x_wconf 87' lang='grc' dir='ltr'>ταῖς</span> <span class='ocrx_word' id='word_1_123' title='bbox 2159 1904 2342 1984; x_wconf 81' lang='grc' dir='ltr'>κατὰ</span> <span class='ocrx_word' id='word_1_124' title='bbox 2378 1904 2608 2012; x_wconf 85' lang='grc' dir='ltr'>φύσιν</span> 
     </span>
     <span class='ocr_line' id='line_1_14' title="bbox 199 2026 2608 2130; baseline 0 -23"><span class='ocrx_word' id='word_1_125' title='bbox 199 2029 427 2130; x_wconf 80' lang='grc' dir='ltr'>λε’γω,</span> <span class='ocrx_word' id='word_1_126' title='bbox 450 2026 586 2127; x_wconf 86' lang='grc' dir='ltr'>τὴν</span> <span class='ocrx_word' id='word_1_127' title='bbox 612 2030 851 2108; x_wconf 86' lang='grc' dir='ltr'>κτίσιν</span> <span class='ocrx_word' id='word_1_128' title='bbox 879 2030 1365 2130; x_wconf 84' lang='grc' dir='ltr'>ὑπερκείμενος</span> <span class='ocrx_word' id='word_1_129' title='bbox 1392 2061 1414 2125; x_wconf 87' lang='lat'>3</span> <span class='ocrx_word' id='word_1_130' title='bbox 1458 2034 1613 2112; x_wconf 80' lang='grc' dir='ltr'>πῶς</span> <span class='ocrx_word' id='word_1_131' title='bbox 1641 2028 2140 2126; x_wconf 81' lang='grc' dir='ltr'>κεκοινώνηκεν</span> <span class='ocrx_word' id='word_1_132' title='bbox 2168 2028 2464 2126; x_wconf 81' lang='grc' dir='ltr'>αἵματος</span> <span class='ocrx_word' id='word_1_133' title='bbox 2491 2033 2608 2107; x_wconf 88' lang='grc' dir='ltr'>καὶ</span> 
     </span>
     <span class='ocr_line' id='line_1_15' title="bbox 199 2149 2606 2256; baseline 0 -25"><span class='ocrx_word' id='word_1_134' title='bbox 199 2151 483 2256; x_wconf 83' lang='grc' dir='ltr'>σαρκὸς</span> <span class='ocrx_word' id='word_1_135' title='bbox 533 2158 594 2230; x_wconf 81' lang='grc' dir='ltr'>εὶ</span> <span class='ocrx_word' id='word_1_136' title='bbox 638 2151 738 2250; x_wconf 84' lang='grc' dir='ltr'>μὴ</span> <span class='ocrx_word' id='word_1_137' title='bbox 790 2151 1081 2253; x_wconf 86' lang='grc' dir='ltr'>γε’γονεν</span> <span class='ocrx_word' id='word_1_138' title='bbox 1116 2152 1261 2231; x_wconf 79' lang='grc' dir='ltr'>ἴδια</span> <span class='ocrx_word' id='word_1_139' title='bbox 1299 2160 1527 2230; x_wconf 88' lang='grc' dir='ltr'>ταῦτα</span> <span class='ocrx_word' id='word_1_140' title='bbox 1577 2152 1796 2229; x_wconf 84' lang='grc' dir='ltr'>αὐτοῦ</span> <span class='ocrx_word' id='word_1_141' title='bbox 1833 2149 2019 2230; x_wconf 81' lang='grc' dir='ltr'>καθὰ</span> <span class='ocrx_word' id='word_1_142' title='bbox 2056 2154 2172 2231; x_wconf 84' lang='grc' dir='ltr'>καὶ</span> <span class='ocrx_word' id='word_1_143' title='bbox 2207 2153 2455 2251; x_wconf 76' lang='grc' dir='ltr'>ἡμῶνς</span> <span class='ocrx_word' id='word_1_144' title='bbox 2512 2151 2606 2236; x_wconf 75' lang='grc' dir='ltr'>εἷς</span> 
     </span>
    </p>

    <p class='ocr_par' dir='ltr' id='par_1_5' title="bbox 123 2272 2609 2622">
     <span class='ocr_line' id='line_1_16' title="bbox 123 2272 2608 2378; baseline -0 -22"><span class='ocrx_word' id='word_1_145' title='bbox 123 2305 176 2364; x_wconf 87' lang='lat'>¹5</span> <span class='ocrx_word' id='word_1_146' title='bbox 202 2278 332 2356; x_wconf 80' lang='grc' dir='ltr'>οὖν</span> <span class='ocrx_word' id='word_1_147' title='bbox 382 2275 529 2377; x_wconf 73' lang='grc' dir='ltr'>ἄρα</span> <span class='ocrx_word' id='word_1_148' title='bbox 582 2277 783 2355; x_wconf 79' lang='grc' dir='ltr'>ἐστὶν</span> <span class='ocrx_word' id='word_1_149' title='bbox 816 2272 992 2358; x_wconf 82' lang='grc' dir='ltr'>Υἱὸς</span> <span class='ocrx_word' id='word_1_150' title='bbox 1047 2278 1162 2354; x_wconf 76' lang='grc' dir='ltr'>καὶ</span> <span class='ocrx_word' id='word_1_151' title='bbox 1216 2274 1482 2376; x_wconf 83' lang='grc' dir='ltr'>Κύριος</span> <span class='ocrx_word' id='word_1_152' title='bbox 1537 2272 1789 2353; x_wconf 83' lang='grc' dir='ltr'>ἑνώσει</span> <span class='ocrx_word' id='word_1_153' title='bbox 1844 2279 1935 2378; x_wconf 84' lang='grc' dir='ltr'>τῇ</span> <span class='ocrx_word' id='word_1_154' title='bbox 1992 2275 2157 2354; x_wconf 78' lang='grc' dir='ltr'>καθ’</span> <span class='ocrx_word' id='word_1_155' title='bbox 2197 2274 2608 2355; x_wconf 84' lang='grc' dir='ltr'>ὑπόστασιν</span> 
     </span>
     <span class='ocr_line' id='line_1_17' title="bbox 201 2396 2607 2504; baseline 0 -25"><span class='ocrx_word' id='word_1_156' title='bbox 201 2399 755 2504; x_wconf 72' lang='grc' dir='ltr'>συνενεχθέντος</span> <span class='ocrx_word' id='word_1_157' title='bbox 792 2406 920 2477; x_wconf 84' lang='grc' dir='ltr'>τοῦ</span> <span class='ocrx_word' id='word_1_158' title='bbox 958 2396 1204 2500; x_wconf 87' lang='grc' dir='ltr'>Λόγου</span> <span class='ocrx_word' id='word_1_159' title='bbox 1241 2398 1423 2498; x_wconf 83' lang='grc' dir='ltr'>πρὸς</span> <span class='ocrx_word' id='word_1_160' title='bbox 1460 2396 1541 2476; x_wconf 81' lang='grc' dir='ltr'>τὸ</span> <span class='ocrx_word' id='word_1_161' title='bbox 1579 2396 2027 2498; x_wconf 83' lang='grc' dir='ltr'>ἀνθρώπινον</span> <span class='ocrx_word' id='word_1_162' title='bbox 2069 2400 2341 2501; x_wconf 86' lang='grc' dir='ltr'>σαρκός</span> <span class='ocrx_word' id='word_1_163' title='bbox 2376 2433 2453 2479; x_wconf 88' lang='grc' dir='ltr'>τε</span> <span class='ocrx_word' id='word_1_164' title='bbox 2493 2402 2607 2479; x_wconf 85' lang='grc' dir='ltr'>καὶ</span> 
     </span>
     <span class='ocr_line' id='line_1_18' title="bbox 202 2521 2609 2622; baseline 0.002 -20"><span class='ocrx_word' id='word_1_165' title='bbox 202 2524 507 2622; x_wconf 83' lang='grc' dir='ltr'>αἵματος</span> <span class='ocrx_word' id='word_1_166' title='bbox 573 2521 1177 2622; x_wconf 87' lang='grc' dir='ltr'>κεκοινωνηκότος,</span> <span class='ocrx_word' id='word_1_167' title='bbox 1246 2523 1710 2620; x_wconf 79' lang='grc' dir='ltr'>ὁμοιωθέντος</span> <span class='ocrx_word' id='word_1_168' title='bbox 1771 2554 1848 2600; x_wconf 86' lang='grc' dir='ltr'>τε</span> <span class='ocrx_word' id='word_1_169' title='bbox 1916 2522 2097 2602; x_wconf 84' lang='grc' dir='ltr'>κατὰ</span> <span class='ocrx_word' id='word_1_170' title='bbox 2161 2522 2399 2604; x_wconf 75' lang='grc' dir='ltr'>πάντα</span> <span class='ocrx_word' id='word_1_171' title='bbox 2464 2529 2609 2608; x_wconf 90' lang='grc' dir='ltr'>τοῖς</span> 
     </span>
    </p>
   </div>
   <div class='ocr_carea' id='block_1_3' title="bbox 204 2649 575 2753">
    <p class='ocr_par' dir='ltr' id='par_1_6' title="bbox 204 2649 575 2753">
     <span class='ocr_line' id='line_1_19' title="bbox 204 2649 575 2753; baseline 0.003 -28"><span class='ocrx_word' id='word_1_172' title='bbox 204 2649 575 2753; x_wconf 78' lang='grc' dir='ltr'>ἀδελφοῖς.</span> 
     </span>
    </p>
   </div>
   <div class='ocr_carea' id='block_1_4' title="bbox 571 2926 2866 3015">
    <p class='ocr_par' dir='ltr' id='par_1_7' title="bbox 571 2926 2866 3015">
     <span class='ocr_line' id='line_1_20' title="bbox 571 2926 2866 3015; baseline 0.001 -26"><span class='ocrx_word' id='word_1_173' title='bbox 571 2927 711 2991; x_wconf 86' lang='grc' dir='ltr'>Ἵνα</span> <span class='ocrx_word' id='word_1_174' title='bbox 764 2926 1067 3003; x_wconf 69' lang='grc' dir='ltr'>ἐλεήμων</span> <span class='ocrx_word' id='word_1_175' title='bbox 1123 2928 1377 3001; x_wconf 74' lang='grc' dir='ltr'>Γὲνκται</span> <span class='ocrx_word' id='word_1_176' title='bbox 1435 2927 1540 2991; x_wconf 79' lang='grc' dir='ltr'>καὶ</span> <span class='ocrx_word' id='word_1_177' title='bbox 1594 2926 1823 2994; x_wconf 67' lang='grc' dir='ltr'>πιστὸς</span> <span class='ocrx_word' id='word_1_178' title='bbox 1877 2927 2236 3015; x_wconf 71' lang='grc' dir='ltr'>ἀρχιερεύς.</span> <span class='ocrx_word' id='word_1_179' title='bbox 2643 2948 2710 3007; x_wconf 85' lang='lat'>17</span> <span class='ocrx_word' id='word_1_180' title='bbox 2742 2952 2866 3012; x_wconf 81' lang='lat' dir='ltr'>sqq.</span> 
     </span>
    </p>
   </div>
   <div class='ocr_carea' id='block_1_5' title="bbox 110 3096 2945 4438">
    <p class='ocr_par' dir='ltr' id='par_1_8' title="bbox 119 3096 2945 3696">
     <span class='ocr_line' id='line_1_21' title="bbox 119 3096 2610 3197; baseline 0.004 -26"><span class='ocrx_word' id='word_1_181' title='bbox 119 3132 185 3172; x_wconf 71' lang='grc' dir='ltr'>ιο</span> <span class='ocrx_word' id='word_1_182' title='bbox 327 3102 662 3197; x_wconf 86' lang='grc' dir='ltr'>Μωυσῆς</span> <span class='ocrx_word' id='word_1_183' title='bbox 697 3097 828 3195; x_wconf 73' lang='grc' dir='ltr'>μὲν</span> <span class='ocrx_word' id='word_1_184' title='bbox 861 3100 904 3178; x_wconf 90' lang='lat'><em>5</em></span> <span class='ocrx_word' id='word_1_185' title='bbox 943 3098 1330 3182; x_wconf 79' lang='grc' dir='ltr'>θεσπέσιος</span> <span class='ocrx_word' id='word_1_186' title='bbox 1365 3097 1481 3177; x_wconf 79' lang='grc' dir='ltr'>διὰ</span> <span class='ocrx_word' id='word_1_187' title='bbox 1526 3096 1756 3179; x_wconf 82' lang='grc' dir='ltr'>τύπου</span> <span class='ocrx_word' id='word_1_188' title='bbox 1808 3104 1923 3179; x_wconf 76' lang='grc' dir='ltr'>καὶ</span> <span class='ocrx_word' id='word_1_189' title='bbox 1977 3106 2186 3182; x_wconf 84' lang='grc' dir='ltr'>σκιᾶς</span> <span class='ocrx_word' id='word_1_190' title='bbox 2235 3101 2477 3197; x_wconf 83' lang='grc' dir='ltr'>ἐνῆκεν</span> <span class='ocrx_word' id='word_1_191' title='bbox 2515 3105 2610 3182; x_wconf 85' lang='grc' dir='ltr'>εὶς</span> 
     </span>
     <span class='ocr_line' id='line_1_22' title="bbox 210 3221 2603 3331; baseline -0.001 -29"><span class='ocrx_word' id='word_1_192' title='bbox 210 3223 664 3323; x_wconf 90' lang='grc' dir='ltr'>θεογνωσίαν</span> <span class='ocrx_word' id='word_1_193' title='bbox 699 3221 825 3301; x_wconf 81' lang='grc' dir='ltr'>τὸν</span> <span class='ocrx_word' id='word_1_194' title='bbox 860 3223 1172 3326; x_wconf 87' lang='grc' dir='ltr'>Ἰσραὴλ</span> <span class='ocrx_word' id='word_1_195' title='bbox 1224 3225 1339 3301; x_wconf 83' lang='grc' dir='ltr'>καὶ</span> <span class='ocrx_word' id='word_1_196' title='bbox 1392 3226 1517 3321; x_wconf 86' lang='grc' dir='ltr'>τῆς</span> <span class='ocrx_word' id='word_1_197' title='bbox 1566 3226 1641 3302; x_wconf 84' lang='grc' dir='ltr'>ἐν</span> <span class='ocrx_word' id='word_1_198' title='bbox 1680 3221 1876 3331; x_wconf 77' lang='grc' dir='ltr'>νόμῳ</span> <span class='ocrx_word' id='word_1_199' title='bbox 1927 3222 2377 3321; x_wconf 82' lang='grc' dir='ltr'>δικαιοσύνης</span> <span class='ocrx_word' id='word_1_200' title='bbox 2414 3256 2603 3324; x_wconf 88' lang='grc' dir='ltr'>παρ-</span> 
     </span>
     <span class='ocr_line' id='line_1_23' title="bbox 208 3342 2603 3452; baseline 0.001 -27"><span class='ocrx_word' id='word_1_201' title='bbox 208 3345 438 3452; x_wconf 80' lang='grc' dir='ltr'>έδειξε</span> <span class='ocrx_word' id='word_1_202' title='bbox 504 3343 638 3443; x_wconf 79' lang='grc' dir='ltr'>τὴν</span> <span class='ocrx_word' id='word_1_203' title='bbox 698 3344 888 3438; x_wconf 77' lang='grc' dir='ltr'>ὁδὸν,</span> <span class='ocrx_word' id='word_1_204' title='bbox 939 3346 1107 3424; x_wconf 82' lang='grc' dir='ltr'>ἀλλ’</span> <span class='ocrx_word' id='word_1_205' title='bbox 1134 3342 1224 3443; x_wconf 81' lang='grc' dir='ltr'>ἦν</span> <span class='ocrx_word' id='word_1_206' title='bbox 1287 3343 1750 3451; x_wconf 78' lang='grc' dir='ltr'>ἰσχνόφωνος</span> <span class='ocrx_word' id='word_1_207' title='bbox 1814 3350 1930 3425; x_wconf 78' lang='grc' dir='ltr'>καὶ</span> <span class='ocrx_word' id='word_1_208' title='bbox 1991 3347 2603 3447; x_wconf 82' lang='grc' dir='ltr'>βραδύγλωσσος·</span> 
     </span>
     <span class='ocr_line' id='line_1_24' title="bbox 210 3464 2945 3569; baseline 0.002 -20"><span class='ocrx_word' id='word_1_209' title='bbox 210 3468 333 3549; x_wconf 81' lang='grc' dir='ltr'>διὰ</span> <span class='ocrx_word' id='word_1_210' title='bbox 396 3475 613 3548; x_wconf 87' lang='grc' dir='ltr'>τοῦτο</span> <span class='ocrx_word' id='word_1_211' title='bbox 679 3466 1009 3569; x_wconf 81' lang='grc' dir='ltr'>γνωστὸς</span> <span class='ocrx_word' id='word_1_212' title='bbox 1064 3464 1152 3566; x_wconf 83' lang='grc' dir='ltr'>ἦν</span> <span class='ocrx_word' id='word_1_213' title='bbox 1213 3465 1299 3546; x_wconf 79' lang='grc' dir='ltr'>τὸ</span> <span class='ocrx_word' id='word_1_214' title='bbox 1354 3468 1680 3566; x_wconf 82' lang='grc' dir='ltr'>τηνικάδε</span> <span class='ocrx_word' id='word_1_215' title='bbox 1747 3477 1894 3553; x_wconf 93' lang='grc' dir='ltr'>τοῖς</span> <span class='ocrx_word' id='word_1_216' title='bbox 1959 3467 2140 3548; x_wconf 81' lang='grc' dir='ltr'>κατὰ</span> <span class='ocrx_word' id='word_1_217' title='bbox 2198 3466 2425 3569; x_wconf 89' lang='grc' dir='ltr'>μόνην</span> <span class='ocrx_word' id='word_1_218' title='bbox 2479 3467 2612 3568; x_wconf 84' lang='grc' dir='ltr'>τὴν</span> <span class='ocrx_word' id='word_1_219' title='bbox 2635 3506 2945 3555; x_wconf 74' lang='lat' dir='ltr'>Ps.1xxv.2.</span> 
     </span>
     <span class='ocr_line' id='line_1_25' title="bbox 208 3590 2611 3696; baseline -0.001 -22"><span class='ocrx_word' id='word_1_220' title='bbox 208 3593 568 3674; x_wconf 80' lang='grc' dir='ltr'>Ἰουδαίαν</span> <span class='ocrx_word' id='word_1_221' title='bbox 607 3593 647 3671; x_wconf 89' lang='lat'><em>5</em></span> <span class='ocrx_word' id='word_1_222' title='bbox 695 3598 839 3671; x_wconf 81' lang='grc' dir='ltr'>τῶν</span> <span class='ocrx_word' id='word_1_223' title='bbox 878 3591 1073 3671; x_wconf 81' lang='grc' dir='ltr'>ὅλων</span> <span class='ocrx_word' id='word_1_224' title='bbox 1108 3590 1322 3689; x_wconf 82' lang='grc' dir='ltr'>Θεὸς,</span> <span class='ocrx_word' id='word_1_225' title='bbox 1364 3594 1479 3670; x_wconf 80' lang='grc' dir='ltr'>καὶ</span> <span class='ocrx_word' id='word_1_226' title='bbox 1531 3592 1676 3672; x_wconf 80' lang='grc' dir='ltr'>ἀπὸ</span> <span class='ocrx_word' id='word_1_227' title='bbox 1716 3591 1878 3672; x_wconf 79' lang='grc' dir='ltr'>Δὰν</span> <span class='ocrx_word' id='word_1_228' title='bbox 1919 3596 2033 3672; x_wconf 81' lang='grc' dir='ltr'>καὶ</span> <span class='ocrx_word' id='word_1_229' title='bbox 2084 3593 2211 3676; x_wconf 80' lang='grc' dir='ltr'>ἕως</span> <span class='ocrx_word' id='word_1_230' title='bbox 2252 3591 2611 3696; x_wconf 82' lang='grc' dir='ltr'>Βιρσαβεὲ</span> 
     </span>
    </p>

    <p class='ocr_par' dir='ltr' id='par_1_9' title="bbox 111 3713 2880 4192">
     <span class='ocr_line' id='line_1_26' title="bbox 111 3713 2614 3816; baseline 0.001 -23"><span class='ocrx_word' id='word_1_231' title='bbox 111 3750 185 3810; x_wconf 84' lang='lat'>25</span> <span class='ocrx_word' id='word_1_232' title='bbox 212 3720 333 3796; x_wconf 84' lang='grc' dir='ltr'>καὶ</span> <span class='ocrx_word' id='word_1_233' title='bbox 386 3723 718 3813; x_wconf 84' lang='grc' dir='ltr'>ποταμοῦ</span> <span class='ocrx_word' id='word_1_234' title='bbox 774 3718 892 3794; x_wconf 77' lang='grc' dir='ltr'>καὶ</span> <span class='ocrx_word' id='word_1_235' title='bbox 947 3713 1365 3813; x_wconf 81' lang='grc' dir='ltr'>θαλάσσης’</span> <span class='ocrx_word' id='word_1_236' title='bbox 1426 3714 1578 3816; x_wconf 80' lang='grc' dir='ltr'>ὅροι</span> <span class='ocrx_word' id='word_1_237' title='bbox 1623 3714 1767 3816; x_wconf 82' lang='grc' dir='ltr'>γὰρ</span> <span class='ocrx_word' id='word_1_238' title='bbox 1826 3715 2019 3795; x_wconf 81' lang='grc' dir='ltr'>οὗτοι</span> <span class='ocrx_word' id='word_1_239' title='bbox 2074 3720 2201 3815; x_wconf 85' lang='grc' dir='ltr'>τῆς</span> <span class='ocrx_word' id='word_1_240' title='bbox 2248 3718 2614 3796; x_wconf 86' lang='grc' dir='ltr'>Ἰουδαίων</span> 
     </span>
     <span class='ocr_line' id='line_1_27' title="bbox 212 3837 2715 3941; baseline -0.003 -18"><span class='ocrx_word' id='word_1_241' title='bbox 212 3846 375 3941; x_wconf 83' lang='grc' dir='ltr'>γῆς·</span> <span class='ocrx_word' id='word_1_242' title='bbox 438 3840 628 3940; x_wconf 74' lang='grc' dir='ltr'>μέγα</span> <span class='ocrx_word' id='word_1_243' title='bbox 686 3873 764 3919; x_wconf 87' lang='grc' dir='ltr'>τε</span> <span class='ocrx_word' id='word_1_244' title='bbox 822 3837 913 3938; x_wconf 82' lang='grc' dir='ltr'>ἦν</span> <span class='ocrx_word' id='word_1_245' title='bbox 968 3840 1084 3917; x_wconf 82' lang='grc' dir='ltr'>καὶ</span> <span class='ocrx_word' id='word_1_246' title='bbox 1142 3837 1694 3939; x_wconf 82' lang='grc' dir='ltr'>γνωριμώτατον</span> <span class='ocrx_word' id='word_1_247' title='bbox 1748 3839 1832 3918; x_wconf 81' lang='grc' dir='ltr'>τὸ</span> <span class='ocrx_word' id='word_1_248' title='bbox 1890 3838 2115 3934; x_wconf 80' lang='grc' dir='ltr'>ὄνομα</span> <span class='ocrx_word' id='word_1_249' title='bbox 2171 3841 2413 3918; x_wconf 85' lang='grc' dir='ltr'>αὐτοῦ.</span> <span class='ocrx_word' id='word_1_250' title='bbox 2496 3842 2612 3918; x_wconf 76' lang='grc' dir='ltr'>καὶ</span> <span class='ocrx_word' id='word_1_251' title='bbox 2637 3867 2715 3916; x_wconf 81' lang='lat' dir='ltr'>lb.</span> 
     </span>
     <span class='ocr_line' id='line_1_28' title="bbox 211 3959 2614 4068; baseline 0.001 -26"><span class='ocrx_word' id='word_1_252' title='bbox 211 3972 430 4044; x_wconf 84' lang='grc' dir='ltr'>τοῦτο</span> <span class='ocrx_word' id='word_1_253' title='bbox 465 3961 635 4043; x_wconf 75' lang='grc' dir='ltr'>ἔδων</span> <span class='ocrx_word' id='word_1_254' title='bbox 673 3963 712 4041; x_wconf 90' lang='lat'><em>5</em></span> <span class='ocrx_word' id='word_1_255' title='bbox 748 3959 1126 4068; x_wconf 84' lang='grc' dir='ltr'>προφήτης</span> <span class='ocrx_word' id='word_1_256' title='bbox 1166 3965 1431 4041; x_wconf 80' lang='grc' dir='ltr'>Δαυεὶδ</span> <span class='ocrx_word' id='word_1_257' title='bbox 1479 3962 1760 4068; x_wconf 81' lang='grc' dir='ltr'>ψάλλει</span> <span class='ocrx_word' id='word_1_258' title='bbox 1816 3997 1958 4042; x_wconf 90' lang='grc' dir='ltr'>που</span> <span class='ocrx_word' id='word_1_259' title='bbox 2014 3962 2138 4041; x_wconf 88' lang='grc' dir='ltr'>καί</span> <span class='ocrx_word' id='word_1_260' title='bbox 2188 3971 2375 4067; x_wconf 85' lang='grc' dir='ltr'>φησι</span> <span class='ocrx_word' id='word_1_261' title='bbox 2429 3997 2614 4065; x_wconf 91' lang='grc' dir='ltr'>προς</span> 
     </span>
     <span class='ocr_line' id='line_1_29' title="bbox 212 4081 2896 4235; baseline -0.001 -68"><span class='ocrx_word' id='word_1_262' title='bbox 212 4087 434 4167; x_wconf 79' lang='grc' dir='ltr'>αὑτὸν</span> <span class='ocrx_word' id='word_1_263' title='bbox 468 4121 628 4188; x_wconf 91' lang='grc' dir='ltr'>περι</span> <span class='ocrx_word' id='word_1_264' title='bbox 680 4092 823 4165; x_wconf 82' lang='grc' dir='ltr'>τῶν</span> <span class='ocrx_word' id='word_1_265' title='bbox 868 4086 956 4192; x_wconf 76' lang='grc' dir='ltr'>ἐξ</span> <span class='ocrx_word' id='word_1_266' title='bbox 1004 4083 1311 4188; x_wconf 87' lang='grc' dir='ltr'>Ἰσραήλ</span> <span class='ocrx_word' id='word_1_267' title='bbox 1351 4095 1393 4132; x_wconf 87' lang='grc'><strong>“</strong></span> <span class='ocrx_word' id='word_1_268' title='bbox 1418 4081 1803 4184; x_wconf 71' lang='grc' dir='ltr'>’Ἄμπελον</span> <span class='ocrx_word' id='word_1_269' title='bbox 1841 4085 1929 4191; x_wconf 81' lang='grc' dir='ltr'>ἐξ</span> <span class='ocrx_word' id='word_1_270' title='bbox 1961 4085 2334 4235; x_wconf 81' lang='grc' dir='ltr'>Αἰγύπτου</span> <span class='ocrx_word' id='word_1_271' title='bbox 2387 4091 2601 4186; x_wconf 85' lang='grc' dir='ltr'>μετῆ-</span> <span class='ocrx_word' id='word_1_272' title='bbox 2635 4105 2718 4155; x_wconf 74' lang='lat' dir='ltr'>Pe·</span> <span class='ocrx_word' id='word_1_273' title='bbox 2740 4103 2896 4154; x_wconf 78' lang='lat' dir='ltr'>lxxix-</span> 
     </span>
    </p>

    <p class='ocr_par' dir='ltr' id='par_1_10' title="bbox 110 4187 2685 4438">
     <span class='ocr_line' id='line_1_30' title="bbox 213 4187 2685 4317; baseline 0 -28"><span class='ocrx_word' id='word_1_274' title='bbox 213 4221 451 4313; x_wconf 85' lang='grc' dir='ltr'>“ρας,</span> <span class='ocrx_word' id='word_1_275' title='bbox 487 4210 829 4317; x_wconf 76' lang='grc' dir='ltr'>ἐξέβαλες</span> <span class='ocrx_word' id='word_1_276' title='bbox 869 4209 1037 4308; x_wconf 81' lang='grc' dir='ltr'>ἔθνη</span> <span class='ocrx_word' id='word_1_277' title='bbox 1075 4211 1192 4287; x_wconf 80' lang='grc' dir='ltr'>καὶ</span> <span class='ocrx_word' id='word_1_278' title='bbox 1238 4208 1775 4314; x_wconf 82' lang='grc' dir='ltr'>κατεφύτευσας</span> <span class='ocrx_word' id='word_1_279' title='bbox 1823 4207 2088 4309; x_wconf 82' lang='grc' dir='ltr'>αὐτήν·’</span> <span class='ocrx_word' id='word_1_280' title='bbox 2166 4243 2615 4311; x_wconf 89' lang='grc' dir='ltr'>προσεπαγει</span> <span class='ocrx_word' id='word_1_281' title='bbox 2637 4187 2685 4235; x_wconf 73' lang='grc'>9’</span> 
     </span>
     <span class='ocr_line' id='line_1_31' title="bbox 110 4328 2615 4438; baseline -0.002 -18"><span class='ocrx_word' id='word_1_282' title='bbox 110 4363 189 4420; x_wconf 83' lang='lat'>30</span> <span class='ocrx_word' id='word_1_283' title='bbox 213 4336 291 4415; x_wconf 85' lang='grc' dir='ltr'>δε</span> <span class='ocrx_word' id='word_1_284' title='bbox 328 4333 621 4433; x_wconf 82' lang='grc' dir='ltr'>τούτοις,</span> <span class='ocrx_word' id='word_1_285' title='bbox 657 4338 961 4438; x_wconf 76' lang='grc' dir='ltr'>ποταμῷ</span> <span class='ocrx_word' id='word_1_286' title='bbox 1000 4328 1351 4438; x_wconf 80' lang='grc' dir='ltr'>Εὐφράτῃ</span> <span class='ocrx_word' id='word_1_287' title='bbox 1405 4366 1521 4411; x_wconf 89' lang='grc' dir='ltr'>και</span> <span class='ocrx_word' id='word_1_288' title='bbox 1572 4330 1718 4431; x_wconf 88' lang='grc' dir='ltr'>μὴν</span> <span class='ocrx_word' id='word_1_289' title='bbox 1755 4335 1871 4412; x_wconf 84' lang='grc' dir='ltr'>καὶ</span> <span class='ocrx_word' id='word_1_290' title='bbox 1909 4333 2264 4438; x_wconf 83' lang='grc' dir='ltr'>θαλάσσῃ</span> <span class='ocrx_word' id='word_1_291' title='bbox 2298 4338 2388 4437; x_wconf 81' lang='grc' dir='ltr'>τῇ</span> <span class='ocrx_word' id='word_1_292' title='bbox 2433 4367 2615 4434; x_wconf 88' lang='grc' dir='ltr'>προς</span> 
     </span>
    </p>
   </div>
   <div class='ocr_carea' id='block_1_6' title="bbox 213 4540 2615 4785">
    <p class='ocr_par' dir='ltr' id='par_1_11' title="bbox 213 4540 2615 4785">
     <span class='ocr_line' id='line_1_32' title="bbox 285 4540 2615 4614; baseline -0.003 -14"><span class='ocrx_word' id='word_1_293' title='bbox 285 4546 340 4600; x_wconf 88' lang='grc'>8.</span> <span class='ocrx_word' id='word_1_294' title='bbox 376 4547 559 4601; x_wconf 77' lang='grc' dir='ltr'>ἑαυτοῦ</span> <span class='ocrx_word' id='word_1_295' title='bbox 584 4544 679 4599; x_wconf 86' lang='lat' dir='ltr'>Cr.</span> <span class='ocrx_word' id='word_1_296' title='bbox 918 4558 999 4598; x_wconf 87' lang='lat'>10.</span> <span class='ocrx_word' id='word_1_297' title='bbox 1036 4543 1281 4612; x_wconf 80' lang='grc' dir='ltr'>ὁμοίωται</span> <span class='ocrx_word' id='word_1_298' title='bbox 1309 4542 1399 4598; x_wconf 87' lang='lat' dir='ltr'>Cr.</span> <span class='ocrx_word' id='word_1_299' title='bbox 1616 4559 1701 4597; x_wconf 87' lang='lat'>20.</span> <span class='ocrx_word' id='word_1_300' title='bbox 1742 4561 1770 4597; x_wconf 83' lang='lat' dir='ltr'>e</span> <span class='ocrx_word' id='word_1_301' title='bbox 1796 4561 1841 4598; x_wconf 90' lang='lat' dir='ltr'>c.</span> <span class='ocrx_word' id='word_1_302' title='bbox 1872 4544 1961 4598; x_wconf 83' lang='lat' dir='ltr'><strong>fol.</strong></span> <span class='ocrx_word' id='word_1_303' title='bbox 1993 4545 2094 4614; x_wconf 87' lang='lat'>258</span> <span class='ocrx_word' id='word_1_304' title='bbox 2123 4562 2173 4597; x_wconf 84' lang='lat' dir='ltr'>v.</span> <span class='ocrx_word' id='word_1_305' title='bbox 2201 4542 2291 4613; x_wconf 82' lang='lat' dir='ltr'>qui</span> <span class='ocrx_word' id='word_1_306' title='bbox 2318 4544 2345 4595; x_wconf 83' lang='grc' dir='ltr'>ὁ</span> <span class='ocrx_word' id='word_1_307' title='bbox 2370 4540 2615 4610; x_wconf 81' lang='grc' dir='ltr'>μακάριος</span> 
     </span>
     <span class='ocr_line' id='line_1_33' title="bbox 213 4614 876 4688; baseline -0.005 -17"><span class='ocrx_word' id='word_1_308' title='bbox 213 4616 269 4671; x_wconf 63' lang='grc' dir='ltr'>δι’</span> <span class='ocrx_word' id='word_1_309' title='bbox 290 4614 543 4686; x_wconf 73' lang='grc' dir='ltr'>κῦριλλος</span> <span class='ocrx_word' id='word_1_310' title='bbox 565 4614 876 4688; x_wconf 79' lang='lat' dir='ltr'><strong>praemittit.</strong></span> 
     </span>
     <span class='ocr_line' id='line_1_34' title="bbox 1330 4719 1509 4785; baseline 0.017 -22"><span class='ocrx_word' id='word_1_311' title='bbox 1330 4720 1367 4785; x_wconf 85' lang='lat'>3</span> <span class='ocrx_word' id='word_1_312' title='bbox 1400 4720 1438 4763; x_wconf 76' lang='grc' dir='ltr'><strong>Ε</strong></span> <span class='ocrx_word' id='word_1_313' title='bbox 1474 4719 1509 4766; x_wconf 83' lang='lat'>2</span> 
     </span>
    </p>
   </div>
  </div>
 </body>
</html>
