3269 5166
671 331 801 394 316
910 328 990 393 Β.
1029 328 1406 393 CYRILLI
1454 329 1986 395 ALEXANDR.
2036 328 2602 395 FRAGMENTA
2685 350 2788 392 xv.
2813 341 2890 412 51
2914 347 3029 411 sqq.

406 434 472 482 80
494 432 570 484 M.

335 430 444 578 ctol.
461 528 513 577 ii.
535 430 623 590 3.]
676 501 882 590 στοῦ,
908 502 953 540 “
967 495 1049 573 ἐν
1085 490 1144 601 ᾧ
1179 497 1320 574 εἶσι
1356 492 1618 579 πάντες
1645 499 1711 573 οἱ
1738 498 2087 599 θησαυροὶ
2120 499 2247 596 τῆς
2274 495 2545 601 σοφίας
2569 496 2686 573 καὶ
2722 490 3035 595 γνώσεως

449 642 526 698 81
556 638 652 700 Μ.
675 626 722 663 “
759 617 1238 725 ἀπόκρυφοι.”
1314 616 1529 702 αὐτὸς
1580 617 1723 721 γάρ
1759 619 1920 698 ἐστι
1966 623 2085 698 καὶ
2119 625 2265 700 τῶν
2299 619 2600 699 ἕσεσιθαι
2633 618 3032 720 προσδοκω-

677 741 909 839 με’νων
944 739 1311 837 διανομεῦς
1347 743 1667 844 ἀγαθῶν·
1735 743 1948 827 αὐτὸς
1980 743 2608 848 μεταστοιχειώσει
2641 740 2773 841 τὴν
2807 738 3037 835 κτίσιν,

335 867 485 983 {ffm-
510 869 615 919 ‘'ffi-
678 866 794 943 καὶ
852 863 1350 969 καινουργήσει
1394 865 1477 945 τὸ
1524 864 1845 965 σύμπαν,
1884 869 1998 947 καὶ
2055 866 2468 974 ἀπαλλάξει
2525 876 2568 916 ‘⁶
2594 864 2909 948 δουλείας
2955 868 3042 946 εἶς

674 998 721 1034 “
757 987 889 1087 τὴν
937 989 1341 1092 ἐλευθερίαν
1389 994 1515 1090 τῆς
1568 987 1786 1096 δόξης
1827 997 1976 1071 τῶν
2017 991 2283 1072 τέκνων
2331 999 2461 1071 τοῦ
2499 990 2764 1071 Θεοῦ.”
2837 990 2951 1068 καὶ
2989 991 3040 1066 εἰ
3063 1007 3093 1069 6

673 1119 898 1192 ταῦτα
934 1114 1191 1212 ἀληθῆ,
1217 1119 1368 1197 πῶς
1407 1115 1536 1193 οῦκ
1572 1113 1708 1194 ἔδει
1740 1113 1980 1214 πάντη
2015 1148 2092 1193 τε
2128 1118 2247 1194 καὶ
2281 1111 2570 1197 πάντως
2602 1145 3044 1215 συνκαινουρ-

679 1239 970 1338 γεῖσθαι
1007 1242 1097 1342 τῇ
1135 1236 1363 1317 κτίσει
1399 1236 1526 1317 τὸν
1561 1236 1649 1317 δι’
1690 1234 1773 1317 ὃν
1799 1237 1844 1336 ἡ
1869 1237 2121 1336 κτίσις,
2152 1239 2338 1345 φημὶ
2364 1235 2440 1316 δὲ
2475 1232 2603 1316 τόν
2635 1235 3042 1339 ἄνθρωαπ-οη

676 1358 815 1438 ἔδει
851 1361 967 1438 καὶ
995 1359 1208 1440 αὐτὸν
1237 1362 1546 1463 ὁρᾶσθαι
1583 1359 1844 1458 καινὸν,
1880 1362 1964 1440 οὐ
2001 1364 2243 1468 φθορᾷ
2276 1366 2367 1466 τῇ
2400 1359 2649 1465 πρώτῃ
2686 1360 3046 1463 τυραννού-

673 1516 912 1580 μενον,
962 1484 1046 1562 οῦ
1098 1492 1473 1588 σαρκικαΐς
1522 1484 1805 1583 ἡδοναῖς
1862 1489 1958 1569 εἶς
2007 1484 2355 1589 ἁμαρτίας
2400 1482 3047 1584 πλεονεκτούμενον,
3207 1576 3208 1579 ¹

673 1606 1143 1708 ἐγηγερμένον
1178 1606 1253 1688 δὲ
1290 1616 1584 1708 μᾶλλον
1617 1610 1695 1689 ἐν
1730 1610 2111 1717 ἀφθαρσίᾳ
2156 1644 2234 1690 τε
2277 1611 2397 1689 καὶ
2438 1611 2515 1689 ἐν
2550 1609 2915 1715 εὐσθενείᾳ
2946 1610 3046 1688 καὶ
3070 1636 3128 1679 10

673 1732 748 1808 ἐν
785 1736 956 1836 τιμῇ
987 1736 1105 1812 καὶ
1137 1732 1293 1839 θείᾳ
1327 1767 1465 1813 τινι
1502 1730 1683 1840 δόξῃ
1717 1733 2346 1836 περιεσταλμένον.
2417 1733 2557 1838 ἔφη
2594 1731 2740 1836 γάρ
2774 1768 2915 1813 που
2948 1735 3048 1811 καὶ

336 1872 635 1923 Es.1viii.8.
668 1855 715 1932 ὁ
759 1854 1147 1941 θεσπέσιος
1196 1855 1520 1940 Ἡσαΐας
1579 1868 1621 1904 “
1650 1861 1793 1936 Καὶ
1847 1855 2419 1960 προπορεύσεται
2470 1855 2883 1960 ἔμπροσθέν
2925 1889 3050 1935 σου

674 1988 718 2024 “
754 1978 798 2077 ἡ
845 1980 1258 2079 δικαιοσύνη
1313 2014 1474 2076 σου,
1524 1983 1642 2060 καὶ
1694 1981 1738 2080 ἦ
1796 1980 1978 2087 δόξα
2034 1988 2161 2060 τοῦ
2199 1986 2391 2060 Θεοῦ
2440 1987 2861 2083 περιστελεῖ
2903 1979 3046 2060 σε·”

674 2108 789 2181 καὶ
864 2101 1007 2202 μὴν
1079 2107 1195 2183 καὶ
1254 2102 1466 2189 αὐτὸς
1528 2104 1569 2182 ὃ
1642 2105 1905 2205 Κύριος
1966 2104 2169 2203 ἡμῶν
2236 2105 2522 2203 Ἰησοῦς
2581 2108 3053 2201 διεβεβαιοῦτο

673 2232 956 2333 σαφῶς,
995 2229 1091 2310 ὡς
1130 2230 1205 2307 ἐν
1242 2230 1463 2334 καιρῷ
1518 2229 1934 2313 συντελείας
1990 2236 2118 2307 τοῦ
2166 2233 2420 2314 αἰῶνος
2455 2227 2713 2309 τούτου
2749 2226 3044 2324 ἀναβιῶ-
3076 2250 3132 2309 15
3207 2234 3208 2295 Ὗ

3207 2108 3208 2147 l

3207 2178 3208 2209 l

338 2368 470 2419 Dan.
492 2369 579 2418 ¹³1-
605 2383 647 2432 3-
674 2386 928 2431 σονται
979 2350 1112 2450 μὲν
1147 2355 1212 2430 οἱ
1264 2356 1515 2454 νεκροὶ,
1566 2362 1609 2398 “
1639 2357 1705 2431 οὶ
1752 2351 1980 2453 γεμὴν
2013 2351 2373 2436 συνιέντες
2420 2351 2936 2461 ἐκλάμψουσιν
2969 2355 3053 2434 ὡς

677 2486 719 2523 “
755 2475 799 2573 ἡ
844 2472 1265 2579 λαμπρότης
1315 2482 1443 2554 τοῦ
1492 2473 2059 2579 στερεῶματος.”
2136 2474 2337 2575 πλὴν
2376 2475 2509 2580 οὐχ
2543 2472 2826 2557 ἅπασιν
2859 2478 3050 2555 ἀδια-

671 2600 924 2700 κρίτως
981 2601 1025 2698 ἡ
1079 2603 1205 2699 τῆς
1255 2604 1543 2680 τοιᾶσδε
1602 2602 1809 2699 τιμῆς
1869 2601 1986 2679 καὶ
2044 2599 2261 2707 δόξης
2318 2601 2781 2703 προκείσεται
2838 2598 3050 2705 χάρις’

670 2720 928 2824 πρέποι
964 2724 1023 2800 δ’
1054 2720 1143 2802 ἂν
1175 2729 1467 2822 μᾶλλον
1488 2722 1900 2824 ἀπολέγδην
1934 2728 2081 2808 τοῖς
2116 2730 2261 2803 τῶν
2295 2723 2556 2804 ἄλλων
2583 2723 3049 2831 ἐξῃρημέιιοις,

336 2861 485 2975 {³0¹³-
506 2860 611 2911 viii.
666 2844 739 2926 οἳ
783 2849 901 2926 καὶ
940 2845 1364 2954 σύμμορφοι
1412 2846 1763 2951 γεγόνασι
1818 2857 1862 2894 “
1890 2851 2017 2945 τῆς
2053 2847 2317 2932 εἰκόνος
2374 2855 2503 2928 τοῦ
2539 2853 2722 2929 Υὶοῦ
2781 2848 3049 2928 αὐτοῦ·”
3078 2875 3136 2919 ²0
3207 2927 3208 2964 ζ

372 2941 418 2992 9·
668 2971 1204 3067 ἀναβιώσονται
1257 2969 1388 3071 μὲν
1425 2970 1567 3075 γὰρ
1624 2970 2215 3074 ὁμολογουμένως
2270 2970 2361 3052 τὰ
2415 2970 2713 3052 πάντων
2761 2970 3055 3070 σώματα
3207 3057 3208 3082 ᾖ

668 3101 759 3202 τῇ
819 3100 946 3196 τῆς
1008 3097 1424 3202 ἀφθαρσίας
1480 3092 1720 3200 χάριτι
1779 3094 2406 3202 κατημφιασμένα,
2467 3095 3054 3201 ἀλλαχθήσονται

669 3217 748 3299 δὲ
804 3225 870 3300 οὐ
925 3218 1200 3306 πάντες·
1280 3216 1453 3298 ἀλλ’
1493 3224 1557 3299 οἱ
1611 3215 1741 3316 μὲν
1792 3225 2063 3326 φαῦλοι
2113 3221 2600 3318 ἀπομενοῦσιν
2655 3223 2734 3301 ἐν
2788 3221 2892 3329 τῷ
2941 3221 3054 3318 τῆς

669 3344 950 3442 ἀτιμίας
1004 3340 1328 3446 σχήματι
1384 3344 1498 3423 ἐπὶ
1551 3342 1749 3450 μόνῳ
1786 3346 1890 3449 τῷ
1946 3346 2204 3447 χρῆναι
2253 3340 2708 3445 κολάζεσθαι,
2744 3349 2813 3425 οἱ
2862 3342 2951 3426 δέ
2978 3374 3052 3444 γε

671 3466 922 3546 δίκαιοι
950 3465 1551 3571 ἀλλαχθήσονται
1580 3463 1787 3566 μόνοι
1823 3463 2005 3569 πρὸς
2039 3469 2142 3575 τῷ
2179 3471 2305 3566 τῆς
2341 3468 2761 3572 ἀφθαρσίας
2790 3470 3046 3574 ἀγαθῷ,
3075 3492 3132 3553 25

670 3591 788 3668 καὶ
862 3594 989 3689 τῆς
1065 3591 1256 3675 θείας
1330 3589 1546 3696 δόξης
1618 3590 2341 3692 καταπλουτήσαντες
2402 3589 2534 3690 τὴν
2593 3588 3047 3694 περιστολήν.

334 3730 465 3780 PhiL
480 3732 552 3783 iii
572 3746 648 3785 21·
673 3712 884 3797 αὐτὸς
919 3722 1299 3818 τοιγαροῦν
1333 3715 1474 3820 ἰδίᾳ
1512 3712 1803 3811 δυνάμει
1840 3716 1957 3793 καὶ
1995 3715 2307 3821 ἐνεργείᾳ
2348 3719 2731 3818 θεοπρεπεῖ
2773 3725 2820 3763 “
2844 3748 3046 3816 μετα-

675 3846 718 3883 “
752 3839 1189 3939 σχηματίσει
1242 3835 1328 3917 τὸ
1372 3843 1590 3936 σῶμα
1638 3840 1767 3936 τῆς
1821 3835 2316 3922 ταπεινώσεως
2370 3838 2573 3937 ἡμῶν
2625 3838 3051 3945 σύμμορφον

673 3968 718 4006 “
757 3961 859 4067 τῷ
922 3960 1209 4061 σώματι
1273 3965 1401 4061 τῆς
1465 3960 1683 4068 δόξης
1743 3962 2028 4041 αὐτοῦ.”
2108 3969 2316 4043 ποῖον
2380 3962 2457 4041 δὲ
2514 3960 2599 4041 τὸ
2662 3969 2886 4063 σῶμα
2939 3963 3050 4060 τῆς

672 4086 1165 4170 ταπεινώσεως
1220 4085 1467 4186 ήμῶν;
1530 4087 1724 4165 τουτὶ
1779 4082 1862 4164 τὸ
1905 4086 1983 4164 ἐκ
2030 4090 2184 4188 γῆς,
2224 4082 2307 4166 τὸ
2354 4089 2458 4194 τῷ
2512 4085 2801 4195 θανάτῳ
2857 4118 3049 4183 κατη-
3070 4116 3133 4177 3ο

669 4209 1037 4312 σχημένον
1072 4211 1152 4289 ἐκ
1184 4214 1310 4310 τῆς
1347 4208 1647 4314 ἀρχαίας
1682 4209 1943 4309 ἐκείνης
1980 4211 2180 4313 ἀρᾶς,
2207 4208 2297 4311 ἣν
2333 4208 2637 4291 λέλυκεν
2673 4210 2714 4290 ὃ
2741 4204 3048 4315 Χριστὸς

746 4514 798 4571 7.
832 4498 915 4572 δὲ]
942 4500 1004 4568 δὴ
1028 4499 1097 4556 Α.
1565 4518 1657 4574 30.
1695 4501 2108 4577 κατησχημένον]
2139 4503 2222 4560 Ita
2244 4513 2297 4561 ot
2321 4505 2390 4562 A.
2413 4502 2797 4576 κατεσχημένον
2819 4498 3050 4559 emendat

675 4571 880 4642 Migne.
908 4571 977 4626 cf.
1003 4589 1163 4643 supra
1186 4587 1310 4644 302,
1336 4588 1390 4640 5.
1411 4583 1527 4628 not.
2553 4627 2616 4678 x
