3269 5166
291 547 470 605 Filius
498 549 705 606 Filium
738 548 816 607 Se
850 549 1152 625 probatum
1185 548 1254 605 iri
1292 547 1450 613 dicit,

371 647 619 722 Angelis
673 647 1115 706 ascendentibus
1177 645 1451 704 descend-

374 744 718 820 entibusque
799 764 971 821 supra
1041 744 1119 803 Se
1192 747 1309 802 134
1356 762 1388 800 c
1416 744 1453 800 d

374 841 567 901 Deum
612 842 691 901 Se
736 844 941 919 probat
989 844 1190 902 eadem
1236 861 1304 901 ao
1345 842 1452 898 Pa-

373 949 465 999 ter
510 940 726 999 faciens
762 944 883 1000 412
907 941 946 998 d
1008 958 1109 1017 per
1160 939 1453 998 doctrinae

373 1038 734 1096 identitatem
763 1044 883 1099 412
901 1059 932 1096 e
983 1058 1087 1115 per
1106 1039 1332 1117 signum
1351 1039 1389 1097 J
1392 1059 1455 1095 o-

373 1155 484 1194 nae
507 1136 830 1212 Prophetae
862 1141 981 1196 519
1002 1137 1037 1194 d
1062 1156 1113 1204 e,
1147 1139 1266 1197 520
1285 1157 1319 1195 a
1335 1137 1391 1195 b.

293 1331 506 1391 Funus
524 1332 716 1400 Duos,
738 1331 920 1409 Cujus
949 1354 1158 1410 corpus
1178 1334 1453 1410 templum

377 1431 585 1489 dicitur
640 1434 752 1491 142
784 1452 836 1496 e,
887 1436 1000 1492 143
1086 1433 1218 1509 quia
1263 1433 1455 1490 omnia

376 1547 520 1604 quae
548 1529 608 1587 in
636 1530 803 1588 nobis
832 1532 948 1589 sint
974 1531 1246 1607 intelligit
1279 1535 1393 1591 144
1420 1552 1453 1589 e

376 1628 511 1702 quia
555 1628 759 1685 Filium
817 1627 1001 1687 Suum
1053 1630 1449 1706 Unigenitum,

376 1744 495 1783 non
539 1735 861 1785 creaturam
910 1747 1015 1803 pro
1072 1728 1239 1786 nobis
1294 1727 1452 1786 dedit

376 1823 549 1882 Pater
582 1827 695 1883 152
715 1844 767 1889 e,
797 1825 869 1882 cf.
893 1825 961 1882 M
994 1829 1030 1884 5
1088 1827 1219 1901 quia
1246 1826 1450 1884 Filium

377 1940 508 1979 eum
537 1919 703 1981 Mose
729 1923 971 1981 contulit
1001 1922 1068 1981 B.
1092 1924 1302 1982 Paulus
1335 1928 1450 1983 153

377 2039 411 2077 a
428 2020 464 2077 b
511 2022 645 2095 quia
673 2020 923 2097 Spiritus
946 2022 1127 2080 Dator
1153 2024 1268 2082 169
1298 2042 1330 2079 o
1348 2023 1384 2080 d
1403 2041 1452 2089 e,

379 2122 500 2178 810
527 2119 565 2176 b
587 2138 621 2177 o
675 2139 790 2177 non
821 2120 881 2177 in
910 2121 1320 2197 prophetarum
1347 2140 1453 2178 nu·

377 2236 537 2275 mero
582 2220 695 2276 167
726 2219 784 2284 b,
830 2222 949 2277 253
984 2238 1016 2275 o
1082 2228 1151 2277 ut
1190 2219 1314 2276 vult
1356 2218 1455 2276 dat

383 2318 498 2374 177
542 2315 635 2373 ab
690 2335 793 2391 per
845 2336 1020 2392 opera
1076 2321 1195 2377 253
1240 2317 1352 2382 ab,
1382 2316 1453 2374 cf.

380 2416 501 2472 510
529 2432 582 2478 e,
626 2417 745 2473 673
776 2415 814 2472 b
838 2433 890 2480 o,
937 2418 1055 2473 799
1083 2433 1117 2471 c
1140 2414 1180 2471 d
1232 2415 1451 2490 eogita-

377 2510 630 2569 tionibus
684 2512 925 2570 aliorum
993 2532 1162 2588 saepe
1217 2531 1450 2588 respon·

376 2610 519 2669 dens
549 2615 668 2671 254
689 2631 740 2678 e,
772 2616 890 2671 345
912 2632 965 2677 a.
1005 2613 1077 2670 ef.
1103 2615 1222 2672 448
1252 2631 1304 2678 a,
1336 2615 1454 2671 546

375 2707 436 2775 b,
469 2712 587 2769 637
617 2711 724 2777 bc,
756 2714 875 2769 657
907 2730 957 2776 c,
989 2714 1108 2770 933
1131 2730 1179 2769 e.

298 2805 477 2865 Filius
497 2808 685 2867 Deum
710 2809 787 2868 Se
815 2828 940 2868 esse
966 2809 1171 2884 probat
1192 2808 1252 2867 in
1271 2809 1457 2867 forma

376 2905 626 2964 humana
641 2926 745 2982 per
773 2908 1161 2984 cognitionem
1184 2906 1453 2965 Divinam

385 3007 498 3064 133
528 3004 585 3071 b,
618 3008 738 3065 380
765 3006 823 3072 b,
856 3009 974 3066 394
1004 3025 1057 3073 e,
1088 3010 1206 3065 412
1237 3006 1274 3064 b
1297 3025 1331 3065 e
1395 3015 1454 3064 et

379 3102 461 3160 ita
499 3104 680 3162 credit
730 3104 1060 3162 Nathanael
1111 3106 1223 3164 134
1258 3123 1292 3161 a
1352 3122 1454 3180 per

383 3202 442 3259 id
524 3202 682 3277 quod
764 3202 918 3269 dicit,
1000 3202 1200 3260 Nolite
1268 3202 1454 3261 facere

378 3302 631 3362 Domum
699 3299 892 3358 Patris
955 3297 1074 3359 Mei
1134 3303 1248 3360 139
1292 3301 1452 3374 bed,

383 3404 496 3459 142
529 3418 564 3457 a
623 3407 683 3457 et
710 3399 1069 3458 Resuscitem
1097 3398 1240 3456 illud
1263 3399 1323 3455 in
1351 3418 1455 3456 no-

377 3499 612 3557 vissimo
634 3498 725 3556 die
757 3500 874 3557 339
898 3497 935 3555 b
1001 3504 1061 3555 et
1081 3496 1292 3565 Nemo,
1318 3497 1452 3573 Ipso

376 3616 493 3655 non
522 3598 671 3655 inter
698 3596 1007 3654 Neminem
1031 3599 1149 3655 348
1173 3614 1224 3662 e,
1257 3599 1373 3654 349
1397 3595 1453 3663 b,

379 3698 500 3754 450
530 3714 580 3753 o.
1447 3773 1454 3779 ἢ

299 3791 473 3851 Filius
518 3793 678 3851 Deus
724 3793 907 3869 Cujus
959 3792 1353 3851 testimonium
1402 3793 1452 3851 is

377 3892 475 3968 qui
527 3891 733 3966 accipit
800 3891 1050 3967 signavit
1104 3889 1239 3965 quia
1291 3890 1451 3950 Deus

378 4008 549 4047 verax
596 3998 687 4048 est
736 3991 852 4048 166
880 3989 936 4054 b,
972 3991 1086 4048 167
1165 3989 1297 4064 quia
1338 3988 1448 4047 Dei

376 4090 590 4147 donum
617 4088 861 4164 largitur
894 4091 1010 4148 180
1033 4107 1065 4145 e
1083 4086 1121 4143 d
1178 4105 1249 4145 ne
1281 4086 1451 4145 Pater

375 4186 610 4245 inferior
675 4187 841 4244 nobis
905 4186 1189 4263 gigneret.
1245 4184 1448 4243 Filium

377 4285 692 4344 non-deum
728 4285 977 4361 gignens
1024 4285 1137 4344 188
1169 4284 1224 4356 d,
1263 4286 1380 4344 865
1411 4285 1448 4342 b

375 4402 450 4442 ne
478 4383 651 4442 Pater
677 4393 985 4460 non-pater
1012 4384 1112 4441 fiat
1143 4386 1258 4442 797
1289 4383 1375 4441 ed
1392 4402 1444 4449 e,

377 4484 496 4541 864
521 4501 570 4548 e,
596 4481 669 4542 iii.
695 4486 834 4548 3⁷5,
864 4481 935 4539 cf.
957 4483 1075 4540 238
1096 4481 1136 4538 d
1187 4500 1259 4538 ne
1281 4481 1450 4539 Pater

373 4580 718 4639 irrationalis
759 4581 859 4638 fiat
885 4580 965 4637 iii.
1002 4583 1119 4649 375
1190 4597 1262 4637 ne
1291 4578 1446 4637 Deus

295 385 498 425 rimus
533 386 685 425 nnus
720 386 1024 425 sanemus
1127 366 1450 424 INDEX
1536 367 1907 426 RERUM.
2596 372 2708 429 631

1640 548 1954 609 non-deum
1975 550 2243 626 gigneret
2261 554 2377 610 804
2397 550 2452 618 d,
2474 552 2615 616 805.
2633 551 2713 610 iii.

1642 650 1780 720 461,
1812 650 1930 707 462
1987 668 2061 706 ne
2104 648 2392 706 non-deus
2420 648 2577 706 Deus
2614 650 2714 707 fiat

1641 750 1784 812 305,
1833 751 1969 813 306.
2015 750 2134 807 504
2164 766 2214 821 o,
2259 750 2400 812 505.
2447 751 2565 806 570
2599 746 2713 813 bc.

1639 844 1706 903 Μ
1735 849 1813 905 62
1844 847 1961 918 fin„
2004 848 2080 904 63
2111 846 2234 903 init.
2305 865 2379 904 ne
2420 846 2713 903 non-filius

1640 947 1759 1003 864
1783 945 1821 1001 d
1850 964 1882 1002 e
1945 964 2019 1001 ne
2061 944 2138 1001 dii
2183 944 2297 1002 duo
2338 945 2479 1002 fiant
2508 946 2626 1002 850
2656 962 2712 1010 e,

1640 1046 1755 1103 851
1789 1062 1823 1101 a
1890 1062 1963 1101 ne
2005 1052 2265 1101 ereatura
2306 1047 2424 1102 504
2455 1043 2711 1108 0—508.

1644 1144 1760 1200 779
1790 1160 1824 1198 a
1878 1140 2008 1216 quia
2048 1139 2239 1199 Judex
2270 1144 2389 1200 224
2419 1160 2470 1208 c,
2509 1145 2627 1200 237
2658 1160 2708 1207 e,

1642 1241 1757 1298 238
1789 1258 1824 1296 a
1885 1239 2016 1313 quia
2043 1239 2251 1296 colitur
2281 1242 2399 1298 304
2429 1259 2478 1305 c,
2523 1242 2643 1299 850
2672 1238 2709 1296 d

1638 1339 1769 1414 quia
1794 1337 2042 1395 vivificat
2071 1341 2182 1395 341
2211 1337 2317 1402 ab,
2350 1341 2467 1397 345
2497 1336 2556 1399 d.
2590 1340 2711 1396 666

1639 1456 1673 1493 a
1728 1455 1833 1511 per
1857 1436 2263 1512 Apostolorum
2293 1434 2710 1493 confessionem

1641 1536 1758 1594 393
1789 1534 1825 1591 d
1844 1553 1893 1592 e.

1557 1633 1734 1691 Filius
1789 1631 1950 1690 Deus
2017 1632 2292 1706 probatus
2351 1649 2453 1708 per
2507 1648 2708 1689 vocem

1633 1729 1840 1789 Esaiae
1865 1732 1962 1804 (vi.
1989 1732 2042 1798 1,
2064 1732 2127 1802 2)
2152 1735 2269 1789 505
2293 1750 2327 1788 a
2369 1748 2472 1805 per
2494 1730 2709 1788 Vocem

1636 1829 1745 1888 Dei
1795 1830 1978 1887 Patris
2035 1827 2287 1888 “Genui
2333 1828 2416 1886 Te
2436 1828 2471 1850 ”
2523 1831 2642 1888 505
2671 1828 2711 1885 b

1636 1947 1741 2004 per
1766 1946 1965 1985 vocem
2009 1927 2170 1985 Pauli
2198 1926 2300 2001 (ad
2329 1925 2509 1985 Hebr.
2537 1925 2576 1984 i.
2607 1927 2711 2001 13)

1639 2028 1757 2085 505
1800 2025 1839 2082 b
1861 2044 1893 2083 e
1962 2024 2223 2083 Gloriam
2269 2025 2488 2083 habens
2542 2042 2713 2100 super

1637 2131 1955 2181 creatorum
2025 2122 2265 2197 gloriam
2325 2126 2443 2182 506
2474 2121 2531 2188 d,
2591 2126 2709 2181 507

1637 2240 1740 2297 per
1781 2229 1819 2252 “
1841 2221 2006 2291 Quae
2046 2219 2253 2295 placita
2282 2228 2415 2277 sunt
2448 2219 2536 2291 Ei,
2564 2218 2713 2277 facio

1639 2338 1864 2394 semper
1881 2318 1916 2340 ”
1961 2322 2074 2378 531
2149 2327 2213 2376 ut
2252 2316 2533 2375 libertatis
2574 2317 2714 2374 Lar-

1637 2418 1793 2494 gitor
1822 2422 1933 2477 541
1963 2418 2019 2484 b,
2053 2419 2170 2476 542
2194 2435 2227 2474 e
2294 2414 2426 2491 quia
2465 2419 2715 2472 “manet

1638 2517 1697 2574 in
1739 2515 2088 2574 aeternum”
2133 2518 2246 2575 541
2282 2532 2334 2580 c,
2380 2517 2497 2574 542
2584 2514 2715 2590 quia

1638 2617 1812 2674 verba
1838 2635 1943 2673 sua
1969 2615 2083 2673 Dei
2111 2615 2287 2673 verba
2310 2617 2427 2673 567
2448 2633 2482 2672 e
2541 2631 2716 2690 opera

1639 2732 1813 2790 opera
1855 2713 1963 2770 Dei
2007 2715 2125 2772 510
2148 2731 2200 2778 e,
2246 2715 2364 2771 784
2395 2712 2487 2771 de
2584 2712 2716 2787 quia

1638 2812 1765 2888 quis
1807 2829 2129 2870 sermonem
2173 2809 2357 2868 Suum
2413 2819 2621 2887 servet,
2665 2810 2714 2866 is

1639 2920 1883 2968 mortem
1938 2927 2056 2965 non
2103 2907 2261 2965 videt
2308 2906 2367 2964 in
2416 2916 2711 2965 aeternum

1640 3012 1757 3068 572
1778 3008 1817 3065 d
1860 3007 1992 3083 quia
2012 3005 2091 3064 Se
2110 3005 2395 3063 Abraham
2426 3004 2566 3062 vidit
2590 3008 2710 3064 584

1639 3125 1671 3163 o
1689 3107 1729 3164 d
1773 3106 1905 3181 quia
1927 3112 2059 3162 ante
2087 3102 2378 3161 Abraham
2407 3110 2495 3159 est
2523 3105 2643 3162 586
2672 3103 2710 3160 b

1638 3204 1770 3279 quia
1795 3203 1996 3262 mortis
2023 3201 2303 3259 Dominus
2332 3204 2453 3260 660
2483 3220 2516 3258 e
2574 3200 2713 3275 quia

1638 3302 1675 3362 ii
1717 3301 1775 3358 in
1817 3301 2021 3377 quibus
2061 3300 2278 3358 inesset
2317 3299 2394 3356 dii
2422 3298 2557 3357 facti
2589 3302 2708 3359 669

1636 3399 1763 3457 bed
1794 3399 1983 3469 Quem
2002 3418 2131 3456 cnm
2151 3397 2390 3456 articulo
2408 3399 2715 3456 confitetur

1634 3497 1870 3556 Martha
1923 3500 2041 3557 683
2087 3516 2124 3554 a
2204 3497 2337 3572 quia
2392 3496 2449 3553 in
2506 3495 2711 3572 Seipso

1639 3599 1864 3656 Patrem
1929 3594 2197 3672 exprimit
2253 3598 2371 3654 777
2416 3613 2448 3652 c
2477 3613 2529 3661 e,
2591 3598 2708 3654 778

1637 3695 1768 3771 quia
1815 3694 2059 3753 Deitatis
2112 3711 2288 3770 opera
2329 3693 2466 3753 facit
2512 3698 2628 3753 777
2659 3714 2711 3763 e,

1640 3797 1777 3854 778.

1551 3892 1728 3951 Filius
1758 3892 1917 3950 Deus
1952 3911 2058 3968 pro
2086 3890 2266 3967 Cujus
2295 3891 2480 3967 gloria
2507 3891 2713 3949 Lazari

1632 4009 1788 4049 mors
1811 3994 1930 4051 676
1953 4010 2003 4058 e,
2035 3993 2154 4049 677
2174 4009 2208 4047 a
2263 4008 2337 4047 ne
2379 3989 2715 4066 imperfecta

1632 4088 1709 4148 sit
1750 4088 1859 4148 SS.
1882 4088 2137 4147 Trinitas
2177 4090 2297 4146 790
2318 4107 2352 4145 a
2425 4087 2541 4150 Qui
2573 4088 2712 4146 dicit

1632 4195 1671 4221 ‘⁶
1694 4187 1814 4245 Vos
1842 4187 2059 4245 vocatis
2078 4183 2178 4244 Me
2197 4182 2480 4262 Magister
2507 4193 2566 4244 et
2588 4186 2710 4243 Do-

1631 4285 1784 4342 mine
1812 4292 1873 4343 et
1898 4284 2045 4342 bene
2067 4283 2271 4351 dicitis,
2294 4302 2421 4341 sum
2451 4284 2662 4342 etenim
2675 4283 2712 4305 ’³

1634 4385 1751 4441 790
1783 4381 1821 4438 d
1906 4380 2024 4451 Qui
2081 4381 2217 4439 dicit
2281 4390 2316 4415 “
2336 4381 2493 4456 Ergo
2546 4378 2713 4438 liberi

1630 4488 1765 4538 sunt
1791 4479 1936 4538 filii”
1962 4482 2075 4540 791
2099 4499 2135 4537 a
2180 4479 2315 4554 quia
2332 4476 2711 4553 Theophorus

1629 4578 1841 4638 Paulus
1879 4576 1936 4635 in
1971 4598 2083 4655 quo
2124 4576 2402 4635 habitavit
2441 4593 2544 4652 per
2578 4575 2705 4652 Spi-
