3269 5166
223 363 460 423 ηπ,
482 365 584 432 23.
675 345 792 410 IN
838 341 2617 411 S.JOANNEM.L1B.XI1.0AP.I.135

223 510 458 596 καθὼς
516 508 704 592 οἶδεν
756 509 969 596 αὐτὸς
1027 515 1144 591 καὶ
1208 513 1300 617 τῇ
1364 518 1494 592 τοῦ
1558 511 1739 592 ἰδίου
1795 510 2217 610 Πνεύματος
2271 506 2625 613 μετουσίᾳ

222 634 795 742 καταφαιδρύνας
853 634 1095 717 αὐτόν·
1178 645 1222 682 “
1250 633 1658 787 ἐνεφύσησε
1714 633 1860 739 γὰρ
1918 640 2016 719 ἐἰς
2073 631 2156 717 τὸ
2217 629 2622 734 πρόσωπον
2712 648 2903 701 Gen-1²-
2914 661 2963 714 ⁷·

224 760 516 840 “αὖτοῦ
565 761 797 860 πνοὴν
849 761 1090 865 §tofis-,⁹⁹
1147 757 1337 840 καθὰ
1396 759 1825 863 γέγραπται.
1910 756 2150 859 ἐπειδὴ
2203 755 2281 838 δε
2340 754 2621 857 σύνεβη

223 891 467 964 πεσεῖν
502 887 582 964 ἐκ
614 888 984 989 παρακοῆς
1017 891 1117 970 εἰς
1150 882 1281 965 τὸν
1318 885 1652 982 θάνατον,
1689 887 1807 965 καὶ
1848 888 1978 985 τῆς
2019 884 2321 989 ἀρχαίας
2354 881 2621 981 ἐκείνης
2645 888 2693 956 d

161 1027 200 1088 5
224 1012 689 1109 διολισθῆσαι
741 1013 951 1110 τιμῆς
1005 1007 1134 1090 τὸν
1180 1006 1582 1111 ἄνθρωπον,
1615 1009 1988 1090 ἀνέκτισεν
2033 993 2277 1090 πάλιν.
2307 1004 2528 1087 αὑτὸν
2576 1007 2620 1086 5

222 1131 407 1217 Θεὸς
440 1136 557 1213 καὶ
596 1132 855 1238 Πατὴρ
901 1136 1018 1213 καὶ
1065 1138 1164 1218 εἰς
1202 1131 1587 1233 καινότητα
1619 1131 1800 1236 ζωῆς
1851 1134 2230 1234 ἀνεκόμισε
2274 1131 2361 1210 δι’
2401 1135 2613 1227 Υἰοῦ,

222 1255 542 1362 καθάπερ
577 1260 654 1337 ἐν
685 1260 901 1363 ἀρχῇ·
962 1253 1342 1358 ἀνεκόμισε
1381 1255 1460 1337 δὲ
1495 1264 1652 1342 πῶς
1689 1258 1731 1338 5
1768 1257 1989 1352 Υἱόςς
2030 1261 2132 1364 τῷ
2168 1252 2455 1361 θανάτῳ
2491 1257 2621 1353 τῆς

220 1383 430 1483 ἁγίας
501 1382 773 1485 σαρκὸς
845 1380 1212 1484 νεκρῶσας
1271 1380 1402 1462 τὸν
1465 1380 1799 1480 θάνατον,
1856 1385 1974 1462 καὶ
2047 1386 2143 1466 εἰς
2212 1377 2621 1481 ἀναδρομὴν

219 1508 634 1614 ἀφθαρσίας
682 1502 769 1586 τὸ
817 1505 1267 1608 ἀνθρώπινον
1300 1506 1506 1607 γε’νος
1554 1507 1975 1610 ἀνενεγκών·
2053 1503 2431 1610 ἐγήγερται
2473 1503 2621 1608 γὰρ

117 1656 196 1702 10
220 1630 396 1736 ὑπὲρ
451 1632 653 1731 ἡμῶν
697 1632 738 1710 5
780 1629 1131 1735 Χριστός.
1211 1631 1330 1711 ἵνα
1377 1633 1616 1713 τοίνυν
1652 1629 1872 1713 αὐτὸν
1907 1634 2171 1712 ἐκεῖνον
2202 1629 2379 1711 ὄντα
2425 1664 2611 1729 μαν-

216 1754 546 1855 θάνωμεν
617 1754 744 1836 τὸν
816 1754 906 1863 ἐξ
972 1758 1198 1861 ἀρχῆς
1270 1759 1399 1855 τῆς
1482 1756 1826 1861 ἡμετέρας
1902 1755 2194 1865 φύσεως
2267 1751 2620 1858 γεγονότα

216 1879 669 1984 δημιουργὸν,
709 1884 826 1960 καὶ
860 1882 966 1987 τῷ
1001 1881 1233 1990 Αγίῳ
1269 1877 1346 1960 δε
1391 1881 1577 1981 ἡμᾶς
1625 1880 2336 1987 κατασφραγίσαντα
2373 1877 2609 1960 ssve&-

213 2039 407 2104 ματι,
452 2004 681 2086 πάλιν
727 2005 896 2106 ἡμῖν
952 2008 992 2085 5
1049 2001 1310 2109 Σωτὴρ
1364 2007 1459 2090 ὦς
1515 2007 1591 2086 ἐν
1639 2008 1935 2112 ἀπαρχῇ
1986 2010 2116 2105 τῆς
2170 2004 2607 2108 ἀνακαινιζο·
2640 2032 2676 2077 e

213 2130 430 2231 μένης
477 2129 772 2237 φύσεως
821 2137 970 2216 τοῖς
1020 2131 1251 2233 ἁγίοις
1300 2136 1653 2232 μαθηταῖς
1702 2133 1789 2211 δι’
1827 2129 2348 2238 ἐμφυσήματος
2402 2132 2612 2231 ἐναρ·

113 2278 186 2339 15
212 2263 389 2358 γοῦς
427 2253 511 2335 τὸ
551 2260 849 2404 Πνεῦμα
886 2255 1265 2360 χαρίζεται.
1340 2256 1610 2362 γροίφει
1646 2254 1792 2360 γὰρ
1829 2257 1871 2335 5
1911 2259 2243 2355 Μωυσῆς
2278 2258 2439 2357 περὶ
2487 2258 2616 2355 τῆς

211 2380 515 2487 ἀρχαίας
549 2380 755 2480 ἡμῶν
791 2378 1352 2532 δημουργίας,“
1312 2413 1424 2459 οτι
1459 2379 1912 2489 ἐνεφύσησεν
1946 2387 2040 2465 εἰς
2085 2379 2171 2461 τὸ
2216 2376 2617 2481 πρόσωπον
2705 2410 2790 2465 lb.

212 2506 435 2586 αὐτοῦ
471 2503 700 2606 πνοὴν
735 2502 937 2608 ζωῆς.
1018 2508 1113 2590 ὡς
1162 2504 1291 2585 οὖν
1325 2504 1499 2613 ἐξ’
1455 2508 1686 2612 αρχῆς
1733 2503 2074 2606 ἐπλάσθη
2126 2507 2244 2585 καὶ
2287 2504 2614 2656 ye'yomwt

212 2633 402 2711 οὕτω
476 2633 593 2711 καὶ
658 2628 1188 2733 ἀνακαινίζεται,
1249 2635 1367 2711 καὶ
1438 2665 1689 2734 ωσπερ
1762 2631 2151 2781 ἐμορφιόθη
2222 2627 2387 2712 τότε
2458 2663 2597 2711 κατ

209 2752 449 2835 εἰκόνα
520 2762 650 2835 τοῦ
721 2756 1125 2849 κτίσαντος,
1184 2757 1372 2835 οὕτω
1444 2789 1563 2836 και
1639 2764 1767 2836 νῦν
1827 2761 1919 2862 τῇ
1992 2763 2122 2836 τοῦ
2194 2754 2618 2856 Πνεύματος

105 2903 182 2963 ²9
207 2879 560 2987 μετουσίᾳ
606 2876 790 2983 πρὸς
843 2876 1222 2985 ε’μφέρειαν
1257 2877 1835 2979 μεταπλάττεται
1881 2887 2012 2962 τοῦ
2060 2880 2240 2959 ἰδίου
2287 2887 2611 2979 ποιητοῦ.

207 3004 324 3085 ὅτι
386 3001 533 3107 γὰρ
595 3009 723 3083 τοῦ
786 3006 1123 3106 Σωτῆρος
1175 3001 1310 3102 τὴν
1357 3000 1749 3111 μόρφωσιν
1802 3003 2121 3099 ε’νθλίβει
2174 3002 2261 3082 τὸ
2318 3008 2619 3101 Πνεῦμα

204 3136 367 3212 ταῖς
430 3133 577 3209 τῶν
635 3126 1034 3233 δεχομένων
1093 3126 1269 3209 αὐτὸ
1332 3132 1628 3236 ψυχαῖς,
1689 3135 1845 3212 πῶς
1909 3128 2038 3209 οὐκ
2104 3127 2618 3236 ἀναμφίλογον
2640 3163 2677 3205 a
2693 3150 2956 3208 1098Δ.

203 3259 359 3337 τοῖς
430 3257 527 3336 εἰς
597 3249 892 3353 νομικὴν
964 3249 1386 3355 ἐπιτήρησιν
1460 3252 2031 3353 διωλισθηκόσιν
2104 3254 2185 3333 ἐκ
2264 3254 2616 3360 ῥᾳθυμίας

205 3375 773 3461 ἐπιστέλλοντος
808 3384 938 3456 τοῦ
977 3375 1284 3458 Παύλου
1330 3382 1595 3482 σαφῶς
1630 3387 1675 3424 “
1704 3377 1968 3458 Τεκνία
2020 3412 2181 3478 μου,
2220 3376 2342 3464 οῦς
2388 3377 2615 3460 πάλιν
2705 3387 2821 3504 ξω·
2842 3390 2913 3442 iv·

101 3523 176 3585 ²5
203 3512 251 3549 “
287 3502 546 3599 ὠδίνω,
583 3500 788 3607 ἄχρις
841 3500 925 3582 οὗ
979 3506 1340 3608 μορφωθῇ
1384 3500 1715 3606 Χριστὸς
1771 3503 1847 3582 ἐν
1886 3503 2115 3603 ὑμῖν.”
2175 3504 2310 3609 οὐχ
2362 3502 2616 3608 ἑτέρως
2738 3468 2792 3522 ⁹⁶

204 3623 356 3729 γὰρ
409 3629 487 3706 ἐν
541 3626 778 3710 αὐτοῖς
841 3623 1472 3731 μορφωθήσεσθαι
1534 3625 1733 3730 λε’γει
1788 3625 2141 3730 Χριστὸν,
2201 3625 2248 3728 ἢ
2309 3625 2429 3709 διὰ
2487 3636 2617 3709 τοῦ

198 3757 603 3857 μετασχεῖν
655 3750 908 3854 Ἀγίου
965 3756 1040 3832 Π
1044 3751 1410 3851 νεύματος,
1462 3751 1981 3834 πολιτεύεσθαί
2028 3787 2106 3833 τε
2156 3751 2341 3833 κατὰ
2395 3750 2617 3854 νόμον

197 3875 336 3958 τὸν
391 3873 885 3978 εὐαγγελικόν.
968 3876 1245 3975 οὐκοῦν,
1296 3878 1393 3962 ὡς
1446 3879 1524 3958 ἐν
1572 3880 1868 3983 ἀπαρχῇ
1921 3881 2049 3976 τῆς
2105 3877 2617 3979 ἀνανεουμένης

198 4002 511 4085 κτίσεως
585 4005 686 4084 εἰς
748 4001 1172 4106 ἀφθαρσίαν
1234 4035 1312 4082 τε
1382 4003 1500 4082 καὶ
1562 3997 1791 4109 δόξαν
1849 4003 1967 4082 καὶ
2027 4007 2124 4086 εἰς
2188 4000 2422 4083 εἰκόνα
2484 4001 2619 4103 τὴν

93 4153 168 4212 30
194 4129 483 4226 θεοειδῆ
545 4124 913 4229 κατοικίζει
966 4124 1197 4207 πάλιν
1250 4124 1336 4206 τὸ
1395 4125 1572 4206 ἴδιον
1624 4133 1907 4224 πνεῦμα
1956 4125 2285 4230 Χριστὸς
2338 4129 2414 4207 ἐν
2468 4133 2617 4213 τοῖς
2641 4144 2684 4211 1)

269 4391 380 4448 1-6
413 4400 530 4448 etr
721 4390 848 4445 citat
884 4388 1136 4446 catena
1120 4409 1180 4445 1n
1216 4391 1320 4462 Ep.
1348 4390 1417 4446 ad
1457 4391 1731 4446 Romanos
1766 4390 1822 4445 in
1862 4390 2296 4463 Bibl.1mperiali
2321 4391 2619 4447 Viennensi

586 4479 694 4517 eo.
723 4460 884 4517 Nece.
906 4461 1023 4517 166.
1051 4460 1243 4518 Lamb.
1263 4461 1380 4533 46.)
1403 4461 1588 4518 bomb.
1615 4462 1710 4518 fol.
1733 4461 1818 4516 16.
2053 4482 2109 4530 4.
2145 4464 2468 4532 παραπεσεῖν
2494 4461 2615 4517 Cat.

187 4481 428 4591 dvm
306 4554 421 4592 om.
450 4533 574 4591 (ant.
822 4548 876 4603 5.
911 4535 1060 4604 τιμῆς
1081 4532 1369 4603 ὄλισθῆσαι
1394 4533 1513 4589 Cat.
1765 4534 1818 4588 6.
1853 4531 2154 4606 ἀνεκόμισε]
2183 4533 2468 4600 ἀνεβίβασε
2495 4531 2617 4589 Cat.

193 4622 280 4675 14.
317 4608 568 4679 ενεργοῦς
594 4604 720 4660 Cat.
938 4619 1025 4676 29.
1061 4604 1145 4659 καὶ
1168 4605 1263 4661 811.
1289 4613 1628 4678 assumptum
1655 4621 1720 4659 ex
1747 4603 1814 4659 E.
1818 4622 1872 4675 p.
