3269 5166
347 439 425 505 [6
476 440 539 491 Μ
651 340 781 406 278
1002 340 1085 404 Β.
1130 339 1509 406 CYRILLI
1561 341 2096 409 ALEXANDR.
2150 343 2720 410 FRAGMENTA
2907 370 2970 410 x.
3003 368 3057 411 1.

427 456 448 490 1
541 441 599 505 ·]

1239 738 1657 815 ΤοΜοΣ
1741 741 1811 814 Δ
1900 685 2293 817 ΛοΓοΣ
2378 741 2461 818 Γ.

320 971 479 1050 Κεφ.
514 965 573 1033 ι’.
720 969 829 1038 ,Οὐ
884 970 1062 1035 θέλω
1115 971 1186 1038 δὲ
1241 974 1407 1050 ὑμᾶς
1461 969 1741 1054 ἀΓνοεῖν,
1795 973 2098 1062 ἀδελφοὶ,
2150 977 2252 1040 ὅτι
2304 972 2366 1041 οἶ
2420 975 2705 1063 πατέρες
2759 974 2954 1051 ἡμῶν

1259 1099 1500 1163 πάντες
1553 1099 1680 1165 ὑπὸ
1735 1097 1855 1166 τήν
1910 1101 2196 1188 νεφέλην
2252 1095 2442 1171 ἦσαν.

764 1262 1277 1364 Παραγγείλας
1327 1262 1366 1340 ὁ
1414 1266 1713 1346 Παῦλος
1766 1262 1867 1362 μὴ
1926 1264 2191 1344 ἐσθίειν
2246 1262 2572 1368 ἱερόθυτα
2627 1270 2776 1348 τοῖς
2834 1267 3057 1361 δῆθεν

647 1384 924 1465 τελείαν
977 1383 1229 1488 ἔχουσι
1281 1391 1581 1487 γνῶσιν,
1623 1393 1952 1489 πειρᾶται
2005 1384 2266 1467 λοιπὸν
2311 1389 2712 1468 ἀναπείθειν
2764 1389 2846 1467 ἐκ
2901 1393 3054 1467 τῶν
3079 1418 3111 1479 5

646 1512 794 1589 τοῖς
839 1506 1315 1611 ἀρχαιοτέροις
1366 1506 1831 1607 συμβάντων,
1872 1508 1980 1588 ὅτι
2026 1508 2111 1590 τὸ
2148 1514 2394 1616 χρῆμα
2429 1511 2562 1590 οὐκ
2611 1510 2812 1589 ἔστιν
2849 1511 3047 1590 ε’πῶ·

647 1639 888 1734 φελες,
916 1630 1117 1710 ἀλλὰ
1151 1638 1444 1729 μᾶλλον
1479 1632 1907 1739 ἐπισφαλὲς,
1933 1636 2050 1713 καὶ
2086 1633 2195 1713 ὅτι
2231 1642 2378 1718 τοῖς
2414 1636 2677 1713 ἀδικεῖν
2712 1633 3048 1713 ειωθόσιν

544 1743 559 1754 ’
645 1755 996 1854 ἐπιπηδᾶν
1050 1756 1178 1835 οὐκ
1231 1752 1545 1857 άζῗημιον·
1621 1756 2030 1861 άποκομίζει
2095 1756 2241 1860 γὰρ
2307 1763 2403 1841 εἷς
2455 1791 2541 1837 το
2599 1762 2778 1859 δρᾶν
2837 1753 2889 1835 ἃ
2945 1754 3046 1855 μὴ

645 1878 863 1976 θέμις,
919 1878 1523 1981 καταδονουμένης
1575 1877 1888 1966 εὐκόλως·
1939 1884 2068 1982 τῆς
2122 1881 2504 1985 ἀνθρώπου
2559 1881 2872 1963 διανοίας
2929 1881 3042 1986 ἐφ

646 1999 696 2082 ἃ
729 2001 830 2101 μὴ
863 2006 1189 2105 προσ-ἧκε
1222 2036 1408 2083 κατα
1440 2003 1707 2108 βραχύ.
1790 2003 2067 2109 δέχεται
2120 2006 2358 2086 τοίνυν
2405 2006 2534 2085 οὐκ
2585 2007 2880 2103 ἀκαλλῆ
2917 2012 3048 2083 τοῦ
3085 2040 3150 2080 1ο

641 2125 1067 2229 πράγματος
1128 2123 1382 2223 εἰκόνα,
1439 2133 1732 2225 μᾶλλον
1790 2125 1866 2208 δὲ
1931 2131 2050 2209 καὶ
2104 2131 2272 2209 λίαν
2327 2126 2898 2235 ἐμφερεστάτην,
2952 2127 3049 2207 τὰ

641 2257 788 2335 τοῖς
853 2251 942 2356 ἐξ
999 2249 1295 2347 αἵματος
1353 2248 1665 2354 Ἰσραὴλ
1727 2252 2247 2352 συμβεβηκότα
2306 2250 2490 2333 κατὰ
2551 2249 2683 2351 τὴν
2745 2251 3040 2354 ἔρημον·

642 2371 1086 2452 άποδεικνύοι
1133 2371 1211 2452 δὲ
1260 2375 1378 2453 καὶ
1425 2373 1630 2473 μάλα
1674 2380 1977 2478 γοργῶς,
2016 2373 2128 2455 ὅτι
2159 2374 2245 2454 τὸ
2281 2374 2516 2479 συζῆν
2552 2372 2829 2454 ἐθέλειν
2867 2376 3043 2455 ἀπί-

643 2528 847 2580 στοις
891 2496 1039 2575 οὐδ’
1080 2493 1172 2575 ἂν
1206 2498 1442 2581 αὐτοῖς
1486 2497 1764 2601 γένοιτο
1819 2505 1969 2582 τοῖς
2022 2498 2546 2603 ἐρηρεισμένοις
2599 2495 2926 2600 άζῆμιον.
3005 2497 3048 2579 ὃ

644 2617 721 2700 δὲ
775 2621 987 2721 λέγει,
1043 2620 1257 2700 τοῦτό
1313 2624 1538 2701 ἐστιν·
1625 2623 2062 2703 ἐτελειοῦντο
2118 2622 2238 2703 διὰ
2288 2627 2418 2723 τῆς
2462 2623 2770 2729 νεφέλης
2821 2626 2901 2702 ἐν
2956 2627 3047 2727 τῇ
3079 2667 3148 2725 15

641 2741 1016 2849 θαλάσσῃ,
1051 2742 1279 2845 μέσης
1325 2746 1812 2848 ἐπηρτημένης
1861 2747 2100 2832 αὐτοῖς
2147 2750 2278 2845 τῆς
2327 2747 2658 2853 νεφέλης,
2699 2747 3041 2846 μεσιτεύ-

636 2900 847 2950 οντος
887 2867 1241 2965 Μωσέως,
1279 2873 1348 2948 οἱ
1382 2872 1510 2968 τῆς
1561 2870 1887 2955 δουλείας
1935 2872 2518 2973 ἀπηλλαγμένοι·
2590 2870 2878 2976 ἔφαγον
2917 2872 3046 2953 τὸν
3221 2974 3222 2979 ¹

588 3018 597 3025 ’
641 2989 861 3094 ἄρτον
894 2990 1024 3070 τὸν
1057 2991 1146 3098 ἐξ
1176 2992 1500 3095 οὐρανοῦ,
1537 2992 1737 3073 ἔπιον
1776 2993 1863 3072 τὸ
1898 2991 2102 3091 πόμα
2135 2992 2221 3074 τὸ
2257 2991 2624 3097 ζωοποιόν·
2701 2992 3044 3076 πεπότικε

638 3113 784 3217 γὰρ
838 3113 1095 3200 αὐτοὺς
1149 3116 1190 3194 ὁ
1229 3112 1555 3218 Χριστὸς
1608 3113 1821 3202 αὐτὸς
1877 3114 1977 3195 ὧν
2031 3117 2075 3215 ἦ
2130 3117 2385 3218 πέτρα·
2465 3121 2588 3198 καὶ
2638 3115 2782 3221 γάρ
2841 3120 3044 3199 ἐστιν
3221 3132 3222 3219 ἰ

640 3238 1049 3339 ἄθραυστος
1102 3241 1198 3323 ὦς
1237 3237 1423 3322 Θεὸς
1482 3237 1614 3319 κᾶν
1650 3243 1709 3318 εἰ
1759 3238 2114 3320 πέπονθεν
2148 3237 2329 3319 ἑκὼν
2365 3249 2495 3321 τοῦ
2541 3239 2860 3323 θανάτου
2913 3241 3042 3341 τὴν
3069 3281 3146 3321 20

639 3360 929 3466 ἔφοδον.
1018 3370 1492 3460 πνευματικοῦ
1555 3361 1632 3442 δὲ
1685 3361 2113 3466 πράγματος
2164 3366 2810 3467 προανατυπῶσεις
2865 3363 3048 3446 εἶναι’

636 3490 880 3588 φαμεν
941 3482 1037 3562 τὰ
1095 3493 1411 3565 τοιαῦτα·
1497 3487 1615 3566 καὶ
1679 3486 1755 3565 τί
1813 3485 1997 3583 μετὰ
2062 3494 2276 3567 τοῦτο
2338 3494 2492 3572 τοῖς
2551 3489 3042 3592 ἀρχαιοτέροις

302 3627 357 3677 N
358 3642 461 3678 um.
476 3643 595 3679 xxv.
637 3604 911 3707 συνέβη
941 3640 963 3705 3
1013 3607 1642 3712 προσκεκρούκασι
1680 3608 1756 3690 δὲ
1793 3609 1954 3689 τίνα
1987 3607 2306 3713 τρόπους
2353 3609 2938 3710 ἐβεβηλῶθησαν
2969 3613 3042 3690 ἐν

308 3706 418 3756 1-3'
641 3733 884 3828 Σαττὶ,
920 3732 1487 3835 λελατρεύκασιν
1521 3731 1861 3829 εἰδώλοις,
1894 3731 2387 3834 ἐτελέσθησαν
2423 3734 2529 3840 τῷ
2563 3734 3029 3839 Βεελφεγῶρ.

636 3854 837 3959 ἄθρει
891 3853 981 3956 δὴ
1015 3856 1141 3936 οὖν
1177 3855 1371 3941 ὅπως
1410 3863 1476 3937 οἱ
1525 3860 1601 3938 ἐν
1637 3859 1728 3964 τῇ
1778 3858 2046 3964 νεφέλῃ
2090 3861 2209 3939 καὶ
2244 3862 2321 3940 ἐν
2355 3866 2446 3966 τῇ
2492 3858 2852 3965 θαλάσσῃ
2905 3869 3029 3954 βε·
3059 3890 3137 3947 ²5

635 3977 1134 4079 βαπτισμένοι,
1174 3980 1398 4060 καίτοι
1438 3980 1794 4087 φάγοντες
1839 3979 1968 4062 τὸν
2005 3981 2225 4085 ἄρτον
2258 3980 2387 4063 τὸν
2429 3984 2517 4091 ἐξ
2563 3983 2872 4087 οὐρανοῦ
2924 3989 3034 4063 καὶ

634 4102 836 4201 πόμα
888 4104 1170 4188 πίοντες
1217 4101 1302 4184 τὸ
1349 4103 1825 4203 πνευματικὸν
1860 4104 2430 4207 συνεπλάκησαν
2465 4106 2597 4207 μὲν
2634 4114 2785 4192 τοῖς
2831 4112 3026 4189 εὶδω·

712 4262 954 4332 1-3.1ta
980 4261 1056 4318 H.
1504 4265 1666 4332 4.111
1691 4263 1793 4320 hoc
1819 4264 2022 4320 scholio
2046 4264 2287 4321 ordinem
2318 4264 2392 4322 H.
2419 4274 2682 4349 sequutus
2706 4264 3029 4322 sum.1ne.

635 4336 1101 4403 Προανατυπῶσεις
1133 4331 1262 4390 εἶναί
1441 4358 1470 4390 ν
1503 4337 1567 4389 τὰ
1601 4336 1775 4389 τοιάδε
1810 4341 1914 4391 τῶν
1948 4336 2372 4406 κατορθωμάτων,
2408 4345 2462 4391 et
2557 4338 2667 4408 rglt
2689 4336 3031 4408 καὶ-ἔφοδον

639 4400 719 4473 [p.
742 4416 864 4473 279,
890 4405 1113 4471 10-280,
1129 4411 1368 4476 3etnot.
1424 4405 1505 4458 καὶ
1531 4404 2219 4530 τί-γνωσθῆσεταιὶπα-ρ.
2236 4421 2358 4489 279,
2378 4424 2412 4478 9
2549 4417 2880 4478 „praeterea
2896 4422 3026 4475 4-19

636 4473 792 4528 nobis
818 4492 958 4545 supp
923 4445 1123 4545 peditat
1150 4475 1226 4530 H.
1464 4493 1550 4548 23
1589 4498 1645 4529 εν
1670 4497 1823 4530 σαι-τι
1848 4494 1935 4530 om
2088 4477 2284 4531 retmui
2308 4495 2372 4531 ex
2425 4476 2501 4531 ,(1.
2758 4495 2846 4545 24.
2879 4478 3027 4541 βαλ-

782 4542 842 4615 ρ]
878 4544 1116 4613 -Ι-ἐπειδὴ
1139 4546 1280 4669 γὰρΗ
1265 4545 1369 4599 Ed.
1685 4561 1876 4616 25-27.
1913 4546 2468 4616 ἄθρει-πνευματικὸν
2497 4560 2841 4605 accesserunt
2864 4567 2926 4604 ex
2953 4544 3024 4601 H.

680 4614 828 4669 tatim
853 4615 1280 4685 ε’νεπλάκησανΗ
1588 4630 1674 4687 27.
1697 4617 1791 4685 μὲν
1817 4626 2157 4687 assumptum
2180 4635 2242 4672 ex
2274 4617 2346 4672 H.
