3269 5166
300 359 536 398 uncus

297 522 635 582 Oblationes
678 524 919 582 humiles
957 525 1273 601 majoribus
1301 545 1457 583 com-

378 623 595 680 mixtae
640 623 746 680 has
789 623 1167 699 acceptabiles
1210 624 1463 682 efficiunt

376 718 446 778 M
479 725 556 779 70
592 722 674 797 [p.
705 721 870 794 2961.

299 817 742 876 Observandum
780 819 1138 876 occasionem
1179 839 1279 876 seu
1313 827 1458 876 tem-

375 935 520 992 pus:
597 917 966 975 nihilominus
1017 917 1210 974 omnia
1264 927 1462 974 nostra

375 1014 666 1090 gubernat
702 1015 808 1073 Ille
839 1014 948 1074 Cui
979 1016 1069 1072 vel
1109 1016 1180 1073 de
1217 1016 1460 1092 passeri-

374 1112 482 1170 bus
517 1112 912 1171 minutissimis
941 1132 1075 1171 cura
1106 1118 1223 1171 457
1249 1133 1281 1171 c
1302 1114 1355 1170 d.

295 1209 559 1277 Occasio,
611 1211 900 1286 quomodo
955 1212 1014 1268 in
1066 1211 1305 1287 picturis
1371 1230 1457 1269 re-

374 1318 775 1387 praesentatur
804 1314 923 1368 464
946 1328 997 1376 e,
1030 1312 1147 1367 465
1168 1329 1202 1366 a
1218 1310 1274 1367 1).

292 1405 446 1465 Octo
504 1407 723 1465 Christi
782 1406 1236 1465 Resurrectionis
1306 1426 1457 1483 sym-

371 1504 572 1562 bolum
601 1510 718 1564 432
738 1505 776 1563 b
795 1505 851 1574 d,
881 1509 1001 1564 433
1021 1505 1058 1562 d
1076 1525 1123 1562 e.

289 1600 511 1660 Oculus
541 1621 715 1678 supra
749 1603 984 1660 modum
1020 1622 1186 1660 suum
1224 1622 1341 1660 non
1368 1603 1451 1661 vi·

374 1701 492 1767 det,
515 1720 679 1759 mens
707 1720 776 1758 ea
797 1719 941 1776 quae
970 1719 1141 1776 supra
1161 1701 1310 1759 vires
1339 1721 1456 1759 non

369 1797 643 1874 perspicit
675 1802 793 1858 279
813 1817 864 1859 c.

291 1895 511 1955 Oculos
549 1896 891 1954 infirmiores
926 1896 1271 1955 habentibus
1299 1917 1453 1956 com-

368 2004 643 2070 parantur
698 1994 738 2051 ii
795 1995 889 2070 qui
949 2004 1138 2054 mente
1193 1996 1456 2054 laborant

371 2092 605 2151 380cd
685 2092 784 2168 qui
829 2094 1046 2150 bonum
1091 2112 1209 2150 non
1259 2103 1454 2152 amant

376 2193 527 2249 1021
552 2209 587 2247 a
641 2191 848 2266 quibus
885 2191 1196 2267 injucunda
1226 2192 1453 2249 Veritas

375 2291 532 2348 1039
556 2288 612 2360 d,
647 2292 804 2357 1040
823 2309 858 2347 a
913 2289 1012 2364 qui
1040 2298 1199 2347 recta
1225 2309 1341 2347 non
1370 2291 1454 2347 in-

367 2385 638 2462 telligunt
665 2385 735 2445 M
764 2390 791 2444 1
819 2396 960 2457 not„
986 2386 1057 2446 cf.
1091 2386 1175 2444 M.
1210 2391 1307 2456 17,
1333 2392 1428 2448 18.

286 2482 506 2542 Oculus
535 2485 737 2542 dexter
765 2484 1157 2543 scandalizans
1185 2489 1341 2546 1059
1361 2506 1412 2545 a.

286 2592 324 2616 ‘⁸
346 2581 560 2641 Odium
587 2583 900 2658 perfectum
922 2583 956 2606 ’⁸
992 2583 1130 2660 quid
1159 2586 1278 2643 886
1298 2604 1330 2642 c
1348 2585 1403 2643 d.

287 2680 474 2739 Odori
535 2681 763 2754 florum,
823 2682 984 2757 quasi
1044 2681 1289 2751 diverso,
1346 2701 1453 2740 nec

369 2778 603 2837 omnino
652 2778 971 2854 separabili,
1017 2779 1263 2855 Spiritus
1305 2779 1452 2838 San-

368 2877 448 2934 cti
491 2877 796 2934 existentia
841 2886 1202 2952 comparatur
1242 2881 1361 2937 930
1395 2879 1450 2945 1),

370 2978 484 3034 931
514 2994 562 3040 e,
608 2978 786 3033 932a
851 2984 912 3032 ut
961 2976 1105 3032 odor
1148 2976 1222 3033 ad
1264 2985 1451 3034 vestes

371 3073 712 3148 impertitur,
749 3072 830 3129 ita
863 3072 1093 3130 Natura
1127 3073 1338 3131 Divina
1379 3075 1451 3132 ad

367 3170 587 3228 animas
615 3179 843 3228 nostras
872 3189 974 3245 per
997 3170 1274 3247 Spiritum
1303 3172 1447 3230 San-

366 3276 523 3325 ctum
554 3272 673 3327 932
697 3268 751 3326 1).

289 3364 647 3423 Oeconomia
684 3365 757 3423 ad
798 3384 890 3423 res
932 3365 1070 3424 alias
1115 3368 1449 3436 necessaria,

367 3464 507 3521 alias
534 3483 650 3521 nou
683 3467 801 3523 399
825 3483 857 3522 c
877 3464 931 3523 d.

289 3560 485 3637 Opera
511 3560 645 3620 fidei
672 3561 1077 3638 doctrinaeque
1105 3573 1295 3622 rectae
1316 3583 1449 3622 con-

358 3659 659 3735 jungenda
702 3661 821 3719 868
849 3660 901 3731 b,
948 3664 1067 3719 869
1092 3680 1122 3719 c
1144 3662 1183 3718 d
1253 3663 1449 3720 unioni

367 3774 501 3814 cum
535 3757 771 3815 Christo
815 3759 970 3836 prius
1006 3759 1170 3817 datae
1212 3762 1447 3836 conjun-

365 3854 558 3931 genda
613 3858 733 3915 874
778 3875 810 3912 c
855 3857 894 3913 d
937 3875 986 3924 e,
1047 3861 1182 3916 875.
1320 3860 1451 3916 Vide

364 3952 554 4011 Fides.

283 4049 575 4126 Operatur
615 4071 732 4109 non
777 4052 1014 4111 seorsim
1045 4053 1245 4120 Filius,
1279 4054 1447 4112 Pater

365 4151 603 4208 seorsim
641 4154 717 4209 45
749 4169 801 4220 e,
840 4154 917 4209 46
947 4157 1142 4211 a—47
1166 4171 1217 4223 a,
1250 4157 1367 4211 224
1391 4172 1442 4220 a,

368 4251 486 4307 238
512 4269 564 4307 c.

284 4344 575 4422 Operatur
611 4367 727 4404 non
770 4348 893 4406 sine
922 4347 1090 4405 Patre
1120 4347 1295 4405 Filius
1325 4351 1442 4407 213

1126 343 1452 400 INDEX
1535 341 1909 402 RERUM.

2604 347 2720 403 641

1568 525 1961 601 Opprobrium
2019 524 2236 583 Christi
2300 526 2573 602 gaudium
2630 545 2726 584 ve·

1647 644 1773 682 rum
1804 634 1863 682 et
1890 625 2156 683 nobilitas
2186 628 2299 683 621
2323 643 2372 683 e.

1565 721 1731 798 Opus
1758 723 1866 780 Dei
1897 723 2100 789 Patris,
2132 723 2284 780 salus
2313 731 2509 780 nostra
2536 726 2647 781 198
2673 743 2724 781 a.

1564 820 1747 879 Orare
1798 822 1856 879 in
1904 821 2134 879 nomine
2176 820 2303 878 Filii
2350 804 2595 898 antiquis
2637 823 2724 879 in·

1644 928 1869 976 suetum
1914 922 2033 977 809
2059 918 2114 985 1),
2159 922 2278 976 937
2309 938 2341 976 c
2416 918 2583 976 nobis
2630 919 2727 976 da-

1646 1024 1766 1072 tum
1797 1015 2042 1082 936de,
2075 1018 2192 1073 938
2220 1034 2272 1082 e,
2306 1018 2426 1074 939
2446 1035 2495 1074 a.

1561 1113 1766 1171 Oratio
1800 1132 1998 1170 eorum
2031 1114 2128 1188 qui
2167 1122 2322 1171 recte
2362 1132 2478 1170 nou
2521 1121 2725 1189 petant

1643 1211 1900 1268 inaudita
1941 1213 2061 1269 806
2092 1228 2140 1276 e,
2184 1210 2255 1268 cf.
2286 1214 2405 1270 878
2439 1230 2490 1277 e,
2540 1214 2659 1270 879
2690 1230 2727 1269 a

1643 1308 1961 1367 orationem
2005 1326 2201 1365 eorum
2258 1309 2351 1383 qui
2411 1320 2564 1367 recte
2606 1329 2725 1367 non

1642 1406 1855 1473 vivant,
1912 1405 2184 1464 exaudire
2258 1425 2374 1463 uon
2437 1407 2725 1482 promittit

1644 1506 1799 1563 Deus
1828 1508 1947 1563 879
1967 1505 2022 1563 1).

1559 1603 1762 1661 Oratio
1824 1601 2187 1678 acceptabilis
2256 1602 2546 1677 quomodo
2623 1604 2723 1662 fiat

1642 1705 1761 1760 879
1780 1702 1815 1760 1)
1834 1721 1884 1768 c,
1910 1704 2029 1760 893
2050 1700 2138 1764 ab
2196 1699 2310 1759 Dei
2334 1700 2589 1758 Gloriam
2617 1702 2722 1759 im-

1642 1800 1839 1877 primis
1884 1817 2153 1876 quaerere
2201 1806 2260 1856 et
2294 1800 2453 1858 ,bene
2496 1799 2722 1857 vivendi

1640 1899 1967 1956 facultatem
1997 1897 2064 1954 M
2098 1900 2192 1956 30.

1559 1996 1716 2055 Oves
1776 2006 1835 2054 et
1895 1995 2067 2053 hoedi
2136 1995 2195 2051 in
2253 1994 2314 2053 S.
2358 1995 2532 2055 Matt.
2585 2014 2719 2054 xxv.

1644 2097 1715 2151 41
1785 2113 1928 2169 quae
1972 2097 2091 2154 540
2122 2094 2176 2151 1).

2103 2341 2147 2395 Ρ

1559 2496 1595 2518 “
1620 2488 1872 2544 ΡΑοτοιι
1903 2486 2111 2544 Pacis”
2137 2487 2272 2563 quid
2301 2489 2414 2546 651
2444 2506 2492 2544 c.

1557 2586 1845 2643 Palestina
1870 2585 1943 2643 iii.
1980 2589 2118 2645 570.

1555 2683 1738 2740 Panes
1806 2682 2079 2741 hordacei
2149 2684 2396 2760 quinque
2463 2682 2720 2759 pisciculi

1638 2780 1771 2847 due,
1804 2780 1938 2855 quid
1971 2784 2088 2840 283
2109 2782 2166 2847 b,
2200 2785 2317 2840 285
2338 2782 2375 2839 1)
2428 2781 2719 2856 fragmen-

1639 2890 1829 2936 torum
1899 2878 2199 2936 duodecim
2264 2878 2512 2953 cophini,
2581 2877 2720 2952 quid

1638 2979 1754 3035 285
1780 2995 1812 3033 c
1829 2976 1865 3032 d
1885 2995 1933 3033 e.

1557 3075 1727 3132 Panis
1755 3071 2131 3150 primitiarum
2169 3071 2242 3129 ad
2269 3072 2456 3128 Deum
2485 3070 2717 3129 Patrem

1638 3173 1877 3239 oblatus,
1929 3170 2147 3228 Christi
2200 3178 2461 3228 nostrum
2518 3170 2718 3246 primi·

1636 3271 1841 3329 tiarum
1866 3279 2036 3347 typus
2062 3272 2178 3328 355
2201 3269 2238 3326 d
2257 3288 2289 3326 e
2339 3277 2403 3326 ut
2425 3268 2719 3326 vivificans

1637 3367 1921 3433 Christus,
1946 3386 2152 3443 panem
2182 3376 2241 3424 et
2268 3366 2562 3442 Apostolis
2590 3384 2717 3425 esse

1638 3466 1755 3532 dat,
1787 3466 1933 3524 sicut
1961 3465 2091 3522 Lux
2120 3464 2252 3540 Ipse
2285 3464 2416 3522 illos
2444 3472 2503 3522 et
2528 3464 2715 3522 lucem

1633 3564 1805 3621 efficit
1837 3567 1973 3629 356,
2003 3567 2139 3634 357,
2170 3563 2247 3620 iii.
2279 3565 2417 3622 470.

1553 3662 1829 3720 Parabola
1857 3682 2002 3738 quae
2032 3665 2150 3721 937
2173 3662 2229 3720 d.

1552 3761 1825 3819 Parentes
1870 3780 2029 3837 erga,
2078 3760 2412 3836 obsequium
2456 3768 2718 3819 nostrum

1632 3859 1827 3936 imago
1873 3858 2120 3916 Unionis
2162 3858 2312 3916 inter
2354 3857 2582 3917 Patrem
2623 3858 2717 3916 Fi-

1629 3957 1885 4032 liumque
1923 3961 2038 4016 337
2059 3976 2091 4014 c
2113 3956 2150 4014 d
2172 3974 2222 4022 e,
2264 3955 2336 4012 cf.
2361 3958 2476 4013 661
2507 3956 2545 4013 d
2616 3974 2716 4013 ex-

1632 4055 1850 4131 emplar
1897 4054 2067 4112 nobis
2117 4052 2382 4111 Christus
2429 4057 2585 4113 1066
2615 4072 2651 4112 a
2676 4054 2714 4111 b

1631 4164 1849 4219 contra,
1891 4161 2189 4229 peccatum
2226 4152 2286 4209 in
2319 4151 2445 4226 pari
2477 4170 2544 4210 ac
2573 4169 2710 4208 con-

1631 4261 1723 4308 tra
1748 4251 1938 4308 Deum
1977 4248 2329 4326 blasphemia
2362 4248 2522 4324 ponit
2551 4246 2714 4308 Deus

1637 4352 1793 4407 1065
1817 4368 1867 4414 e,
1904 4352 2059 4408 1066
2083 4368 2118 4405 a
2137 4347 2191 4407 b.

365 4462 482 4500 non
512 4444 634 4502 sine
662 4444 805 4502 Filio
835 4445 1005 4502 Pater
1036 4448 1150 4503 221
1174 4445 1229 4514 d,
1256 4449 1370 4505 241
1394 4465 1442 4518 c,
1549 4446 1769 4504 Pascha
1790 4445 2248 4504 Christianorum
2268 4443 2516 4503 Carnem
2541 4441 2708 4501 chri-

367 4543 485 4600 493
508 4560 559 4600 c.
615 4543 747 4599 Vide
769 4542 947 4600 Filius
973 4545 1053 4619 [p.
1080 4547 1198 4602 627
1229 4545 1334 4603 col.
1364 4539 1441 4623 1].

453 4653 596 4700 VOL.
628 4655 731 4702 111.

1631 4543 1707 4601 sti
1734 4543 1902 4602 edere
1932 4546 2052 4605 693
2076 4563 2124 4602 e.

1443 4657 1562 4719 4N
