3269 5166
218 354 352 418 xix.
379 373 484 439 30.
767 351 882 418 IN
941 352 1009 418 S.
1058 350 1579 417 JOANNEM.
1671 350 1864 416 LIB.
1909 349 2073 417 XII.
2538 353 2621 418 95

219 513 668 620 παραλόγοις
748 515 1173 619 τολμήμασι
1254 513 1503 615 μόναις
1594 523 1751 601 ταῖς
1821 517 2091 597 ἑαυτῶν
2167 517 2626 611 δυσσεβείαις

223 639 734 739 ἁμιλλώμενοι.
814 641 1178 744 τοιγάρτοι
1222 639 1339 722 διὰ
1386 644 1636 748 φωνῆς
1684 638 2015 743 Ἱεζεκιὴλ
2067 648 2196 720 τοῦ
2245 638 2627 746 προφήτου
2651 670 2689 712 a
2704 655 2963 713 1068A-

220 763 400 866 πρὸς
451 760 587 864 τὴν
637 772 784 846 τῶν
836 765 1203 845 Ἰουδαίων
1254 766 1553 868 μητέρα,
1594 767 1788 874 φημὶ
1837 762 1926 865 δὴ
1977 767 2110 863 τὴν
2144 762 2626 867 Ἰερουσαλὴμ

222 889 544 992 ἔφασκεν
601 891 642 968 ὁ
700 886 886 974 Ge&
941 900 985 937 ‘⁴
1020 888 1287 975 Καθὼς
1341 890 1707 990 ἐποίησας,
1770 890 1993 972 οὕτως
2053 889 2259 969 ἔσται
2314 918 2461 969 σοι·
2541 886 2626 968 τὸ
2720 920 2969 985 Obnda5.

163 1045 198 1104 5
226 1022 268 1060 “
300 1011 772 1111 ἀνταπόδομά
825 1047 971 1095 σου
1003 1013 1669 1115 ἀνταποδοθήσεται
1718 1018 1814 1098 εἰς
1863 1012 2192 1120 κεφαλήν
2232 1014 2433 1110 σου,”
2512 1010 2632 1093 διὰ

222 1134 297 1216 δὲ
346 1142 601 1243 φωνῆς
636 1136 956 1218 Ἡσαΐου
991 1136 1174 1242 πρὸς
1210 1137 1339 1217 τὸν
1374 1136 1838 1237 ἀνομώτατον
1873 1135 2183 1240 Ἰσραήλ
2229 1148 2272 1184 “
2302 1138 2492 1217 Οὐαὶ
2528 1143 2631 1244 τῷ
2721 1138 2972 1202 Εᾱίίἰάί·

229 1268 273 1307 “
309 1259 581 1370 ἀνόμῳ,
640 1261 926 1364 πονηρὰ
979 1260 1166 1343 κατὰ
1218 1259 1309 1344 τά
1363 1262 1541 1366 ἔργα
1595 1269 1741 1342 τῶν
1777 1268 2033 1367 χειρῶν
2080 1262 2298 1341 αὐτοῦ
2341 1257 2633 1360 συμβή-

225 1394 272 1432 “
303 1419 517 1465 σεται
581 1387 845 1494 αὐτῷ.”
921 1388 1039 1493 ἐφ’
1073 1383 1309 1468 ἅπασι
1363 1384 1492 1485 μὲν
1536 1386 1663 1466 οὖν
1709 1392 1857 1469 τοῖς
1911 1385 2049 1485 ἤδη
2104 1385 2635 1483 τετελεσμένοις

224 1509 548 1593 ἀνοσίοις
582 1542 661 1590 τε
698 1512 815 1590 καὶ
850 1512 1367 1594 ε’κτοπωτάτοις
1403 1508 1874 1610 τολμήμασιν
1909 1507 2236 1614 ἐπράχθη
2267 1511 2383 1589 καὶ
2418 1517 2632 1590 τοῦτο
2658 1527 2702 1591 b

133 1662 202 1703 10
226 1631 406 1712 κατὰ
458 1638 815 1735 Χριστοῦ·
905 1633 1114 1715 ἔσται
1168 1636 1227 1715 δ’
1289 1635 1415 1714 οὖν
1480 1634 1674 1734 ὅμως
1727 1639 1824 1719 εἶς
1875 1632 2130 1733 ὄνησιν
2186 1631 2533 1735 ἡμετέραν
2592 1634 2632 1712 ὁ

228 1755 727 1860 ὖπογραμμός.
806 1755 1147 1858 εἰσόμεθα
1201 1758 1345 1863 γὰρ
1396 1761 1511 1839 καὶ
1570 1756 1688 1839 διὰ
1736 1757 1993 1839 τούτου
2050 1754 2298 1855 πάλιν,
2337 1756 2449 1838 ὅτι
2483 1765 2635 1842 τοῖς

226 1883 574 1985 φιλόθεον
608 1880 860 1987 ἔχουσι
896 1882 1029 1983 τὴν
1064 1882 1245 1991 ἕξιν,
1289 1884 1407 1963 καὶ
1442 1882 1691 1988 ἀγάπῃ
1723 1888 1813 1988 τῇ
1853 1886 1950 1967 εἷς
1988 1880 2320 1983 Χριστὸν
2354 1882 2623 1986 ἐρηρει·

226 2003 536 2103 σμένοις,
585 2003 1082 2108 ἀκατάληκτος
1130 2005 1382 2111 ὥσπερ
1418 2041 1525 2092 τις
1577 2006 1832 2112 ἕψεται
1879 2003 2196 2105 πόλεμος
2244 2003 2445 2108 παρὰ
2486 2011 2633 2085 τῶν

229 2128 689 2232 φρονούντων
722 2128 816 2209 τά
853 2131 1155 2229 ἐναντία,
1189 2130 1258 2211 οἷ
1303 2133 1419 2211 καὶ
1463 2131 1707 2235 μέχρις
1743 2128 2058 2235 ἐσχάτης
2091 2132 2453 2229 ἀναπνοῆς
2491 2126 2630 2229 τὴν

144 2281 208 2344 15
233 2255 375 2333 κατ’
443 2256 686 2334 αὐτῶν
751 2255 1015 2353 μανίαν
1077 2256 1206 2335 οὐκ
1270 2255 1786 2352 ἀποδύσονται,
1852 2259 2116 2358 δριμεῖς
2179 2252 2633 2358 πανταχόθεν

232 2377 695 2484 ἐξαρτύοντες
738 2377 1210 2482 πειρασμοὺς,
1253 2382 1373 2459 καὶ
1419 2386 1567 2460 πᾶν
1604 2375 1784 2464 εἶδος
1828 2380 2128 2459 ἐπινοεῖν
2176 2377 2628 2481 σπουδάζον-

234 2539 343 2591 τες
398 2516 530 2588 τοῦ
593 2505 1002 2615 πεφυκότος
1067 2508 1352 2588 ἀδικεῖν.
1452 2504 1624 2587 ἀλλ’
1686 2504 1937 2610 ὥσπερ
1994 2507 2080 2587 οὐ
2137 2502 2530 2615 κατέληξεν
2590 2506 2631 2586 ὁ
2656 2544 2694 2590 ο

235 2629 466 2731 πόνος,
528 2630 1037 2732 ἀκατάληκτον
1091 2632 1298 2711 ἔσται
1355 2635 1473 2710 καὶ
1528 2635 1658 2731 τῆς
1692 2630 2030 2731 εὐθυμίας
2073 2630 2157 2709 τὸ
2205 2634 2455 2730 μῆκος·
2516 2633 2633 2711 καὶ

238 2751 478 2861 ὥσπερ
534 2756 673 2837 οὐκ
725 2756 1073 2861 ἐλώφησε
1138 2754 1231 2835 τὰ
1306 2753 1501 2835 δεινὰ
1559 2759 1678 2835 καὶ
1737 2756 1783 2856 ἡ
1847 2758 1925 2837 ἐκ
1983 2763 2111 2835 τοῦ
2174 2753 2632 2859 πειράζεσθαι

148 2903 214 2948 ²0
237 2882 507 2988 θλίψις,
547 2880 777 2963 οὕτως
813 2880 899 2958 οὐ
944 2879 1394 2961 πεπαύσεται
1443 2886 1588 2960 τῶν
1625 2879 1850 2983 ἀγίων
1885 2878 1978 2959 τὰ
2014 2878 2277 2982 ἀγαθὰ,
2320 2884 2640 2978 διαμενεῖ

237 3001 307 3082 δὲ
340 3004 633 3088 πάντως
670 3006 787 3083 καὶ
824 3002 1032 3083 ἔσται
1069 3002 1391 3104 διηνεκὴς
1427 3004 1473 3104 ἡ
1511 3007 1590 3084 ἐκ
1623 3009 1752 3104 τῆς
1788 3000 2307 3102 εὐδοκιμήσεως
2344 3001 2573 3108 χάρις.

224 3216 376 3285 Ὅτε
427 3216 543 3285 οὖν
590 3218 790 3298 ἔλαβε
840 3218 919 3288 τὸ
966 3218 1120 3288 ὄξος
1167 3220 1204 3288 ὀ
1248 3219 1526 3301 Ἰησοῦς,
1579 3212 1724 3285 εἶπε
1759 3217 2180 3285 Τετέλεσται·
2254 3215 2361 3283 καὶ
2408 3216 2630 3285 κλίνας
2660 3245 2738 3304 30

754 3345 873 3413 τὴν
930 3343 1229 3436 κεφαλὴν
1283 3345 1633 3437 παρέδωκε
1687 3346 1764 3413 τὸ
1816 3350 2089 3424 πνεῦμα.
2658 3348 2703 3417 d

344 3493 962 3598 Προστεθειμένου
996 3500 1148 3577 τοῖς
1182 3491 1445 3575 ἄλλοις
1482 3496 1598 3572 καὶ
1634 3489 1911 3589 τούτου,
1944 3489 2361 3573 τετελέσθαι
2396 3493 2632 3598 φησὶν

156 3615 279 3699 ²55
329 3618 586 3723 Σωτὴρ
643 3623 771 3721 τῆς
827 3618 1190 3698 Ἰουδαίων
1223 3616 1583 3713 ’ἀσεβείας
1641 3617 1974 3718 δηλονότι
2031 3615 2116 3697 τὸ
2168 3614 2449 3721 μέτρον,
2511 3621 2631 3697 καὶ

241 3744 359 3838 τῆς
406 3749 503 3828 εἷς
554 3742 775 3824 αὐτὸν
807 3742 1178 3844 παροινίας
1219 3741 1354 3843 τὴν
1391 3740 1830 3844 ὑπερβολήν.
1911 3741 1987 3822 τί
2029 3739 2172 3845 γὰρ
2209 3738 2299 3841 ἦν
2333 3739 2435 3821 ἔτι
2484 3748 2632 3828 τοῖς

242 3861 605 3952 Ἰουδαίοις
656 3901 741 3947 το
797 3864 1361 3967 ἀνεπιτήδευτον,
1412 3865 1491 3946 τί
1539 3863 1616 3946 δὲ
1674 3872 1824 3946 τῶν
1884 3900 1982 3951 εις
2035 3866 2258 3970 ἀκρον
2314 3866 2634 3967 ἡκόντων

241 3989 741 4093 ἀπανθρωπίας
787 3990 872 4070 οὐ
919 3990 1405 4091 μεμελέτητο·
1381 4050 1405 4087 ,
1466 3997 1671 4075 ποῖος
1719 3988 1863 4094 γὰρ
1914 3990 2139 4074 αἰκίας
2181 3990 2634 4096 παρελείφθη

242 4111 516 4213 τρόπος,
553 4116 826 4217 ὕβρεως
863 4112 939 4194 δὲ
983 4118 1111 4214 τῆς
1150 4112 1465 4219 ἐσχάτης
1499 4114 1577 4193 τί
1611 4115 1954 4217 παρέντες
1994 4115 2419 4221 ἐφαίνοντο;
2480 4146 2629 4194 τοι·

158 4263 222 4320 30
244 4233 485 4339 γάρτοι
531 4239 815 4322 δικαίως
858 4236 943 4318 τὸ
980 4238 1401 4319 τετελέσθαι
1451 4243 1705 4342 φησὶν,
1743 4239 1914 4319 ἀλλ’
1954 4272 2144 4342 ωρας
2179 4238 2317 4339 ἤδη
2354 4238 2629 4318 καλού-

244 4390 376 4457 σης
426 4364 555 4461 τῆς
612 4368 708 4447 εἶς
753 4359 837 4441 τὸ
881 4363 999 4442 καὶ
1040 4362 1282 4447 αὐτοῖς
1325 4358 1600 4443 ἐθέλειν
1653 4369 1803 4447 τοῖς
1857 4365 1933 4443 ἐν
1987 4360 2163 4470 ᾅδου
2218 4361 2633 4468 διακηρύξαι
2659 4386 2697 4430 0

313 4549 363 4590 2.
684 4539 769 4594 καὶ
791 4539 869 4607 le(
836 4538 1006 4609 ζεκιὴλ
1033 4539 1102 4594 Ε.
1387 4555 1474 4597 10.
1508 4540 1559 4595 δ’
1585 4542 1651 4598 E.
1677 4542 1741 4612 δὴ
1766 4539 2266 4596 Phi-11.
2303 4540 2387 4594 καὶ
2410 4556 2519 4594 om.
2549 4537 2615 4592 E.

255 4620 330 4673 14.
364 4605 466 4679 δη(
581 4630 607 4665 ι
632 4608 697 4665 Ε.
1003 4610 1086 4666 18.
1123 4608 1483 4681 ἅκατοληπτον
1506 4611 1572 4667 Ε.
1882 4625 1970 4682 3¹·
2002 4607 2134 4682 ᾅδου
2158 4609 2225 4666 Ε.
2248 4607 2346 4682 ᾇδη
2373 4609 2473 4665 Ed.
