3269 5166
1469 1091 1960 1169 ΚΕΦΑΛΗ
2042 1091 2134 1168 Α.

618 1367 769 1435 Ὅτι
812 1371 963 1435 κατὰ
1006 1368 1196 1453 φύσιν
1240 1369 1405 1437 Θεός
1456 1370 1623 1434 ἐστιν
1667 1370 1701 1433 ὁ
1745 1368 1914 1447 Υἱὸς,
1958 1364 2069 1433 κᾶν
2111 1367 2451 1448 εὑρίσκηται
2493 1360 2568 1429 δι’
2612 1363 2772 1446 ἡμᾶς
2815 1362 2995 1430 Θεὸν

1349 1501 1561 1564 ἑαυτοῦ
1604 1496 1711 1562 τὸν
1751 1495 2001 1579 Πατέρα
2044 1500 2266 1561 καλόν.

600 1740 898 1831 Πορεύου
945 1739 1018 1810 δὲ
1064 1740 1230 1832 πρὸς
1270 1741 1424 1809 τοὺς
1472 1739 1808 1832 ἀδελφούς
1852 1762 1997 1821 μου,
2036 1738 2144 1806 καὶ
2191 1735 2338 1806 εἰπὲ
2385 1731 2608 1805 αὐτοῖο
2635 1733 3019 1815 Ἀναβαίνω

702 1868 870 1957 πρὸς
928 1866 1045 1937 τὸν
1095 1867 1360 1959 Πατέρα
1417 1890 1543 1946 μου
1606 1866 1708 1935 καὶ
1765 1867 2021 1956 πατέρα
2083 1866 2265 1944 ὑμῶν
2321 1863 2429 1931 καὶ
2483 1863 2654 1932 Θεὸν
2710 1885 2837 1941 μου
2901 1859 3082 1933 καί5

702 1990 872 2060 Θεὸν
924 1992 1129 2072 ὑμῶν.

715 2181 845 2260 ΔΓ
887 2180 1114 2266 αἰτίας
1151 2177 1284 2281 μὲν
1320 2178 1403 2264 ἃς
1453 2180 1590 2282 ἤδη
1642 2181 2105 2283 προείπαμεν,
2139 2179 2268 2258 οὐκ
2317 2174 2566 2283 ἐφίησι
2617 2181 2844 2278 θιγεῖν
2881 2180 3018 2274 τῆς

602 2303 856 2382 ἑαυτοῦ
911 2300 1187 2406 σαρκὸς·
1239 2302 1471 2382 καίτοι
1520 2301 1821 2407 σφόδρα
1873 2300 2310 2405 διψήσασαν
2345 2299 2602 2378 τούτου
2647 2302 2889 2403 τυχεῖν
2931 2299 3018 2377 ἐκ

602 2424 979 2531 φιλοθείας·
1014 2425 1149 2527 τὴν
1184 2424 1515 2529 Μαριάμ·
1573 2427 1937 2523 ἀμείβεται
1973 2422 2050 2504 δὲ
2083 2427 2216 2522 τῆς
2246 2421 2719 2525 προσεδρείας
2754 2416 3010 2521 αὐτὴν,

601 2551 720 2629 καὶ
756 2554 885 2649 τῆς·
921 2551 1145 2636 οὕτως
1182 2549 1470 2632 ἐντόνου
1505 2550 1821 2633 πίστεως
1858 2550 1973 2628 καὶ
2012 2543 2299 2651 ἀγάπης
2338 2549 2646 2628 διπλοῦν
2682 2544 3015 2644 ἀπένειμε
3048 2579 3130 2624 ιο

602 2672 730 2753 τὸν
763 2672 1054 2774 μισθὸν,
1094 2676 1222 2756 οὐκ
1274 2675 1600 2779 ἄκαρπον
1632 2679 1780 2758 τοῖς
1826 2672 2366 2773 ἐπιτηδεύουσιν
2404 2666 2820 2755 ἀποδεικνὺς·
2874 2668 3018 2770 τὴν

600 2803 698 2882 εἷς·
735 2797 987 2878 ἑαυτὸν
1023 2798 1416 2895 εὐσέβειαν.
1499 2800 1616 2877 καὶ
1654 2796 1738 2877 τό
1788 2830 1873 2900 γε
1925 2796 2199 2877 τούτων
2236 2795 2338 2876 ἔτι
2373 2791 2896 2899 λαμπρότερον,
2933 2797 3017 2875 ἐν

601 2923 781 3028 αὐτῇ
816 2920 961 3027 γὰρ
996 2927 1114 3003 καὶ
1148 2922 1424 3029 πρώτῃ,
1464 2923 1651 3028 φημὶ
1690 2919 1778 3021 δὴ
1814 2926 1905 3026 τῇ
1948 2918 2280 3024 Μαριὰμ,
2317 2919 2619 3018 σύμπαν
2656 2922 2751 3003 ὦς
2788 2923 3017 2999 εἰπεῖν

599 3045 686 3129 τὸ
725 3053 1034 3148 θηλειῶν
1065 3047 1274 3151 γένος
1325 3051 1527 3152 διττῇ
1582 3050 2075 3151 στεφανοῦται
2123 3049 2319 3149 τιμῇ,
2357 3044 2474 3123 καὶ
2509 3048 2656 3124 τῶν
2689 3042 3017 3149 ἀρχαίων

262 3194 577 3252 1087A.a
600 3170 1191 3279 ἀῤῥωστημάτων
1251 3170 1604 3274 ἐκομίζετο
1668 3168 1802 3269 τὴν
1860 3165 2218 3249 διάλυσιν.
2308 3166 2560 3271 πρώτη
2620 3166 2761 3272 γὰρ
2820 3169 3014 3248 οὕτω
3050 3205 3125 3265 15

259 3802 390 3854 Gon.
411 3801 484 3854 m.

601 3294 1060 3445 θρηνῆσασα,
1099 3330 1215 3375 και
1271 3300 1417 3375 τῶν
1468 3295 1794 3398 δακρύων
1843 3292 1976 3395 τὴν
2024 3290 2403 3399 προφασιν
2444 3299 2788 3386 λαβοῦσα
2824 3297 3014 3397 Χρι-

598 3454 803 3517 στον,
859 3420 1169 3519 μεθίστη
1225 3451 1310 3497 το
1365 3417 1624 3502 πένθος·
1679 3423 1775 3504 εἷς
1836 3418 2208 3517 θυμηδίαν,
2261 3415 2364 3517 μὴ
2422 3420 2681 3521 χρῆναι
2734 3417 3016 3497 κλαίειν

598 3543 984 3624 ἀκούσασα
1057 3540 1257 3644 παρὰ
1326 3550 1455 3623 τοῦ
1519 3545 1640 3622 καὶ
1702 3540 1936 3624 πάλαι
2000 3534 2613 3625 καταδικάσαντοι·
2674 3543 2793 3620 καὶ
2847 3548 3013 3626 ταῖς

598 3672 727 3766 τῆς
790 3668 1027 3766 λύπης
1102 3663 1386 3772 ἐφόδοις
1460 3665 2084 3767 εύκαταγώνιστον
2148 3661 2675 3771 ἀποφήναντος.
2770 3664 3013 3767 εἴρητο

596 3790 742 3896 γάρ
799 3825 942 3871 που
994 3824 1177 3894 προς
1231 3790 1363 3890 τὴν
1417 3798 1725 3895 γυναῖκα
1778 3788 1979 3893 παρὰ
2036 3794 2230 3870 Θεοῦ
2268 3799 2310 3836 “
2337 3792 2469 3869 Ἐν
2517 3786 2781 3873 λύπαις
2836 3789 3013 3897 re&
3044 3831 3129 3871 20

598 3928 642 3964 ‘⁶
678 3915 953 3998 τε’κνα.”
1010 3916 1180 3996 ἀλλ’
1221 3914 1472 4021 ὥσπερ
1510 3912 1734 4016 αὐτὴν
1772 3913 2080 3995 ὑπετίθει
2133 3920 2288 3998 ταῖς
2341 3913 2606 3998 λύπαις
2651 3911 2834 3993 κατὰ
2879 3949 3013 3996 τον

594 4037 1036 4145 παράδεισόν
1091 4074 1288 4138 ποτε,
1338 4048 1494 4125 ταῖς
1551 4047 1681 4120 τοῦ
1740 4038 1975 4145 ὄφεως
2032 4037 2649 4138 διακονησαμένην
2703 4045 3008 4145 φωναῖς,

596 4168 714 4244 καὶ
763 4171 920 4250 ταῖς
968 4173 1097 4245 τοῦ
1148 4162 1500 4262 διαβόλου
1549 4164 2008 4266 κακουργίαις
2059 4159 2647 4266 ὑπηρετήσασαν,
2687 4163 2871 4244 οὕτω
2919 4162 3013 4263 δὴ

523 4307 568 4373 b
594 4286 821 4370 πάλιν
861 4291 938 4370 ἐν
987 4289 1196 4397 κήπῳ
1254 4284 1528 4369 κελεύει
1581 4286 1834 4387 μηκέτι
1889 4284 2164 4366 κλαίειν
2214 4283 2458 4386 αὐτήν.
2534 4285 2880 4367 ἀπολύων
2933 4287 3013 4368 δὲ

672 4516 770 4572 ¹-3
795 4518 903 4556 om.
930 4501 997 4556 E.
1022 4500 1080 4554 in
1105 4516 1216 4571 mg.
1242 4508 1424 4556 tamen
1447 4498 1493 4554 α’
1519 4497 1798 4556 exhibens·
1999 4510 2050 4570 7.
2086 4497 2407 4571 προείπομεν
2429 4496 2499 4557 Ε.
2695 4515 2788 4567 24.
2820 4496 2909 4572 δὲ]
2943 4505 3005 4566 4·

592 4572 773 4642 ὥσπερ
798 4570 945 4627 haud
971 4571 1109 4626 male
1135 4588 1184 4626 a.
