<?xml version="1.0" encoding="UTF-8"?>
<!DOCTYPE html PUBLIC "-//W3C//DTD XHTML 1.0 Transitional//EN"
    "http://www.w3.org/TR/xhtml1/DTD/xhtml1-transitional.dtd">
<html xmlns="http://www.w3.org/1999/xhtml" xml:lang="en" lang="en">
 <head>
  <title>
</title>
<meta http-equiv="Content-Type" content="text/html;charset=utf-8" />
  <meta name='ocr-system' content='tesseract 3.04.00' />
  <meta name='ocr-capabilities' content='ocr_page ocr_carea ocr_par ocr_line ocrx_word'/>
</head>
<body>
  <div class='ocr_page' id='page_1' title='image "./indjoannisevang00pusegoog_0399.png"; bbox 0 0 3269 5166; ppageno 0'>
   <div class='ocr_carea' id='block_1_1' title="bbox 225 353 2957 628">
    <p class='ocr_par' dir='ltr' id='par_1_1' title="bbox 225 353 2957 628">
     <span class='ocr_line' id='line_1_1' title="bbox 225 353 2638 437; baseline -0.014 4"><span class='ocrx_word' id='word_1_1' title='bbox 225 353 300 417; x_wconf 76' lang='lat' dir='ltr'>ii·</span> <span class='ocrx_word' id='word_1_2' title='bbox 330 370 390 437; x_wconf 81' lang='lat'>7,</span> <span class='ocrx_word' id='word_1_3' title='bbox 418 355 478 420; x_wconf 84' lang='lat'>8·</span> <span class='ocrx_word' id='word_1_4' title='bbox 724 355 832 421; x_wconf 85' lang='lat' dir='ltr'>IN</span> <span class='ocrx_word' id='word_1_5' title='bbox 882 355 1404 421; x_wconf 78' lang='lat' dir='ltr'><strong>EPISTOLAM</strong></span> <span class='ocrx_word' id='word_1_6' title='bbox 1462 355 1591 421; x_wconf 75' lang='lat' dir='ltr'>AD</span> <span class='ocrx_word' id='word_1_7' title='bbox 1656 356 2160 424; x_wconf 78' lang='lat' dir='ltr'><strong>HEBRAEOS.</strong></span> <span class='ocrx_word' id='word_1_8' title='bbox 2512 364 2638 426; x_wconf 74' lang='lat'>335</span> 
     </span>
     <span class='ocr_line' id='line_1_2' title="bbox 340 459 2957 628; baseline -0.006 -29"><span class='ocrx_word' id='word_1_9' title='bbox 340 523 519 605; x_wconf 81' lang='grc' dir='ltr'>Πῶς</span> <span class='ocrx_word' id='word_1_10' title='bbox 555 519 964 620; x_wconf 80' lang='grc' dir='ltr'>ἠλάττωται</span> <span class='ocrx_word' id='word_1_11' title='bbox 999 517 1199 622; x_wconf 78' lang='grc' dir='ltr'>παρὰ</span> <span class='ocrx_word' id='word_1_12' title='bbox 1235 517 1402 605; x_wconf 74' lang='grc' dir='ltr'>τοὺς</span> <span class='ocrx_word' id='word_1_13' title='bbox 1436 520 1796 622; x_wconf 75' lang='grc' dir='ltr'>ἀγγέλους</span> <span class='ocrx_word' id='word_1_14' title='bbox 1832 524 1873 602; x_wconf 82' lang='grc' dir='ltr'><em>ὃ</em></span> <span class='ocrx_word' id='word_1_15' title='bbox 1908 524 2077 625; x_wconf 77' lang='grc' dir='ltr'>παρ’</span> <span class='ocrx_word' id='word_1_16' title='bbox 2115 524 2351 621; x_wconf 81' lang='grc' dir='ltr'>αὐτῶν</span> <span class='ocrx_word' id='word_1_17' title='bbox 2386 559 2627 628; x_wconf 82' lang='grc' dir='ltr'>προσ-</span> <span class='ocrx_word' id='word_1_18' title='bbox 2664 459 2689 526; x_wconf 90' lang='lat'><strong>[</strong></span> <span class='ocrx_word' id='word_1_19' title='bbox 2718 473 2813 510; x_wconf 63' lang='lat' dir='ltr'>no</span> <span class='ocrx_word' id='word_1_20' title='bbox 2829 460 2957 526; x_wconf 62' lang='grc' dir='ltr'>Μ’]</span> 
     </span>
    </p>
   </div>
   <div class='ocr_carea' id='block_1_2' title="bbox 117 641 2871 2107">
    <p class='ocr_par' dir='ltr' id='par_1_2' title="bbox 117 641 2871 2107">
     <span class='ocr_line' id='line_1_3' title="bbox 221 641 2632 750; baseline 0.002 -28"><span class='ocrx_word' id='word_1_21' title='bbox 221 641 712 740; x_wconf 74' lang='grc' dir='ltr'>κυνούμενος;</span> <span class='ocrx_word' id='word_1_22' title='bbox 809 641 857 744; x_wconf 81' lang='grc' dir='ltr'>ἢ</span> <span class='ocrx_word' id='word_1_23' title='bbox 933 641 1044 722; x_wconf 77' lang='grc' dir='ltr'>ὅτι</span> <span class='ocrx_word' id='word_1_24' title='bbox 1115 645 1439 724; x_wconf 81' lang='grc' dir='ltr'>καθίκετο</span> <span class='ocrx_word' id='word_1_25' title='bbox 1510 645 1586 723; x_wconf 80' lang='grc' dir='ltr'>ἐν</span> <span class='ocrx_word' id='word_1_26' title='bbox 1658 653 1806 729; x_wconf 87' lang='grc' dir='ltr'>τοῖς</span> <span class='ocrx_word' id='word_1_27' title='bbox 1876 650 2004 744; x_wconf 80' lang='grc' dir='ltr'>τῆς</span> <span class='ocrx_word' id='word_1_28' title='bbox 2081 645 2632 750; x_wconf 86' lang='grc' dir='ltr'>ἀνθρωπότητος</span> 
     </span>
     <span class='ocr_line' id='line_1_4' title="bbox 216 763 2632 880; baseline 0.002 -35"><span class='ocrx_word' id='word_1_29' title='bbox 216 763 526 868; x_wconf 78' lang='grc' dir='ltr'>μέτροις,</span> <span class='ocrx_word' id='word_1_30' title='bbox 571 769 689 846; x_wconf 79' lang='grc' dir='ltr'>καὶ</span> <span class='ocrx_word' id='word_1_31' title='bbox 742 764 828 847; x_wconf 80' lang='grc' dir='ltr'>τὸ</span> <span class='ocrx_word' id='word_1_32' title='bbox 883 765 1370 866; x_wconf 80' lang='grc' dir='ltr'>ἀποθνήσκειν</span> <span class='ocrx_word' id='word_1_33' title='bbox 1401 766 1723 870; x_wconf 83' lang='grc' dir='ltr'>πεφυκὸς</span> <span class='ocrx_word' id='word_1_34' title='bbox 1763 775 1983 867; x_wconf 83' lang='grc' dir='ltr'>σῶμα</span> <span class='ocrx_word' id='word_1_35' title='bbox 2031 766 2288 865; x_wconf 78' lang='grc' dir='ltr'>λαβὼν</span> <span class='ocrx_word' id='word_1_36' title='bbox 2324 773 2404 850; x_wconf 88' lang='grc' dir='ltr'>ἐν</span> <span class='ocrx_word' id='word_1_37' title='bbox 2438 774 2632 880; x_wconf 74' lang='grc' dir='ltr'>αὐτῷ</span> 
     </span>
     <span class='ocr_line' id='line_1_5' title="bbox 215 886 2626 998; baseline 0.002 -30"><span class='ocrx_word' id='word_1_38' title='bbox 215 886 576 970; x_wconf 75' lang='grc' dir='ltr'>πέπονθεν</span> <span class='ocrx_word' id='word_1_39' title='bbox 609 889 808 988; x_wconf 74' lang='grc' dir='ltr'>ἑκὼν,</span> <span class='ocrx_word' id='word_1_40' title='bbox 846 894 965 971; x_wconf 82' lang='grc' dir='ltr'>καὶ</span> <span class='ocrx_word' id='word_1_41' title='bbox 1009 897 1164 976; x_wconf 84' lang='grc' dir='ltr'>ταῖς</span> <span class='ocrx_word' id='word_1_42' title='bbox 1202 890 1542 971; x_wconf 79' lang='grc' dir='ltr'>ἀνωτάτω</span> <span class='ocrx_word' id='word_1_43' title='bbox 1582 889 1830 998; x_wconf 77' lang='grc' dir='ltr'>δόξαις</span> <span class='ocrx_word' id='word_1_44' title='bbox 1865 899 2350 997; x_wconf 81' lang='grc' dir='ltr'>στεφανοῦται</span> <span class='ocrx_word' id='word_1_45' title='bbox 2388 893 2504 974; x_wconf 80' lang='grc' dir='ltr'>διὰ</span> <span class='ocrx_word' id='word_1_46' title='bbox 2541 896 2626 974; x_wconf 83' lang='grc' dir='ltr'>τὸ</span> 
     </span>
     <span class='ocr_line' id='line_1_6' title="bbox 151 1009 2632 1119; baseline 0.002 -25"><span class='ocrx_word' id='word_1_47' title='bbox 151 1034 190 1094; x_wconf 85' lang='grc'><strong>5</strong></span> <span class='ocrx_word' id='word_1_48' title='bbox 215 1009 473 1110; x_wconf 85' lang='grc' dir='ltr'>πάθος,</span> <span class='ocrx_word' id='word_1_49' title='bbox 510 1016 607 1097; x_wconf 82' lang='grc' dir='ltr'>ὡς</span> <span class='ocrx_word' id='word_1_50' title='bbox 656 1015 742 1094; x_wconf 86' lang='grc' dir='ltr'>δι’</span> <span class='ocrx_word' id='word_1_51' title='bbox 782 1016 1001 1105; x_wconf 75' lang='grc' dir='ltr'>αὐτοῦ</span> <span class='ocrx_word' id='word_1_52' title='bbox 1051 1015 1519 1117; x_wconf 88' lang='grc' dir='ltr'>καταργήσας</span> <span class='ocrx_word' id='word_1_53' title='bbox 1570 1013 1699 1093; x_wconf 81' lang='grc' dir='ltr'>τὸν</span> <span class='ocrx_word' id='word_1_54' title='bbox 1739 1012 2070 1114; x_wconf 88' lang='grc' dir='ltr'>θάνατον,</span> <span class='ocrx_word' id='word_1_55' title='bbox 2109 1019 2226 1097; x_wconf 80' lang='grc' dir='ltr'>καὶ</span> <span class='ocrx_word' id='word_1_56' title='bbox 2262 1017 2632 1119; x_wconf 73' lang='grc' dir='ltr'>ἄπρακτον</span> 
     </span>
     <span class='ocr_line' id='line_1_7' title="bbox 216 1133 2631 1245; baseline 0.002 -30"><span class='ocrx_word' id='word_1_57' title='bbox 216 1136 606 1243; x_wconf 79' lang='grc' dir='ltr'>ἀποφήνας</span> <span class='ocrx_word' id='word_1_58' title='bbox 658 1135 793 1238; x_wconf 81' lang='grc' dir='ltr'>τὴν</span> <span class='ocrx_word' id='word_1_59' title='bbox 848 1135 1155 1245; x_wconf 79' lang='grc' dir='ltr'>φθορὰν,</span> <span class='ocrx_word' id='word_1_60' title='bbox 1210 1133 1336 1217; x_wconf 81' lang='grc' dir='ltr'>ἅτε</span> <span class='ocrx_word' id='word_1_61' title='bbox 1390 1140 1776 1243; x_wconf 89' lang='grc' dir='ltr'>ἀφθαρσία</span> <span class='ocrx_word' id='word_1_62' title='bbox 1825 1136 1926 1217; x_wconf 77' lang='grc' dir='ltr'>ὧν</span> <span class='ocrx_word' id='word_1_63' title='bbox 1980 1143 2099 1219; x_wconf 82' lang='grc' dir='ltr'>καὶ</span> <span class='ocrx_word' id='word_1_64' title='bbox 2156 1137 2319 1241; x_wconf 76' lang='grc' dir='ltr'>ζωή.</span> <span class='ocrx_word' id='word_1_65' title='bbox 2400 1140 2494 1221; x_wconf 83' lang='grc' dir='ltr'>τὰ</span> <span class='ocrx_word' id='word_1_66' title='bbox 2552 1140 2631 1221; x_wconf 80' lang='grc' dir='ltr'>δὲ</span> 
     </span>
     <span class='ocr_line' id='line_1_8' title="bbox 214 1259 2632 1368; baseline 0.001 -28"><span class='ocrx_word' id='word_1_67' title='bbox 214 1263 351 1358; x_wconf 81' lang='grc' dir='ltr'>τῆς</span> <span class='ocrx_word' id='word_1_68' title='bbox 410 1261 762 1366; x_wconf 78' lang='grc' dir='ltr'>ὑπεροχῆς</span> <span class='ocrx_word' id='word_1_69' title='bbox 823 1267 972 1344; x_wconf 87' lang='grc' dir='ltr'>τοῖς</span> <span class='ocrx_word' id='word_1_70' title='bbox 1028 1260 1394 1363; x_wconf 81' lang='grc' dir='ltr'>ἀγγέλοις,</span> <span class='ocrx_word' id='word_1_71' title='bbox 1458 1259 1569 1340; x_wconf 82' lang='grc' dir='ltr'>ὅτι</span> <span class='ocrx_word' id='word_1_72' title='bbox 1615 1264 1734 1341; x_wconf 77' lang='grc' dir='ltr'>καὶ</span> <span class='ocrx_word' id='word_1_73' title='bbox 1789 1261 1930 1368; x_wconf 79' lang='grc' dir='ltr'>ἔξω</span> <span class='ocrx_word' id='word_1_74' title='bbox 1990 1262 2265 1365; x_wconf 82' lang='grc' dir='ltr'>σαρκὸς</span> <span class='ocrx_word' id='word_1_75' title='bbox 2328 1267 2446 1342; x_wconf 82' lang='grc' dir='ltr'>καὶ</span> <span class='ocrx_word' id='word_1_76' title='bbox 2503 1273 2632 1345; x_wconf 85' lang='grc' dir='ltr'>τοῦ</span> 
     </span>
     <span class='ocr_line' id='line_1_9' title="bbox 216 1380 2630 1488; baseline 0.002 -26"><span class='ocrx_word' id='word_1_77' title='bbox 216 1383 553 1464; x_wconf 82' lang='grc' dir='ltr'>τεθνάναι</span> <span class='ocrx_word' id='word_1_78' title='bbox 608 1385 964 1488; x_wconf 84' lang='grc' dir='ltr'>κρείττους</span> <span class='ocrx_word' id='word_1_79' title='bbox 1015 1387 1176 1482; x_wconf 80' lang='grc' dir='ltr'>εἶσὶ,</span> <span class='ocrx_word' id='word_1_80' title='bbox 1214 1380 1591 1486; x_wconf 83' lang='grc' dir='ltr'>γεγονότος</span> <span class='ocrx_word' id='word_1_81' title='bbox 1649 1386 1725 1462; x_wconf 86' lang='grc' dir='ltr'>ἐν</span> <span class='ocrx_word' id='word_1_82' title='bbox 1779 1386 2055 1470; x_wconf 83' lang='grc' dir='ltr'>τούτοις</span> <span class='ocrx_word' id='word_1_83' title='bbox 2109 1394 2239 1465; x_wconf 85' lang='grc' dir='ltr'>τοῦ</span> <span class='ocrx_word' id='word_1_84' title='bbox 2273 1392 2456 1466; x_wconf 79' lang='grc' dir='ltr'>Υὶοῦ</span> <span class='ocrx_word' id='word_1_85' title='bbox 2512 1386 2630 1467; x_wconf 83' lang='grc' dir='ltr'>διὰ</span> 
     </span>
     <span class='ocr_line' id='line_1_10' title="bbox 216 1503 2621 1617; baseline 0.002 -32"><span class='ocrx_word' id='word_1_86' title='bbox 216 1503 354 1605; x_wconf 81' lang='grc' dir='ltr'>τὴν</span> <span class='ocrx_word' id='word_1_87' title='bbox 408 1507 737 1589; x_wconf 79' lang='grc' dir='ltr'>ἑκούσιον</span> <span class='ocrx_word' id='word_1_88' title='bbox 791 1508 1115 1590; x_wconf 81' lang='grc' dir='ltr'>κένωσιν.</span> <span class='ocrx_word' id='word_1_89' title='bbox 1191 1509 1360 1586; x_wconf 87' lang='grc' dir='ltr'>ἀλλ’</span> <span class='ocrx_word' id='word_1_90' title='bbox 1402 1508 1442 1587; x_wconf 86' lang='grc' dir='ltr'><strong>ὁ</strong></span> <span class='ocrx_word' id='word_1_91' title='bbox 1479 1504 1717 1616; x_wconf 62' lang='grc' dir='ltr'>βραχὶ</span> <span class='ocrx_word' id='word_1_92' title='bbox 1772 1513 1934 1617; x_wconf 76' lang='grc' dir='ltr'>παρ’</span> <span class='ocrx_word' id='word_1_93' title='bbox 1995 1508 2344 1611; x_wconf 65' lang='grc' dir='ltr'>ἀγγέλους</span> <span class='ocrx_word' id='word_1_94' title='bbox 2394 1511 2621 1611; x_wconf 87' lang='grc' dir='ltr'>ἠλατ-</span> 
     </span>
     <span class='ocr_line' id='line_1_11' title="bbox 117 1629 2626 1738; baseline 0.004 -33"><span class='ocrx_word' id='word_1_95' title='bbox 117 1666 192 1706; x_wconf 87' lang='lat'>10</span> <span class='ocrx_word' id='word_1_96' title='bbox 215 1629 528 1729; x_wconf 73' lang='grc' dir='ltr'>τωμένος</span> <span class='ocrx_word' id='word_1_97' title='bbox 566 1631 681 1711; x_wconf 77' lang='grc' dir='ltr'>διὰ</span> <span class='ocrx_word' id='word_1_98' title='bbox 717 1630 803 1713; x_wconf 79' lang='grc' dir='ltr'>τὸ</span> <span class='ocrx_word' id='word_1_99' title='bbox 836 1636 965 1732; x_wconf 83' lang='grc' dir='ltr'>τῆς</span> <span class='ocrx_word' id='word_1_100' title='bbox 1001 1631 1552 1735; x_wconf 87' lang='grc' dir='ltr'>ἀνθρωπότητος</span> <span class='ocrx_word' id='word_1_101' title='bbox 1590 1632 1873 1735; x_wconf 73' lang='grc' dir='ltr'>μέτρον,</span> <span class='ocrx_word' id='word_1_102' title='bbox 1909 1635 1987 1711; x_wconf 84' lang='grc' dir='ltr'>ἐν</span> <span class='ocrx_word' id='word_1_103' title='bbox 2024 1634 2339 1738; x_wconf 83' lang='grc' dir='ltr'>ὑπεροχῇ</span> <span class='ocrx_word' id='word_1_104' title='bbox 2378 1632 2626 1734; x_wconf 84' lang='grc' dir='ltr'>θεότη-</span> 
     </span>
     <span class='ocr_line' id='line_1_12' title="bbox 212 1751 2627 1860; baseline 0.003 -26"><span class='ocrx_word' id='word_1_105' title='bbox 212 1787 341 1838; x_wconf 85' lang='grc' dir='ltr'>τος</span> <span class='ocrx_word' id='word_1_106' title='bbox 398 1751 501 1835; x_wconf 75' lang='grc' dir='ltr'>ὢν</span> <span class='ocrx_word' id='word_1_107' title='bbox 535 1763 1042 1860; x_wconf 85' lang='grc' dir='ltr'>προσκυνεῖται</span> <span class='ocrx_word' id='word_1_108' title='bbox 1093 1756 1261 1859; x_wconf 85' lang='grc' dir='ltr'>παρ’</span> <span class='ocrx_word' id='word_1_109' title='bbox 1306 1757 1562 1854; x_wconf 77' lang='grc' dir='ltr'>αὐτῶν,</span> <span class='ocrx_word' id='word_1_110' title='bbox 1612 1758 1728 1835; x_wconf 81' lang='grc' dir='ltr'>καὶ</span> <span class='ocrx_word' id='word_1_111' title='bbox 1786 1756 2136 1857; x_wconf 83' lang='grc' dir='ltr'>ἐνίδρυται</span> <span class='ocrx_word' id='word_1_112' title='bbox 2191 1756 2449 1841; x_wconf 76' lang='grc' dir='ltr'>θώκοις</span> <span class='ocrx_word' id='word_1_113' title='bbox 2503 1757 2627 1842; x_wconf 78' lang='grc' dir='ltr'>οὓς</span> 
     </span>
     <span class='ocr_line' id='line_1_13' title="bbox 214 1878 2625 1986; baseline 0.001 -28"><span class='ocrx_word' id='word_1_114' title='bbox 214 1885 688 1981; x_wconf 83' lang='grc' dir='ltr'>περιεστᾶσιν</span> <span class='ocrx_word' id='word_1_115' title='bbox 744 1882 987 1959; x_wconf 84' lang='grc' dir='ltr'>ἐκεῖνοι</span> <span class='ocrx_word' id='word_1_116' title='bbox 1051 1878 1608 1986; x_wconf 83' lang='grc' dir='ltr'>δοξολογοῦντες</span> <span class='ocrx_word' id='word_1_117' title='bbox 1671 1881 1800 1976; x_wconf 77' lang='grc' dir='ltr'>ἀεὶ,</span> <span class='ocrx_word' id='word_1_118' title='bbox 1866 1882 1983 1959; x_wconf 85' lang='grc' dir='ltr'>καὶ</span> <span class='ocrx_word' id='word_1_119' title='bbox 2041 1886 2188 1960; x_wconf 82' lang='grc' dir='ltr'>τῶν</span> <span class='ocrx_word' id='word_1_120' title='bbox 2256 1880 2625 1981; x_wconf 86' lang='grc' dir='ltr'>δυνάμεων</span> 
     </span>
     <span class='ocr_line' id='line_1_14' title="bbox 215 2000 2871 2107; baseline 0.003 -26"><span class='ocrx_word' id='word_1_121' title='bbox 215 2000 439 2082; x_wconf 81' lang='grc' dir='ltr'>αὐτὸν</span> <span class='ocrx_word' id='word_1_122' title='bbox 474 2001 934 2107; x_wconf 71' lang='grc' dir='ltr'>ὀνομάζοντες</span> <span class='ocrx_word' id='word_1_123' title='bbox 970 2001 1232 2104; x_wconf 79' lang='grc' dir='ltr'>κύριον.</span> <span class='ocrx_word' id='word_1_124' title='bbox 1955 2049 1965 2056; x_wconf 93' lang='grc'>·</span> <span class='ocrx_word' id='word_1_125' title='bbox 2648 2021 2749 2076; x_wconf 92' lang='grc'>111</span> <span class='ocrx_word' id='word_1_126' title='bbox 2777 2019 2871 2078; x_wconf 73' lang='grc' dir='ltr'>Μ-</span> 
     </span>
    </p>
   </div>
   <div class='ocr_carea' id='block_1_3' title="bbox 204 2186 2622 4650">
    <p class='ocr_par' dir='ltr' id='par_1_3' title="bbox 214 2186 2622 2471">
     <span class='ocr_line' id='line_1_15' title="bbox 294 2186 2622 2259; baseline 0.001 -17"><span class='ocrx_word' id='word_1_127' title='bbox 294 2206 343 2242; x_wconf 91' lang='grc'>1.</span> <span class='ocrx_word' id='word_1_128' title='bbox 383 2186 507 2242; x_wconf 86' lang='lat' dir='ltr'>Hoc</span> <span class='ocrx_word' id='word_1_129' title='bbox 532 2187 773 2242; x_wconf 75' lang='lat' dir='ltr'>scholion</span> <span class='ocrx_word' id='word_1_130' title='bbox 795 2205 825 2243; x_wconf 86' lang='lat' dir='ltr'>e</span> <span class='ocrx_word' id='word_1_131' title='bbox 850 2187 1000 2243; x_wconf 79' lang='lat' dir='ltr'>Maio</span> <span class='ocrx_word' id='word_1_132' title='bbox 1023 2195 1077 2243; x_wconf 86' lang='lat' dir='ltr'>et</span> <span class='ocrx_word' id='word_1_133' title='bbox 1101 2186 1372 2245; x_wconf 75' lang='lat' dir='ltr'>cramero.</span> <span class='ocrx_word' id='word_1_134' title='bbox 1479 2187 1600 2259; x_wconf 83' lang='grc' dir='ltr'>παρ’</span> <span class='ocrx_word' id='word_1_135' title='bbox 1624 2206 1671 2243; x_wconf 81' lang='grc' dir='ltr'>ει.</span> <span class='ocrx_word' id='word_1_136' title='bbox 1700 2187 1801 2243; x_wconf 87' lang='lat' dir='ltr'>Ed.</span> <span class='ocrx_word' id='word_1_137' title='bbox 1826 2190 1957 2257; x_wconf 75' lang='grc' dir='ltr'>πρὸς</span> <span class='ocrx_word' id='word_1_138' title='bbox 1981 2188 2034 2243; x_wconf 85' lang='lat' dir='ltr'>b.</span> <span class='ocrx_word' id='word_1_139' title='bbox 2330 2206 2351 2243; x_wconf 94' lang='grc'>1</span> <span class='ocrx_word' id='word_1_140' title='bbox 2367 2205 2412 2244; x_wconf 92' lang='grc'>1.</span> <span class='ocrx_word' id='word_1_141' title='bbox 2451 2190 2622 2246; x_wconf 78' lang='grc' dir='ltr'>θάκοις</span> 
     </span>
     <span class='ocr_line' id='line_1_16' title="bbox 216 2257 2622 2331; baseline 0.002 -18"><span class='ocrx_word' id='word_1_142' title='bbox 216 2258 522 2328; x_wconf 65' lang='grc' dir='ltr'>(ε-θόκοις)</span> <span class='ocrx_word' id='word_1_143' title='bbox 545 2258 600 2313; x_wconf 91' lang='lat' dir='ltr'>b.</span> <span class='ocrx_word' id='word_1_144' title='bbox 808 2275 891 2314; x_wconf 78' lang='lat'>12.</span> <span class='ocrx_word' id='word_1_145' title='bbox 927 2266 1276 2329; x_wconf 76' lang='grc' dir='ltr'>περιεστῶσιν</span> <span class='ocrx_word' id='word_1_146' title='bbox 1298 2259 1354 2313; x_wconf 86' lang='lat' dir='ltr'>b.</span> <span class='ocrx_word' id='word_1_147' title='bbox 1564 2276 1648 2331; x_wconf 84' lang='lat'>13.</span> <span class='ocrx_word' id='word_1_148' title='bbox 1686 2257 1885 2330; x_wconf 79' lang='grc' dir='ltr'>κύριον]</span> <span class='ocrx_word' id='word_1_149' title='bbox 1917 2259 2098 2329; x_wconf 81' lang='lat' dir='ltr'>Pergit</span> <span class='ocrx_word' id='word_1_150' title='bbox 2121 2260 2204 2313; x_wconf 78' lang='grc' dir='ltr'>καὶ</span> <span class='ocrx_word' id='word_1_151' title='bbox 2228 2259 2622 2328; x_wconf 77' lang='grc' dir='ltr'>σὺ-ἀνώτερος</span> 
     </span>
     <span class='ocr_line' id='line_1_17' title="bbox 214 2327 2620 2401; baseline 0.001 -19"><span class='ocrx_word' id='word_1_152' title='bbox 214 2329 434 2401; x_wconf 71' lang='grc' dir='ltr'>γέγονεν</span> <span class='ocrx_word' id='word_1_153' title='bbox 467 2346 499 2383; x_wconf 81' lang='lat' dir='ltr'>e</span> <span class='ocrx_word' id='word_1_154' title='bbox 532 2327 786 2383; x_wconf 74' lang='lat' dir='ltr'>Crnmcro</span> <span class='ocrx_word' id='word_1_155' title='bbox 823 2345 946 2399; x_wconf 85' lang='lat'><strong>391.</strong></span> <span class='ocrx_word' id='word_1_156' title='bbox 973 2346 1115 2396; x_wconf 82' lang='lat'><strong>4—14</strong></span> <span class='ocrx_word' id='word_1_157' title='bbox 1141 2329 1341 2384; x_wconf 82' lang='lat' dir='ltr'>Maius.</span> <span class='ocrx_word' id='word_1_158' title='bbox 1422 2329 1677 2384; x_wconf 80' lang='lat' dir='ltr'><strong>Attamen</strong></span> <span class='ocrx_word' id='word_1_159' title='bbox 1714 2329 1771 2383; x_wconf 90' lang='lat' dir='ltr'>in</span> <span class='ocrx_word' id='word_1_160' title='bbox 1810 2347 1857 2383; x_wconf 88' lang='lat' dir='ltr'>a.</span> <span class='ocrx_word' id='word_1_161' title='bbox 1900 2329 2028 2384; x_wconf 81' lang='lat' dir='ltr'>haec</span> <span class='ocrx_word' id='word_1_162' title='bbox 2068 2328 2125 2383; x_wconf 93' lang='lat' dir='ltr'>S.</span> <span class='ocrx_word' id='word_1_163' title='bbox 2152 2329 2337 2401; x_wconf 84' lang='lat' dir='ltr'>Cyrilli</span> <span class='ocrx_word' id='word_1_164' title='bbox 2380 2329 2620 2384; x_wconf 81' lang='lat' dir='ltr'>scholion</span> 
     </span>
     <span class='ocr_line' id='line_1_18' title="bbox 218 2397 2415 2471; baseline 0 -17"><span class='ocrx_word' id='word_1_165' title='bbox 218 2398 545 2470; x_wconf 76' lang='lat' dir='ltr'>praecedunt</span> <span class='ocrx_word' id='word_1_166' title='bbox 568 2416 598 2454; x_wconf 87' lang='lat' dir='ltr'>e</span> <span class='ocrx_word' id='word_1_167' title='bbox 624 2398 682 2453; x_wconf 92' lang='lat' dir='ltr'>S.</span> <span class='ocrx_word' id='word_1_168' title='bbox 707 2397 1078 2470; x_wconf 82' lang='lat' dir='ltr'>Chrysostomi</span> <span class='ocrx_word' id='word_1_169' title='bbox 1101 2399 1169 2453; x_wconf 80' lang='lat' dir='ltr'>ad</span> <span class='ocrx_word' id='word_1_170' title='bbox 1194 2401 1296 2454; x_wconf 92' lang='lat' dir='ltr'>loc.</span> <span class='ocrx_word' id='word_1_171' title='bbox 1326 2398 1492 2454; x_wconf 87' lang='lat' dir='ltr'>Hom.</span> <span class='ocrx_word' id='word_1_172' title='bbox 1516 2401 1587 2455; x_wconf 89' lang='lat' dir='ltr'>iv.</span> <span class='ocrx_word' id='word_1_173' title='bbox 1616 2418 1706 2469; x_wconf 89' lang='lat' dir='ltr'>pp.</span> <span class='ocrx_word' id='word_1_174' title='bbox 1730 2416 1799 2471; x_wconf 86' lang='lat'>39</span> <span class='ocrx_word' id='word_1_175' title='bbox 1826 2399 1882 2462; x_wconf 88' lang='lat' dir='ltr'>d,</span> <span class='ocrx_word' id='word_1_176' title='bbox 1908 2417 1979 2466; x_wconf 88' lang='lat'>40</span> <span class='ocrx_word' id='word_1_177' title='bbox 2002 2417 2034 2453; x_wconf 83' lang='lat' dir='ltr'><strong>a</strong></span> <span class='ocrx_word' id='word_1_178' title='bbox 2052 2399 2088 2454; x_wconf 95' lang='lat' dir='ltr'>b</span> <span class='ocrx_word' id='word_1_179' title='bbox 2115 2398 2415 2470; x_wconf 83' lang='lat' dir='ltr'>desumpta.</span> 
     </span>
    </p>

    <p class='ocr_par' dir='ltr' id='par_1_4' title="bbox 214 2468 2621 3018">
     <span class='ocr_line' id='line_1_19' title="bbox 290 2468 2621 2558; baseline 0 -34"><span class='ocrx_word' id='word_1_180' title='bbox 290 2468 427 2524; x_wconf 74' lang='lat' dir='ltr'>Post</span> <span class='ocrx_word' id='word_1_181' title='bbox 451 2469 583 2524; x_wconf 78' lang='lat' dir='ltr'>hacc</span> <span class='ocrx_word' id='word_1_182' title='bbox 614 2469 855 2524; x_wconf 76' lang='lat' dir='ltr'>scholion</span> <span class='ocrx_word' id='word_1_183' title='bbox 881 2488 911 2524; x_wconf 89' lang='lat' dir='ltr'>e</span> <span class='ocrx_word' id='word_1_184' title='bbox 937 2468 1165 2524; x_wconf 75' lang='lat' dir='ltr'><strong>Psalmis</strong></span> <span class='ocrx_word' id='word_1_185' title='bbox 1190 2471 1433 2542; x_wconf 80' lang='lat' dir='ltr'>sequitur</span> <span class='ocrx_word' id='word_1_186' title='bbox 1454 2471 1512 2524; x_wconf 90' lang='lat' dir='ltr'>in</span> <span class='ocrx_word' id='word_1_187' title='bbox 1538 2470 1704 2537; x_wconf 85' lang='lat' dir='ltr'>Maio,</span> <span class='ocrx_word' id='word_1_188' title='bbox 1730 2469 1877 2558; x_wconf 62' lang='lat' dir='ltr'>guod</span> <span class='ocrx_word' id='word_1_189' title='bbox 1903 2470 2207 2540; x_wconf 72' lang='lat' dir='ltr'>subjungo:</span> <span class='ocrx_word' id='word_1_190' title='bbox 2244 2468 2621 2540; x_wconf 81' lang='grc' dir='ltr'>Ἐστεφάνωσε</span> 
     </span>
     <span class='ocr_line' id='line_1_20' title="bbox 215 2536 2621 2612; baseline 0 -17"><span class='ocrx_word' id='word_1_191' title='bbox 215 2539 275 2595; x_wconf 69' lang='grc' dir='ltr'>δὲ</span> <span class='ocrx_word' id='word_1_192' title='bbox 310 2538 446 2609; x_wconf 73' lang='grc' dir='ltr'>ἡμᾶς</span> <span class='ocrx_word' id='word_1_193' title='bbox 480 2540 611 2609; x_wconf 76' lang='grc' dir='ltr'>δόξῃ</span> <span class='ocrx_word' id='word_1_194' title='bbox 644 2540 728 2594; x_wconf 76' lang='grc' dir='ltr'>καὶ</span> <span class='ocrx_word' id='word_1_195' title='bbox 751 2543 888 2610; x_wconf 78' lang='grc' dir='ltr'>τιμῇ,</span> <span class='ocrx_word' id='word_1_196' title='bbox 915 2537 981 2595; x_wconf 84' lang='grc' dir='ltr'>δι’</span> <span class='ocrx_word' id='word_1_197' title='bbox 1005 2540 1076 2595; x_wconf 71' lang='grc' dir='ltr'>ὧν</span> <span class='ocrx_word' id='word_1_198' title='bbox 1098 2540 1344 2612; x_wconf 74' lang='grc' dir='ltr'>ὑπάρχων</span> <span class='ocrx_word' id='word_1_199' title='bbox 1366 2541 1484 2597; x_wconf 78' lang='grc' dir='ltr'>θεὸς</span> <span class='ocrx_word' id='word_1_200' title='bbox 1517 2541 1646 2595; x_wconf 79' lang='grc' dir='ltr'>κατὰ</span> <span class='ocrx_word' id='word_1_201' title='bbox 1673 2543 1843 2611; x_wconf 82' lang='grc' dir='ltr'>φυσιν</span> <span class='ocrx_word' id='word_1_202' title='bbox 1875 2536 2165 2609; x_wconf 79' lang='grc' dir='ltr'>ἠλάττωται</span> <span class='ocrx_word' id='word_1_203' title='bbox 2201 2539 2266 2595; x_wconf 79' lang='grc' dir='ltr'>δι’</span> <span class='ocrx_word' id='word_1_204' title='bbox 2293 2540 2440 2611; x_wconf 80' lang='grc' dir='ltr'>ἡμᾶς,</span> <span class='ocrx_word' id='word_1_205' title='bbox 2465 2541 2534 2598; x_wconf 79' lang='grc' dir='ltr'>ὣς</span> <span class='ocrx_word' id='word_1_206' title='bbox 2557 2541 2621 2596; x_wconf 74' lang='grc' dir='ltr'>ἂν</span> 
     </span>
     <span class='ocr_line' id='line_1_21' title="bbox 214 2609 2620 2683; baseline -0.001 -15"><span class='ocrx_word' id='word_1_207' title='bbox 214 2610 363 2680; x_wconf 74' lang='grc' dir='ltr'>ἡμεῖς</span> <span class='ocrx_word' id='word_1_208' title='bbox 392 2611 524 2682; x_wconf 72' lang='grc' dir='ltr'>ὑπὲρ</span> <span class='ocrx_word' id='word_1_209' title='bbox 548 2610 717 2683; x_wconf 79' lang='grc' dir='ltr'>φύσιν</span> <span class='ocrx_word' id='word_1_210' title='bbox 744 2609 1121 2680; x_wconf 76' lang='grc' dir='ltr'>πλοντῆσωμεν</span> <span class='ocrx_word' id='word_1_211' title='bbox 1151 2612 1208 2665; x_wconf 77' lang='grc' dir='ltr'>ἐν</span> <span class='ocrx_word' id='word_1_212' title='bbox 1228 2612 1384 2683; x_wconf 75' lang='grc' dir='ltr'>αὐτῷ·</span> <span class='ocrx_word' id='word_1_213' title='bbox 1437 2614 1471 2643; x_wconf 85' lang='grc'><strong>“</strong></span> <span class='ocrx_word' id='word_1_214' title='bbox 1486 2610 1757 2682; x_wconf 72' lang='grc' dir='ltr'>συνήγειρε</span> <span class='ocrx_word' id='word_1_215' title='bbox 1786 2612 1888 2683; x_wconf 78' lang='grc' dir='ltr'>γὰρ</span> <span class='ocrx_word' id='word_1_216' title='bbox 1919 2611 2049 2681; x_wconf 78' lang='grc' dir='ltr'>ἡμᾶς</span> <span class='ocrx_word' id='word_1_217' title='bbox 2081 2612 2162 2665; x_wconf 77' lang='grc' dir='ltr'>καὶ</span> <span class='ocrx_word' id='word_1_218' title='bbox 2201 2612 2541 2667; x_wconf 80' lang='grc' dir='ltr'>συνεκάθισεν</span> <span class='ocrx_word' id='word_1_219' title='bbox 2565 2612 2620 2666; x_wconf 78' lang='grc' dir='ltr'>ἐν</span> 
     </span>
     <span class='ocr_line' id='line_1_22' title="bbox 214 2679 2620 2753; baseline 0 -18"><span class='ocrx_word' id='word_1_220' title='bbox 214 2685 325 2737; x_wconf 82' lang='grc' dir='ltr'>τοῖς</span> <span class='ocrx_word' id='word_1_221' title='bbox 362 2681 684 2750; x_wconf 76' lang='grc' dir='ltr'>ἐπουρανίοις</span> <span class='ocrx_word' id='word_1_222' title='bbox 721 2682 776 2736; x_wconf 80' lang='grc' dir='ltr'>ε’ν</span> <span class='ocrx_word' id='word_1_223' title='bbox 816 2679 1078 2753; x_wconf 79' lang='grc' dir='ltr'>Χριστῷ·”</span> <span class='ocrx_word' id='word_1_224' title='bbox 1127 2680 1525 2751; x_wconf 77' lang='grc' dir='ltr'>συνεδρεύοντος</span> <span class='ocrx_word' id='word_1_225' title='bbox 1555 2683 1660 2752; x_wconf 73' lang='grc' dir='ltr'>γὰρ</span> <span class='ocrx_word' id='word_1_226' title='bbox 1701 2681 1875 2744; x_wconf 72' lang='grc' dir='ltr'>αὐτοῦ,</span> <span class='ocrx_word' id='word_1_227' title='bbox 1918 2681 2006 2753; x_wconf 79' lang='grc' dir='ltr'>ἐφ’</span> <span class='ocrx_word' id='word_1_228' title='bbox 2046 2681 2174 2746; x_wconf 81' lang='grc' dir='ltr'>ὅλην</span> <span class='ocrx_word' id='word_1_229' title='bbox 2217 2681 2309 2748; x_wconf 80' lang='grc' dir='ltr'>τὴν</span> <span class='ocrx_word' id='word_1_230' title='bbox 2345 2682 2620 2750; x_wconf 79' lang='grc' dir='ltr'>ἀνθρώπου</span> 
     </span>
     <span class='ocr_line' id='line_1_23' title="bbox 214 2750 2620 2824; baseline -0 -16"><span class='ocrx_word' id='word_1_231' title='bbox 214 2751 387 2822; x_wconf 78' lang='grc' dir='ltr'>φῦσιν</span> <span class='ocrx_word' id='word_1_232' title='bbox 412 2753 681 2822; x_wconf 77' lang='grc' dir='ltr'>δραμεῖται</span> <span class='ocrx_word' id='word_1_233' title='bbox 715 2756 777 2807; x_wconf 83' lang='grc' dir='ltr'>τὸ</span> <span class='ocrx_word' id='word_1_234' title='bbox 812 2752 1065 2822; x_wconf 75' lang='grc' dir='ltr'>καύχημα·</span> <span class='ocrx_word' id='word_1_235' title='bbox 1115 2752 1249 2806; x_wconf 77' lang='grc' dir='ltr'>οὕτω</span> <span class='ocrx_word' id='word_1_236' title='bbox 1283 2754 1386 2824; x_wconf 77' lang='grc' dir='ltr'>γὰρ</span> <span class='ocrx_word' id='word_1_237' title='bbox 1412 2756 1472 2821; x_wconf 79' lang='grc' dir='ltr'>τῇ</span> <span class='ocrx_word' id='word_1_238' title='bbox 1510 2753 1669 2806; x_wconf 75' lang='grc' dir='ltr'>αὐτοῦ</span> <span class='ocrx_word' id='word_1_239' title='bbox 1702 2752 1931 2822; x_wconf 75' lang='grc' dir='ltr'>πτωχείᾳ</span> <span class='ocrx_word' id='word_1_240' title='bbox 1965 2750 2405 2820; x_wconf 82' lang='grc' dir='ltr'>πεπλουτῆκαμεν,</span> <span class='ocrx_word' id='word_1_241' title='bbox 2438 2750 2505 2806; x_wconf 79' lang='grc' dir='ltr'>δι’</span> <span class='ocrx_word' id='word_1_242' title='bbox 2530 2752 2620 2808; x_wconf 70' lang='grc' dir='ltr'>οὓς</span> 
     </span>
     <span class='ocr_line' id='line_1_24' title="bbox 216 2821 2620 2894; baseline 0 -18"><span class='ocrx_word' id='word_1_243' title='bbox 216 2824 300 2877; x_wconf 75' lang='grc' dir='ltr'>καὶ</span> <span class='ocrx_word' id='word_1_244' title='bbox 325 2822 455 2891; x_wconf 75' lang='grc' dir='ltr'>δόξῃ</span> <span class='ocrx_word' id='word_1_245' title='bbox 491 2824 574 2876; x_wconf 82' lang='grc' dir='ltr'>καὶ</span> <span class='ocrx_word' id='word_1_246' title='bbox 598 2826 718 2891; x_wconf 81' lang='grc' dir='ltr'>τιμῇ</span> <span class='ocrx_word' id='word_1_247' title='bbox 754 2823 1111 2894; x_wconf 75' lang='grc' dir='ltr'>ἐστεφάνωται</span> <span class='ocrx_word' id='word_1_248' title='bbox 1148 2824 1311 2877; x_wconf 78' lang='grc' dir='ltr'>καίτοι</span> <span class='ocrx_word' id='word_1_249' title='bbox 1342 2824 1432 2892; x_wconf 86' lang='grc' dir='ltr'>τῆς</span> <span class='ocrx_word' id='word_1_250' title='bbox 1466 2823 1622 2893; x_wconf 76' lang='grc' dir='ltr'>δόξης</span> <span class='ocrx_word' id='word_1_251' title='bbox 1653 2821 1824 2893; x_wconf 73' lang='grc' dir='ltr'>κύριος</span> <span class='ocrx_word' id='word_1_252' title='bbox 1854 2822 1925 2875; x_wconf 78' lang='grc' dir='ltr'>ὣν</span> <span class='ocrx_word' id='word_1_253' title='bbox 1948 2822 2017 2878; x_wconf 77' lang='grc' dir='ltr'>ὣς</span> <span class='ocrx_word' id='word_1_254' title='bbox 2044 2822 2176 2876; x_wconf 84' lang='grc' dir='ltr'>θεός·</span> <span class='ocrx_word' id='word_1_255' title='bbox 2230 2821 2401 2891; x_wconf 73' lang='grc' dir='ltr'>ἄτιμοι</span> <span class='ocrx_word' id='word_1_256' title='bbox 2427 2823 2530 2893; x_wconf 78' lang='grc' dir='ltr'>γὰρ</span> <span class='ocrx_word' id='word_1_257' title='bbox 2564 2824 2620 2876; x_wconf 88' lang='grc' dir='ltr'>ε’ν</span> 
     </span>
     <span class='ocr_line' id='line_1_25' title="bbox 214 2890 2616 3018; baseline -0.001 -70"><span class='ocrx_word' id='word_1_258' title='bbox 214 2896 278 2961; x_wconf 80' lang='grc' dir='ltr'>τῇ</span> <span class='ocrx_word' id='word_1_259' title='bbox 303 2897 404 3018; x_wconf 43' lang='grc' dir='ltr'>τῖυὲ.</span> <span class='ocrx_word' id='word_1_260' title='bbox 422 2891 589 2963; x_wconf 77' lang='grc' dir='ltr'>Ἀδὰμ</span> <span class='ocrx_word' id='word_1_261' title='bbox 612 2894 910 2964; x_wconf 80' lang='grc' dir='ltr'>παραβάσει</span> <span class='ocrx_word' id='word_1_262' title='bbox 932 2893 1280 2964; x_wconf 75' lang='grc' dir='ltr'>γεγενημένοι,</span> <span class='ocrx_word' id='word_1_263' title='bbox 1305 2894 1361 2948; x_wconf 85' lang='grc' dir='ltr'>ε’ν</span> <span class='ocrx_word' id='word_1_264' title='bbox 1383 2896 1445 2963; x_wconf 82' lang='grc' dir='ltr'>τῇ</span> <span class='ocrx_word' id='word_1_265' title='bbox 1474 2894 1601 2965; x_wconf 69' lang='grc' dir='ltr'>ὑπὲρ</span> <span class='ocrx_word' id='word_1_266' title='bbox 1626 2890 1767 2961; x_wconf 77' lang='grc' dir='ltr'>ἡμῶν</span> <span class='ocrx_word' id='word_1_267' title='bbox 1789 2892 1986 2961; x_wconf 79' lang='grc' dir='ltr'>ὑπακοῇ</span> <span class='ocrx_word' id='word_1_268' title='bbox 2020 2895 2113 2946; x_wconf 86' lang='grc' dir='ltr'>τοῦ</span> <span class='ocrx_word' id='word_1_269' title='bbox 2139 2895 2373 2962; x_wconf 80' lang='grc' dir='ltr'>Χριστοῦ</span> <span class='ocrx_word' id='word_1_270' title='bbox 2403 2893 2616 2962; x_wconf 78' lang='grc' dir='ltr'>δεδοξά-</span> 
     </span>
     <span class='ocr_line' id='line_1_26' title="bbox 214 2985 254 3018; baseline 0 0"><span class='ocrx_word' id='word_1_271' title='bbox 214 2985 254 3018; x_wconf 80' lang='lat' dir='ltr'>o·</span> 
     </span>
    </p>

    <p class='ocr_par' dir='ltr' id='par_1_5' title="bbox 204 2986 2618 4650">
     <span class='ocr_line' id='line_1_27' title="bbox 251 2986 2614 3105; baseline -0.001 -17"><span class='ocrx_word' id='word_1_272' title='bbox 251 2986 548 3088; x_wconf 46' lang='lat' dir='ltr'>WScholiou</span> <span class='ocrx_word' id='word_1_273' title='bbox 585 3033 657 3087; x_wconf 75' lang='grc' dir='ltr'>Σὺ</span> <span class='ocrx_word' id='word_1_274' title='bbox 691 3032 754 3087; x_wconf 79' lang='grc' dir='ltr'>δέ</span> <span class='ocrx_word' id='word_1_275' title='bbox 783 3038 1044 3102; x_wconf 82' lang='grc' dir='ltr'>μοι-τῶν</span> <span class='ocrx_word' id='word_1_276' title='bbox 1064 3034 1238 3089; x_wconf 80' lang='grc' dir='ltr'>ποδῶν</span> <span class='ocrx_word' id='word_1_277' title='bbox 1270 3056 1373 3103; x_wconf 83' lang='grc' dir='ltr'>μου</span> <span class='ocrx_word' id='word_1_278' title='bbox 1401 3031 1517 3102; x_wconf 88' lang='lat' dir='ltr'>(Cr.</span> <span class='ocrx_word' id='word_1_279' title='bbox 1543 3048 1669 3105; x_wconf 87' lang='lat'><strong>393.</strong></span> <span class='ocrx_word' id='word_1_280' title='bbox 1697 3031 1863 3102; x_wconf 90' lang='lat'><strong>8-19)</strong></span> <span class='ocrx_word' id='word_1_281' title='bbox 1889 3030 1957 3086; x_wconf 78' lang='lat' dir='ltr'>ad</span> <span class='ocrx_word' id='word_1_282' title='bbox 1979 3031 2377 3086; x_wconf 83' lang='lat' dir='ltr'>Thesaurorum</span> <span class='ocrx_word' id='word_1_283' title='bbox 2400 3033 2435 3083; x_wconf 89' lang='grc' dir='ltr'>λ</span> <span class='ocrx_word' id='word_1_284' title='bbox 2506 3071 2521 3086; x_wconf 90' lang='grc'><strong>.</strong></span> <span class='ocrx_word' id='word_1_285' title='bbox 2545 3047 2614 3101; x_wconf 76' lang='grc'>32</span> 
     </span>
     <span class='ocr_line' id='line_1_28' title="bbox 218 3052 2617 3175; baseline 0 -19"><span class='ocrx_word' id='word_1_286' title='bbox 218 3103 336 3172; x_wconf 83' lang='lat' dir='ltr'>(i.c.</span> <span class='ocrx_word' id='word_1_287' title='bbox 363 3122 417 3174; x_wconf 90' lang='lat' dir='ltr'>p.</span> <span class='ocrx_word' id='word_1_288' title='bbox 439 3119 545 3173; x_wconf 84' lang='lat'>290</span> <span class='ocrx_word' id='word_1_289' title='bbox 580 3122 610 3158; x_wconf 89' lang='lat' dir='ltr'>e</span> <span class='ocrx_word' id='word_1_290' title='bbox 648 3120 745 3175; x_wconf 83' lang='lat'>291</span> <span class='ocrx_word' id='word_1_291' title='bbox 786 3102 858 3173; x_wconf 87' lang='lat' dir='ltr'>a),</span> <span class='ocrx_word' id='word_1_292' title='bbox 895 3103 1136 3159; x_wconf 84' lang='lat' dir='ltr'>scholion</span> <span class='ocrx_word' id='word_1_293' title='bbox 1172 3105 1243 3158; x_wconf 77' lang='grc' dir='ltr'>Σὺ</span> <span class='ocrx_word' id='word_1_294' title='bbox 1273 3104 1335 3158; x_wconf 77' lang='grc' dir='ltr'>δέ</span> <span class='ocrx_word' id='word_1_295' title='bbox 1362 3106 1584 3174; x_wconf 75' lang='grc' dir='ltr'>μοι-τὸ</span> <span class='ocrx_word' id='word_1_296' title='bbox 1605 3104 1827 3158; x_wconf 78' lang='grc' dir='ltr'>ἔλαττον</span> <span class='ocrx_word' id='word_1_297' title='bbox 1852 3100 1968 3171; x_wconf 90' lang='lat' dir='ltr'>(Cr.</span> <span class='ocrx_word' id='word_1_298' title='bbox 1988 3117 2111 3172; x_wconf 83' lang='lat'><strong>395.</strong></span> <span class='ocrx_word' id='word_1_299' title='bbox 2140 3099 2335 3172; x_wconf 83' lang='lat'>27-32)</span> <span class='ocrx_word' id='word_1_300' title='bbox 2362 3052 2617 3157; x_wconf 44' lang='lat' dir='ltr'>adqhes.</span> 
     </span>
     <span class='ocr_line' id='line_1_29' title="bbox 215 3171 2618 3245; baseline -0.002 -17"><span class='ocrx_word' id='word_1_301' title='bbox 215 3175 337 3245; x_wconf 75' lang='grc' dir='ltr'>λογ.</span> <span class='ocrx_word' id='word_1_302' title='bbox 365 3190 387 3228; x_wconf 90' lang='grc'>1</span> <span class='ocrx_word' id='word_1_303' title='bbox 402 3190 423 3228; x_wconf 94' lang='grc'>1</span> <span class='ocrx_word' id='word_1_304' title='bbox 450 3174 510 3240; x_wconf 84' lang='lat' dir='ltr'>(i.</span> <span class='ocrx_word' id='word_1_305' title='bbox 527 3192 573 3228; x_wconf 89' lang='lat' dir='ltr'>e.</span> <span class='ocrx_word' id='word_1_306' title='bbox 597 3192 652 3244; x_wconf 87' lang='lat' dir='ltr'>p.</span> <span class='ocrx_word' id='word_1_307' title='bbox 679 3191 749 3245; x_wconf 87' lang='grc'>93</span> <span class='ocrx_word' id='word_1_308' title='bbox 768 3173 849 3242; x_wconf 83' lang='lat' dir='ltr'>d.)</span> <span class='ocrx_word' id='word_1_309' title='bbox 874 3173 1034 3228; x_wconf 84' lang='lat' dir='ltr'>refert</span> <span class='ocrx_word' id='word_1_310' title='bbox 1051 3193 1102 3230; x_wconf 81' lang='lat' dir='ltr'>s.</span> <span class='ocrx_word' id='word_1_311' title='bbox 1171 3173 1351 3228; x_wconf 80' lang='lat' dir='ltr'>Verba</span> <span class='ocrx_word' id='word_1_312' title='bbox 1385 3172 1679 3243; x_wconf 75' lang='grc' dir='ltr'>ἔπρεπε-ἡ</span> <span class='ocrx_word' id='word_1_313' title='bbox 1703 3173 1998 3242; x_wconf 74' lang='grc' dir='ltr'>ἀδελφότης</span> <span class='ocrx_word' id='word_1_314' title='bbox 2021 3171 2138 3241; x_wconf 87' lang='lat' dir='ltr'>(Cr.</span> <span class='ocrx_word' id='word_1_315' title='bbox 2154 3173 2277 3242; x_wconf 88' lang='grc'><strong>396.</strong></span> <span class='ocrx_word' id='word_1_316' title='bbox 2310 3185 2532 3242; x_wconf 86' lang='grc'><strong>17-397.</strong></span> <span class='ocrx_word' id='word_1_317' title='bbox 2554 3174 2618 3240; x_wconf 88' lang='lat'>5)</span> 
     </span>
     <span class='ocr_line' id='line_1_30' title="bbox 216 3241 2613 3316; baseline -0 -18"><span class='ocrx_word' id='word_1_318' title='bbox 216 3262 391 3316; x_wconf 87' lang='lat' dir='ltr'>quum</span> <span class='ocrx_word' id='word_1_319' title='bbox 427 3243 495 3299; x_wconf 90' lang='lat' dir='ltr'>de</span> <span class='ocrx_word' id='word_1_320' title='bbox 533 3243 600 3298; x_wconf 84' lang='lat' dir='ltr'>R.</span> <span class='ocrx_word' id='word_1_321' title='bbox 628 3244 754 3298; x_wconf 85' lang='lat' dir='ltr'>Fide</span> <span class='ocrx_word' id='word_1_322' title='bbox 790 3243 857 3298; x_wconf 78' lang='lat' dir='ltr'>ad</span> <span class='ocrx_word' id='word_1_323' title='bbox 886 3243 1118 3311; x_wconf 67' lang='lat' dir='ltr'>Reginas</span> <span class='ocrx_word' id='word_1_324' title='bbox 1154 3263 1248 3316; x_wconf 88' lang='lat' dir='ltr'>pp.</span> <span class='ocrx_word' id='word_1_325' title='bbox 1274 3259 1393 3316; x_wconf 90' lang='lat'><strong>151,</strong></span> <span class='ocrx_word' id='word_1_326' title='bbox 1424 3259 1544 3312; x_wconf 83' lang='lat'><strong>152,</strong></span> <span class='ocrx_word' id='word_1_327' title='bbox 1578 3263 1618 3312; x_wconf 77' lang='grc'><strong>1,</strong></span> <span class='ocrx_word' id='word_1_328' title='bbox 1644 3261 1678 3314; x_wconf 99' lang='grc'><strong>3</strong></span> <span class='ocrx_word' id='word_1_329' title='bbox 1714 3245 1732 3297; x_wconf 94' lang='lat' dir='ltr'>l</span> <span class='ocrx_word' id='word_1_330' title='bbox 1802 3253 1960 3297; x_wconf 83' lang='lat' dir='ltr'>antur</span> <span class='ocrx_word' id='word_1_331' title='bbox 1995 3242 2176 3296; x_wconf 89' lang='lat' dir='ltr'>omisit</span> <span class='ocrx_word' id='word_1_332' title='bbox 2214 3241 2413 3305; x_wconf 77' lang='lat' dir='ltr'>Maius,</span> <span class='ocrx_word' id='word_1_333' title='bbox 2450 3242 2613 3297; x_wconf 81' lang='lat' dir='ltr'>verba</span> 
     </span>
     <span class='ocr_line' id='line_1_31' title="bbox 214 3261 2617 3395; baseline -0 -28"><span class='ocrx_word' id='word_1_334' title='bbox 214 3316 300 3368; x_wconf 75' lang='grc' dir='ltr'>καὶ</span> <span class='ocrx_word' id='word_1_335' title='bbox 331 3314 877 3370; x_wconf 72' lang='grc' dir='ltr'>τοῦτο-ἀκαταλύτον</span> <span class='ocrx_word' id='word_1_336' title='bbox 901 3314 1024 3384; x_wconf 87' lang='lat' dir='ltr'>(Cr.</span> <span class='ocrx_word' id='word_1_337' title='bbox 1051 3331 1175 3386; x_wconf 85' lang='lat'><strong>399.</strong></span> <span class='ocrx_word' id='word_1_338' title='bbox 1204 3314 1308 3369; x_wconf 85' lang='lat'>28-</span> <span class='ocrx_word' id='word_1_339' title='bbox 1343 3313 1408 3385; x_wconf 90' lang='lat'>5)</span> <span class='ocrx_word' id='word_1_340' title='bbox 1434 3314 1500 3369; x_wconf 83' lang='lat' dir='ltr'>de</span> <span class='ocrx_word' id='word_1_341' title='bbox 1525 3261 1722 3386; x_wconf 41' lang='lat' dir='ltr'>quiimu</span> <span class='ocrx_word' id='word_1_342' title='bbox 1734 3262 1876 3368; x_wconf 47' lang='lat' dir='ltr'>efficit</span> <span class='ocrx_word' id='word_1_343' title='bbox 1902 3310 2477 3395; x_wconf 39' lang='lat' dir='ltr'>oecumenius-,-aiii-«ios⁸</span> <span class='ocrx_word' id='word_1_344' title='bbox 2504 3315 2534 3366; x_wconf 86' lang='grc' dir='ltr'>ὁ</span> <span class='ocrx_word' id='word_1_345' title='bbox 2560 3313 2617 3395; x_wconf 52' lang='grc' dir='ltr'>εἴν</span> 
     </span>
     <span class='ocr_line' id='line_1_32' title="bbox 214 3333 2144 3526; baseline -0.001 -16"><span class='ocrx_word' id='word_1_346' title='bbox 214 3383 791 3510; x_wconf 39' lang='grc' dir='ltr'>πτερω,</span> <span class='ocrx_word' id='word_1_347' title='bbox 809 3386 1120 3526; x_wconf 55' lang='lat'>&lt;2233</span> <span class='ocrx_word' id='word_1_348' title='bbox 1141 3388 1215 3510; x_wconf 55' lang='grc' dir='ltr'>ει</span> <span class='ocrx_word' id='word_1_349' title='bbox 1236 3333 1650 3509; x_wconf 55' lang='lat'>53355303355</span> <span class='ocrx_word' id='word_1_350' title='bbox 1684 3387 1777 3509; x_wconf 56' lang='grc' dir='ltr'>,τοῦ</span> <span class='ocrx_word' id='word_1_351' title='bbox 1792 3383 2613 3525; x_wconf 52' lang='lat'>10²1„</span> 
     </span>
     <span class='ocr_line' id='line_1_33' title="bbox 218 3454 2613 3615; baseline -0.001 -35"><span class='ocrx_word' id='word_1_352' title='bbox 218 3496 431 3580; x_wconf 67' lang='lat' dir='ltr'>Deinde</span> <span class='ocrx_word' id='word_1_353' title='bbox 469 3535 593 3596; x_wconf 81' lang='lat' dir='ltr'>post</span> <span class='ocrx_word' id='word_1_354' title='bbox 632 3526 839 3580; x_wconf 79' lang='lat' dir='ltr'>Maium</span> <span class='ocrx_word' id='word_1_355' title='bbox 878 3477 1158 3580; x_wconf 48' lang='lat' dir='ltr'>oritu&#39;osimus</span> <span class='ocrx_word' id='word_1_356' title='bbox 1197 3454 1662 3615; x_wconf 54' lang='grc' dir='ltr'>Λέχεται-Επόγει</span> <span class='ocrx_word' id='word_1_357' title='bbox 1781 3542 1825 3579; x_wconf 87' lang='lat' dir='ltr'>r.</span> <span class='ocrx_word' id='word_1_358' title='bbox 1862 3543 1986 3592; x_wconf 79' lang='lat'><strong>401.</strong></span> <span class='ocrx_word' id='word_1_359' title='bbox 2017 3539 2206 3591; x_wconf 88' lang='lat'><strong>1-405.</strong></span> <span class='ocrx_word' id='word_1_360' title='bbox 2237 3524 2324 3590; x_wconf 90' lang='lat'>10)</span> <span class='ocrx_word' id='word_1_361' title='bbox 2362 3523 2511 3578; x_wconf 87' lang='lat' dir='ltr'>libris</span> <span class='ocrx_word' id='word_1_362' title='bbox 2542 3523 2613 3578; x_wconf 80' lang='lat' dir='ltr'>ad</span> 
     </span>
     <span class='ocr_line' id='line_1_34' title="bbox 218 3592 2612 3720; baseline -0.001 -70"><span class='ocrx_word' id='word_1_363' title='bbox 218 3595 411 3652; x_wconf 81' lang='lat' dir='ltr'>Herm.</span> <span class='ocrx_word' id='word_1_364' title='bbox 439 3598 545 3665; x_wconf 87' lang='grc'>589</span> <span class='ocrx_word' id='word_1_365' title='bbox 571 3594 1215 3720; x_wconf 59' lang='lat' dir='ltr'>sqg.gertinen8,&#39;970pa</span> <span class='ocrx_word' id='word_1_366' title='bbox 1237 3597 1355 3651; x_wconf 85' lang='grc' dir='ltr'>δε-</span> <span class='ocrx_word' id='word_1_367' title='bbox 1368 3595 1522 3664; x_wconf 83' lang='grc' dir='ltr'>δηλοῖ</span> <span class='ocrx_word' id='word_1_368' title='bbox 1543 3597 1602 3649; x_wconf 83' lang='grc' dir='ltr'>τὸ</span> <span class='ocrx_word' id='word_1_369' title='bbox 1627 3595 1787 3664; x_wconf 81' lang='grc' dir='ltr'>ὄνομα</span> <span class='ocrx_word' id='word_1_370' title='bbox 1811 3595 1929 3659; x_wconf 90' lang='lat' dir='ltr'>(Cr.</span> <span class='ocrx_word' id='word_1_371' title='bbox 1946 3593 2070 3662; x_wconf 89' lang='lat'><strong>406.</strong></span> <span class='ocrx_word' id='word_1_372' title='bbox 2095 3597 2260 3666; x_wconf 83' lang='lat'><strong>9-25)</strong></span> <span class='ocrx_word' id='word_1_373' title='bbox 2284 3592 2350 3647; x_wconf 82' lang='lat' dir='ltr'>ad</span> <span class='ocrx_word' id='word_1_374' title='bbox 2376 3595 2612 3665; x_wconf 84' lang='lat' dir='ltr'>psalmos</span> 
     </span>
     <span class='ocr_line' id='line_1_35' title="bbox 216 3663 2616 3737; baseline -0.001 -16"><span class='ocrx_word' id='word_1_375' title='bbox 216 3669 489 3737; x_wconf 83' lang='lat' dir='ltr'>pertinens</span> <span class='ocrx_word' id='word_1_376' title='bbox 511 3666 668 3736; x_wconf 81' lang='lat' dir='ltr'>(Man</span> <span class='ocrx_word' id='word_1_377' title='bbox 744 3666 838 3720; x_wconf 85' lang='lat' dir='ltr'><strong>1b1.</strong></span> <span class='ocrx_word' id='word_1_378' title='bbox 859 3666 1015 3720; x_wconf 79' lang='lat' dir='ltr'>Nova</span> <span class='ocrx_word' id='word_1_379' title='bbox 1040 3667 1112 3721; x_wconf 70' lang='lat' dir='ltr'>iai.</span> <span class='ocrx_word' id='word_1_380' title='bbox 1137 3668 1281 3735; x_wconf 83' lang='lat'><strong>211),</strong></span> <span class='ocrx_word' id='word_1_381' title='bbox 1307 3667 1369 3720; x_wconf 81' lang='grc' dir='ltr'>τὰ</span> <span class='ocrx_word' id='word_1_382' title='bbox 1392 3666 1798 3735; x_wconf 75' lang='grc' dir='ltr'>παιδία-σαρκί</span> <span class='ocrx_word' id='word_1_383' title='bbox 1822 3663 1939 3732; x_wconf 87' lang='lat' dir='ltr'>(Cr.</span> <span class='ocrx_word' id='word_1_384' title='bbox 1963 3680 2088 3735; x_wconf 88' lang='lat'><strong>407.</strong></span> <span class='ocrx_word' id='word_1_385' title='bbox 2115 3664 2342 3734; x_wconf 82' lang='lat'><strong>30—408.</strong></span> <span class='ocrx_word' id='word_1_386' title='bbox 2369 3678 2452 3734; x_wconf 89' lang='lat'>15,</span> <span class='ocrx_word' id='word_1_387' title='bbox 2514 3682 2616 3718; x_wconf 81' lang='lat' dir='ltr'>uae</span> 
     </span>
     <span class='ocr_line' id='line_1_36' title="bbox 214 3733 2611 3810; baseline -0.002 -18"><span class='ocrx_word' id='word_1_388' title='bbox 214 3747 519 3810; x_wconf 72' lang='lat' dir='ltr'>sequuntur</span> <span class='ocrx_word' id='word_1_389' title='bbox 548 3738 606 3791; x_wconf 90' lang='lat' dir='ltr'>in</span> <span class='ocrx_word' id='word_1_390' title='bbox 632 3736 721 3791; x_wconf 88' lang='lat' dir='ltr'>Cr.</span> <span class='ocrx_word' id='word_1_391' title='bbox 749 3736 918 3807; x_wconf 83' lang='lat'><strong>16-25</strong></span> <span class='ocrx_word' id='word_1_392' title='bbox 945 3746 1072 3792; x_wconf 86' lang='lat' dir='ltr'>sunt</span> <span class='ocrx_word' id='word_1_393' title='bbox 1095 3754 1236 3791; x_wconf 83' lang='lat' dir='ltr'>anon</span> <span class='ocrx_word' id='word_1_394' title='bbox 1274 3754 1360 3791; x_wconf 80' lang='lat' dir='ltr'>ma</span> <span class='ocrx_word' id='word_1_395' title='bbox 1384 3737 1439 3790; x_wconf 87' lang='lat' dir='ltr'>in</span> <span class='ocrx_word' id='word_1_396' title='bbox 1465 3735 1648 3791; x_wconf 85' lang='lat' dir='ltr'>codice</span> <span class='ocrx_word' id='word_1_397' title='bbox 1671 3748 1917 3807; x_wconf 85' lang='lat' dir='ltr'>utroque,</span> <span class='ocrx_word' id='word_1_398' title='bbox 1942 3736 1996 3789; x_wconf 86' lang='lat' dir='ltr'>in</span> <span class='ocrx_word' id='word_1_399' title='bbox 2023 3735 2078 3789; x_wconf 87' lang='lat' dir='ltr'>b.</span> <span class='ocrx_word' id='word_1_400' title='bbox 2104 3753 2229 3789; x_wconf 79' lang='lat' dir='ltr'>vero</span> <span class='ocrx_word' id='word_1_401' title='bbox 2263 3734 2321 3789; x_wconf 94' lang='lat' dir='ltr'>S.</span> <span class='ocrx_word' id='word_1_402' title='bbox 2350 3733 2493 3804; x_wconf 88' lang='lat' dir='ltr'>Cyril</span> <span class='ocrx_word' id='word_1_403' title='bbox 2519 3752 2611 3788; x_wconf 90' lang='lat' dir='ltr'>um</span> 
     </span>
     <span class='ocr_line' id='line_1_37' title="bbox 210 3804 2616 3878; baseline -0.001 -16"><span class='ocrx_word' id='word_1_404' title='bbox 210 3807 563 3878; x_wconf 75' lang='lat' dir='ltr'>praecedunt)</span> <span class='ocrx_word' id='word_1_405' title='bbox 578 3808 823 3862; x_wconf 81' lang='lat' dir='ltr'>tractatui</span> <span class='ocrx_word' id='word_1_406' title='bbox 849 3806 915 3861; x_wconf 88' lang='lat' dir='ltr'>de</span> <span class='ocrx_word' id='word_1_407' title='bbox 936 3806 1002 3861; x_wconf 81' lang='lat' dir='ltr'>R.</span> <span class='ocrx_word' id='word_1_408' title='bbox 1022 3807 1124 3862; x_wconf 87' lang='lat' dir='ltr'>fide</span> <span class='ocrx_word' id='word_1_409' title='bbox 1147 3807 1213 3861; x_wconf 87' lang='lat' dir='ltr'>ad</span> <span class='ocrx_word' id='word_1_410' title='bbox 1311 3807 1465 3877; x_wconf 80' lang='lat' dir='ltr'>ginas</span> <span class='ocrx_word' id='word_1_411' title='bbox 1481 3825 1532 3877; x_wconf 87' lang='lat' dir='ltr'>p.</span> <span class='ocrx_word' id='word_1_412' title='bbox 1549 3823 1650 3877; x_wconf 87' lang='lat'>134</span> <span class='ocrx_word' id='word_1_413' title='bbox 1667 3807 1969 3876; x_wconf 81' lang='lat' dir='ltr'>pertinens:</span> <span class='ocrx_word' id='word_1_414' title='bbox 2010 3804 2391 3860; x_wconf 82' lang='grc' dir='ltr'>Νοοῖτο--τούς</span> <span class='ocrx_word' id='word_1_415' title='bbox 2413 3805 2497 3857; x_wconf 79' lang='grc' dir='ltr'>ἐπὶ</span> <span class='ocrx_word' id='word_1_416' title='bbox 2516 3805 2616 3875; x_wconf 83' lang='grc' dir='ltr'>γῆς</span> 
     </span>
     <span class='ocr_line' id='line_1_38' title="bbox 211 3872 2612 3947; baseline -0.003 -14"><span class='ocrx_word' id='word_1_417' title='bbox 211 3878 277 3933; x_wconf 76' lang='lat' dir='ltr'>ad</span> <span class='ocrx_word' id='word_1_418' title='bbox 303 3878 579 3932; x_wconf 81' lang='lat' dir='ltr'>homiliam</span> <span class='ocrx_word' id='word_1_419' title='bbox 606 3878 892 3947; x_wconf 81' lang='lat' dir='ltr'>pertinens,</span> <span class='ocrx_word' id='word_1_420' title='bbox 916 3878 1055 3932; x_wconf 75' lang='lat' dir='ltr'>infra</span> <span class='ocrx_word' id='word_1_421' title='bbox 1077 3877 1366 3932; x_wconf 82' lang='lat' dir='ltr'>exhibituri</span> <span class='ocrx_word' id='word_1_422' title='bbox 1397 3876 1484 3931; x_wconf 89' lang='lat' dir='ltr'>hic</span> <span class='ocrx_word' id='word_1_423' title='bbox 1513 3878 1825 3939; x_wconf 86' lang='lat' dir='ltr'>omisimus;</span> <span class='ocrx_word' id='word_1_424' title='bbox 1870 3875 2030 3930; x_wconf 79' lang='lat' dir='ltr'>verba</span> <span class='ocrx_word' id='word_1_425' title='bbox 2054 3875 2351 3944; x_wconf 74' lang='grc' dir='ltr'>Σπέρματος</span> <span class='ocrx_word' id='word_1_426' title='bbox 2372 3872 2612 3944; x_wconf 77' lang='grc' dir='ltr'>Ἀβραὰμ</span> 
     </span>
     <span class='ocr_line' id='line_1_39' title="bbox 210 3944 2613 4030; baseline -0.001 -27"><span class='ocrx_word' id='word_1_427' title='bbox 210 3947 560 4010; x_wconf 65' lang='grc' dir='ltr'>ἔπιλαβέσθαι</span> <span class='ocrx_word' id='word_1_428' title='bbox 594 3948 768 4018; x_wconf 69' lang='grc' dir='ltr'>φαμὲν</span> <span class='ocrx_word' id='word_1_429' title='bbox 803 3951 893 4002; x_wconf 81' lang='grc' dir='ltr'>τὸν</span> <span class='ocrx_word' id='word_1_430' title='bbox 926 3951 1020 4003; x_wconf 84' lang='grc' dir='ltr'>τοῦ</span> <span class='ocrx_word' id='word_1_431' title='bbox 1057 3950 1191 4002; x_wconf 76' lang='grc' dir='ltr'>Θεοῦ</span> <span class='ocrx_word' id='word_1_432' title='bbox 1216 3950 1403 4030; x_wconf 68' lang='grc' dir='ltr'>Λόγον,</span> <span class='ocrx_word' id='word_1_433' title='bbox 1429 3946 1595 4018; x_wconf 77' lang='grc' dir='ltr'>ἀνέφυ</span> <span class='ocrx_word' id='word_1_434' title='bbox 1617 3948 1720 4019; x_wconf 78' lang='grc' dir='ltr'>γὰρ</span> <span class='ocrx_word' id='word_1_435' title='bbox 1745 3948 1804 4016; x_wconf 76' lang='grc' dir='ltr'>ἐξ</span> <span class='ocrx_word' id='word_1_436' title='bbox 1824 3945 1995 4000; x_wconf 84' lang='grc' dir='ltr'>’Ῑοῦδα</span> <span class='ocrx_word' id='word_1_437' title='bbox 2018 3947 2078 3999; x_wconf 85' lang='grc' dir='ltr'>τὸ</span> <span class='ocrx_word' id='word_1_438' title='bbox 2106 3946 2233 3998; x_wconf 72' lang='grc' dir='ltr'>κατὰ</span> <span class='ocrx_word' id='word_1_439' title='bbox 2257 3947 2426 4015; x_wconf 77' lang='grc' dir='ltr'>σάρκα</span> <span class='ocrx_word' id='word_1_440' title='bbox 2452 3944 2541 4013; x_wconf 85' lang='lat' dir='ltr'>(de</span> <span class='ocrx_word' id='word_1_441' title='bbox 2566 3962 2613 4000; x_wconf 86' lang='lat' dir='ltr'>r.</span> 
     </span>
     <span class='ocr_line' id='line_1_40' title="bbox 208 4015 2609 4090; baseline -0.001 -18"><span class='ocrx_word' id='word_1_442' title='bbox 208 4017 248 4072; x_wconf 80' lang='lat' dir='ltr'>f.</span> <span class='ocrx_word' id='word_1_443' title='bbox 272 4033 373 4090; x_wconf 83' lang='lat'>135</span> <span class='ocrx_word' id='word_1_444' title='bbox 398 4018 460 4085; x_wconf 94' lang='lat' dir='ltr'>b)</span> <span class='ocrx_word' id='word_1_445' title='bbox 496 4018 710 4073; x_wconf 82' lang='lat' dir='ltr'>exhibet</span> <span class='ocrx_word' id='word_1_446' title='bbox 737 4018 829 4072; x_wconf 89' lang='lat' dir='ltr'>Cr.</span> <span class='ocrx_word' id='word_1_447' title='bbox 861 4017 1007 4085; x_wconf 85' lang='lat'><strong>(416.</strong></span> <span class='ocrx_word' id='word_1_448' title='bbox 1033 4035 1087 4088; x_wconf 92' lang='grc'>3,</span> <span class='ocrx_word' id='word_1_449' title='bbox 1113 4024 1190 4086; x_wconf 82' lang='lat'>4),</span> <span class='ocrx_word' id='word_1_450' title='bbox 1225 4019 1426 4089; x_wconf 81' lang='lat' dir='ltr'>rehqua</span> <span class='ocrx_word' id='word_1_451' title='bbox 1462 4027 1641 4072; x_wconf 81' lang='lat' dir='ltr'>tamen</span> <span class='ocrx_word' id='word_1_452' title='bbox 1675 4017 1768 4086; x_wconf 77' lang='grc' dir='ltr'>τὴν</span> <span class='ocrx_word' id='word_1_453' title='bbox 1800 4015 2474 4084; x_wconf 78' lang='grc' dir='ltr'>πολλὴν-ἐπιλαμβάνεται</span> <span class='ocrx_word' id='word_1_454' title='bbox 2511 4015 2609 4082; x_wconf 88' lang='lat' dir='ltr'>(ib.</span> 
     </span>
     <span class='ocr_line' id='line_1_41' title="bbox 208 4084 2614 4159; baseline -0.002 -17"><span class='ocrx_word' id='word_1_455' title='bbox 208 4095 375 4159; x_wconf 80' lang='grc'><strong>4-34)</strong></span> <span class='ocrx_word' id='word_1_456' title='bbox 401 4098 530 4142; x_wconf 84' lang='lat' dir='ltr'>sunt</span> <span class='ocrx_word' id='word_1_457' title='bbox 557 4089 614 4143; x_wconf 88' lang='lat' dir='ltr'>S.</span> <span class='ocrx_word' id='word_1_458' title='bbox 643 4088 836 4159; x_wconf 82' lang='lat' dir='ltr'>Chrys.</span> <span class='ocrx_word' id='word_1_459' title='bbox 868 4088 1032 4143; x_wconf 88' lang='lat' dir='ltr'>Hom.</span> <span class='ocrx_word' id='word_1_460' title='bbox 1056 4106 1109 4142; x_wconf 79' lang='lat' dir='ltr'>v,</span> <span class='ocrx_word' id='word_1_461' title='bbox 1135 4088 1201 4143; x_wconf 83' lang='lat' dir='ltr'>ad</span> <span class='ocrx_word' id='word_1_462' title='bbox 1228 4090 1328 4142; x_wconf 91' lang='lat' dir='ltr'>loc.</span> <span class='ocrx_word' id='word_1_463' title='bbox 1353 4107 1366 4141; x_wconf 74' lang='grc' dir='ltr'>ι</span> <span class='ocrx_word' id='word_1_464' title='bbox 1406 4087 1636 4159; x_wconf 87' lang='lat' dir='ltr'>denique</span> <span class='ocrx_word' id='word_1_465' title='bbox 1658 4085 1806 4141; x_wconf 84' lang='grc' dir='ltr'>Ἀλλ’</span> <span class='ocrx_word' id='word_1_466' title='bbox 1829 4084 2172 4155; x_wconf 72' lang='grc' dir='ltr'>’ἔδωμεν-διὰ</span> <span class='ocrx_word' id='word_1_467' title='bbox 2195 4088 2257 4140; x_wconf 81' lang='grc' dir='ltr'>τὸ</span> <span class='ocrx_word' id='word_1_468' title='bbox 2292 4086 2614 4155; x_wconf 78' lang='grc' dir='ltr'>ἀνθρώπινον</span> 
     </span>
     <span class='ocr_line' id='line_1_42' title="bbox 209 4155 2611 4281; baseline -0.002 -68"><span class='ocrx_word' id='word_1_469' title='bbox 209 4159 400 4227; x_wconf 82' lang='lat' dir='ltr'>(Cr.41</span> <span class='ocrx_word' id='word_1_470' title='bbox 448 4175 695 4229; x_wconf 84' lang='lat'>-15-424·</span> <span class='ocrx_word' id='word_1_471' title='bbox 715 4158 958 4227; x_wconf 84' lang='lat' dir='ltr'>25)libro</span> <span class='ocrx_word' id='word_1_472' title='bbox 974 4156 1407 4213; x_wconf 84' lang='lat' dir='ltr'>adThcodosium</span> <span class='ocrx_word' id='word_1_473' title='bbox 1428 4157 1806 4228; x_wconf 80' lang='lat' dir='ltr'>Imperatorem</span> <span class='ocrx_word' id='word_1_474' title='bbox 1825 4156 1985 4281; x_wconf 49' lang='lat' dir='ltr'>itglrue</span> <span class='ocrx_word' id='word_1_475' title='bbox 1999 4166 2138 4210; x_wconf 88' lang='lat' dir='ltr'>recte</span> <span class='ocrx_word' id='word_1_476' title='bbox 2150 4155 2312 4210; x_wconf 78' lang='lat' dir='ltr'>refert</span> <span class='ocrx_word' id='word_1_477' title='bbox 2328 4173 2377 4209; x_wconf 80' lang='lat' dir='ltr'>a.</span> <span class='ocrx_word' id='word_1_478' title='bbox 2395 4155 2611 4210; x_wconf 82' lang='lat' dir='ltr'>Scholia</span> 
     </span>
     <span class='ocr_line' id='line_1_43' title="bbox 204 4225 2610 4299; baseline -0.002 -15"><span class='ocrx_word' id='word_1_479' title='bbox 204 4228 219 4248; x_wconf 82' lang='lat'><strong>‘</strong></span> <span class='ocrx_word' id='word_1_480' title='bbox 374 4234 386 4251; x_wconf 89' lang='lat'><em>&#39;</em></span> <span class='ocrx_word' id='word_1_481' title='bbox 468 4231 621 4283; x_wconf 73' lang='grc' dir='ltr'>-καὶ</span> <span class='ocrx_word' id='word_1_482' title='bbox 646 4230 803 4298; x_wconf 81' lang='grc' dir='ltr'>σαρκί</span> <span class='ocrx_word' id='word_1_483' title='bbox 829 4228 947 4299; x_wconf 85' lang='lat' dir='ltr'>(Cr.</span> <span class='ocrx_word' id='word_1_484' title='bbox 968 4245 1035 4296; x_wconf 80' lang='lat'>42</span> <span class='ocrx_word' id='word_1_485' title='bbox 1080 4269 1092 4282; x_wconf 91' lang='lat'><em>.</em></span> <span class='ocrx_word' id='word_1_486' title='bbox 1115 4228 1333 4298; x_wconf 83' lang='lat'><strong>22-25),</strong></span> <span class='ocrx_word' id='word_1_487' title='bbox 1352 4229 1855 4299; x_wconf 76' lang='grc' dir='ltr'>Αὐτὸς-Χριστός(</span> <span class='ocrx_word' id='word_1_488' title='bbox 1939 4267 1951 4279; x_wconf 90' lang='grc'><strong>.</strong></span> <span class='ocrx_word' id='word_1_489' title='bbox 1968 4227 2091 4293; x_wconf 85' lang='lat'><strong>428.</strong></span> <span class='ocrx_word' id='word_1_490' title='bbox 2108 4225 2272 4295; x_wconf 74' lang='lat'><strong>8-12)</strong></span> <span class='ocrx_word' id='word_1_491' title='bbox 2299 4235 2351 4279; x_wconf 87' lang='lat' dir='ltr'>et</span> <span class='ocrx_word' id='word_1_492' title='bbox 2376 4226 2432 4280; x_wconf 89' lang='lat' dir='ltr'>in</span> <span class='ocrx_word' id='word_1_493' title='bbox 2459 4225 2610 4279; x_wconf 83' lang='lat' dir='ltr'>Maio</span> 
     </span>
     <span class='ocr_line' id='line_1_44' title="bbox 208 4294 2608 4370; baseline -0.002 -17"><span class='ocrx_word' id='word_1_494' title='bbox 208 4301 461 4367; x_wconf 80' lang='lat' dir='ltr'>exhibita,</span> <span class='ocrx_word' id='word_1_495' title='bbox 520 4317 652 4354; x_wconf 87' lang='lat' dir='ltr'>uum</span> <span class='ocrx_word' id='word_1_496' title='bbox 678 4294 747 4353; x_wconf 80' lang='lat' dir='ltr'>‘ad</span> <span class='ocrx_word' id='word_1_497' title='bbox 774 4308 1003 4354; x_wconf 78' lang='lat' dir='ltr'>tractum</span> <span class='ocrx_word' id='word_1_498' title='bbox 1060 4317 1088 4353; x_wconf 80' lang='lat' dir='ltr'>c</span> <span class='ocrx_word' id='word_1_499' title='bbox 1103 4298 1265 4353; x_wconf 84' lang='lat' dir='ltr'>Recta</span> <span class='ocrx_word' id='word_1_500' title='bbox 1290 4297 1392 4352; x_wconf 81' lang='lat' dir='ltr'>fide</span> <span class='ocrx_word' id='word_1_501' title='bbox 1416 4314 1513 4370; x_wconf 84' lang='grc'>135</span> <span class='ocrx_word' id='word_1_502' title='bbox 1536 4298 1591 4362; x_wconf 90' lang='lat' dir='ltr'>b,</span> <span class='ocrx_word' id='word_1_503' title='bbox 1625 4298 1724 4369; x_wconf 89' lang='grc'>136</span> <span class='ocrx_word' id='word_1_504' title='bbox 1740 4299 1775 4352; x_wconf 93' lang='lat' dir='ltr'>b</span> <span class='ocrx_word' id='word_1_505' title='bbox 1795 4298 2114 4369; x_wconf 82' lang='lat' dir='ltr'>pertineant,</span> <span class='ocrx_word' id='word_1_506' title='bbox 2136 4297 2343 4349; x_wconf 86' lang='lat' dir='ltr'>omitto.</span> <span class='ocrx_word' id='word_1_507' title='bbox 2406 4295 2608 4364; x_wconf 86' lang='lat' dir='ltr'>Seque-</span> 
     </span>
     <span class='ocr_line' id='line_1_45' title="bbox 209 4364 2609 4457; baseline -0.003 -33"><span class='ocrx_word' id='word_1_508' title='bbox 209 4370 367 4424; x_wconf 72' lang='lat' dir='ltr'>batur</span> <span class='ocrx_word' id='word_1_509' title='bbox 389 4371 447 4424; x_wconf 89' lang='lat' dir='ltr'>in</span> <span class='ocrx_word' id='word_1_510' title='bbox 523 4370 578 4424; x_wconf 90' lang='lat' dir='ltr'>d.</span> <span class='ocrx_word' id='word_1_511' title='bbox 611 4369 879 4424; x_wconf 79' lang='lat' dir='ltr'>Homilise</span> <span class='ocrx_word' id='word_1_512' title='bbox 912 4368 1272 4457; x_wconf 67' lang='lat' dir='ltr'>fragmentum</span> <span class='ocrx_word' id='word_1_513' title='bbox 1300 4370 1405 4422; x_wconf 80' lang='grc' dir='ltr'>Οὐκ</span> <span class='ocrx_word' id='word_1_514' title='bbox 1429 4369 1831 4439; x_wconf 78' lang='grc' dir='ltr'>αὐτῇ-ἀγάπην</span> <span class='ocrx_word' id='word_1_515' title='bbox 1854 4366 2000 4437; x_wconf 80' lang='lat' dir='ltr'>quod</span> <span class='ocrx_word' id='word_1_516' title='bbox 2023 4367 2147 4422; x_wconf 80' lang='lat' dir='ltr'>vide</span> <span class='ocrx_word' id='word_1_517' title='bbox 2171 4367 2325 4421; x_wconf 81' lang='lat' dir='ltr'>infra.</span> <span class='ocrx_word' id='word_1_518' title='bbox 2397 4364 2609 4418; x_wconf 88' lang='lat' dir='ltr'>Deinde</span> 
     </span>
     <span class='ocr_line' id='line_1_46' title="bbox 210 4435 2610 4510; baseline -0.003 -16"><span class='ocrx_word' id='word_1_519' title='bbox 210 4440 369 4495; x_wconf 70' lang='lat' dir='ltr'>verba</span> <span class='ocrx_word' id='word_1_520' title='bbox 408 4443 481 4493; x_wconf 83' lang='grc' dir='ltr'>Τὸ</span> <span class='ocrx_word' id='word_1_521' title='bbox 525 4441 582 4495; x_wconf 69' lang='grc' dir='ltr'>δὲ</span> <span class='ocrx_word' id='word_1_522' title='bbox 618 4440 923 4509; x_wconf 79' lang='grc' dir='ltr'>πειρασθεὶς</span> <span class='ocrx_word' id='word_1_523' title='bbox 963 4440 1170 4494; x_wconf 86' lang='grc' dir='ltr'>δυναται</span> <span class='ocrx_word' id='word_1_524' title='bbox 1211 4440 1439 4507; x_wconf 81' lang='grc' dir='ltr'>βοηθεῖν,</span> <span class='ocrx_word' id='word_1_525' title='bbox 1478 4441 1715 4493; x_wconf 83' lang='grc' dir='ltr'>ταπεινὸν</span> <span class='ocrx_word' id='word_1_526' title='bbox 1763 4439 1995 4510; x_wconf 83' lang='grc' dir='ltr'>σφόδρα,</span> <span class='ocrx_word' id='word_1_527' title='bbox 2041 4437 2181 4504; x_wconf 81' lang='grc' dir='ltr'>πλὴν</span> <span class='ocrx_word' id='word_1_528' title='bbox 2222 4437 2315 4489; x_wconf 79' lang='grc' dir='ltr'>οὐκ</span> <span class='ocrx_word' id='word_1_529' title='bbox 2355 4435 2457 4502; x_wconf 71' lang='grc' dir='ltr'>ἔξω</span> <span class='ocrx_word' id='word_1_530' title='bbox 2504 4439 2610 4487; x_wconf 82' lang='grc' dir='ltr'>τῶν</span> 
     </span>
     <span class='ocr_line' id='line_1_47' title="bbox 211 4504 2606 4636; baseline -0.004 -72"><span class='ocrx_word' id='word_1_531' title='bbox 211 4513 298 4578; x_wconf 79' lang='grc' dir='ltr'>τῆς</span> <span class='ocrx_word' id='word_1_532' title='bbox 332 4509 882 4636; x_wconf 49' lang='lat' dir='ltr'>&amp;hotot—&#39;genitorve</span> <span class='ocrx_word' id='word_1_533' title='bbox 903 4520 1042 4564; x_wconf 78' lang='lat' dir='ltr'>recte</span> <span class='ocrx_word' id='word_1_534' title='bbox 1066 4510 1120 4573; x_wconf 89' lang='lat' dir='ltr'>b,</span> <span class='ocrx_word' id='word_1_535' title='bbox 1147 4510 1241 4566; x_wconf 83' lang='lat' dir='ltr'>ubi</span> <span class='ocrx_word' id='word_1_536' title='bbox 1277 4514 1590 4578; x_wconf 83' lang='grc' dir='ltr'>σαρκώσεως</span> <span class='ocrx_word' id='word_1_537' title='bbox 1622 4526 1894 4579; x_wconf 78' lang='lat' dir='ltr'>perperam</span> <span class='ocrx_word' id='word_1_538' title='bbox 1921 4505 2040 4577; x_wconf 67' lang='lat' dir='ltr'>Cn]</span> <span class='ocrx_word' id='word_1_539' title='bbox 2067 4507 2281 4576; x_wconf 76' lang='grc' dir='ltr'>μέτρων·</span> <span class='ocrx_word' id='word_1_540' title='bbox 2323 4505 2498 4558; x_wconf 78' lang='grc' dir='ltr'>ἔπειτα</span> <span class='ocrx_word' id='word_1_541' title='bbox 2522 4504 2606 4555; x_wconf 69' lang='grc' dir='ltr'>καὶ</span> 
     </span>
     <span class='ocr_line' id='line_1_48' title="bbox 213 4574 2610 4650; baseline -0.005 -15"><span class='ocrx_word' id='word_1_542' title='bbox 213 4582 295 4635; x_wconf 74' lang='grc' dir='ltr'>διὸ</span> <span class='ocrx_word' id='word_1_543' title='bbox 330 4585 389 4634; x_wconf 82' lang='grc' dir='ltr'>τὸ</span> <span class='ocrx_word' id='word_1_544' title='bbox 426 4586 578 4649; x_wconf 55' lang='grc' dir='ltr'>νηπι*</span> <span class='ocrx_word' id='word_1_545' title='bbox 649 4603 674 4637; x_wconf 88' lang='grc' dir='ltr'>ς</span> <span class='ocrx_word' id='word_1_546' title='bbox 698 4586 801 4634; x_wconf 74' lang='grc' dir='ltr'>τῶν</span> <span class='ocrx_word' id='word_1_547' title='bbox 825 4580 1108 4635; x_wconf 77' lang='grc' dir='ltr'>ἀκουόντων</span> <span class='ocrx_word' id='word_1_548' title='bbox 1131 4579 1325 4650; x_wconf 77' lang='grc' dir='ltr'>εἴρηται</span> <span class='ocrx_word' id='word_1_549' title='bbox 1361 4580 1433 4635; x_wconf 82' lang='grc' dir='ltr'>εἷς</span> <span class='ocrx_word' id='word_1_550' title='bbox 1467 4579 1817 4650; x_wconf 72' lang='grc' dir='ltr'>ψυχαγωγίαν</span> <span class='ocrx_word' id='word_1_551' title='bbox 1842 4578 2056 4632; x_wconf 70' lang='grc' dir='ltr'>ἐκείνων·</span> <span class='ocrx_word' id='word_1_552' title='bbox 2107 4576 2281 4643; x_wconf 71' lang='grc' dir='ltr'>ἐπειδὴ</span> <span class='ocrx_word' id='word_1_553' title='bbox 2305 4575 2423 4644; x_wconf 78' lang='grc' dir='ltr'>γὰρ,</span> <span class='ocrx_word' id='word_1_554' title='bbox 2450 4574 2610 4643; x_wconf 64' lang='grc' dir='ltr'>φησὶ,</span> 
     </span>
    </p>
   </div>
   <div class='ocr_carea' id='block_1_4' title="bbox 300 4683 1481 4747">
    <p class='ocr_par' dir='ltr' id='par_1_6' title="bbox 300 4683 1481 4747">
     <span class='ocr_line' id='line_1_49' title="bbox 300 4683 1481 4747; baseline -0.001 -21"><span class='ocrx_word' id='word_1_555' title='bbox 300 4685 440 4729; x_wconf 68' lang='lat' dir='ltr'>vol„</span> <span class='ocrx_word' id='word_1_556' title='bbox 476 4685 577 4728; x_wconf 85' lang='lat'><strong>111.</strong></span> <span class='ocrx_word' id='word_1_557' title='bbox 1367 4683 1404 4747; x_wconf 86' lang='lat'>3</span> <span class='ocrx_word' id='word_1_558' title='bbox 1440 4683 1481 4725; x_wconf 89' lang='lat' dir='ltr'><strong>D</strong></span> 
     </span>
    </p>
   </div>
  </div>
 </body>
</html>
