3269 5166
208 340 303 408 ix.
329 357 392 427 5.
702 339 812 406 IN
869 337 1390 404 EPIS'POLAM
1447 336 1577 402 AD
1640 337 2145 405 HEBRAEOS.
2496 343 2625 409 40¹7

2653 448 2676 514 [
2706 458 2797 510 117
2821 446 2942 513 Μ.]

210 503 362 585 ἀπὸ
397 512 530 585 τοῦ
565 504 1002 610 ἐφέλκεσθαι
1049 500 1526 603 καλούμενον,
1569 501 1609 584 ὃ
1647 507 1903 607 διεῖργε
1942 501 2075 604 τὴν
2111 501 2367 603 αὐλὴν,
2405 508 2502 589 εἷς
2536 500 2627 602 ἦν

210 627 479 713 πάντες
534 633 785 713 κοινῶς
839 623 1216 732 εἰσῄεσαν,
1255 629 1331 707 ἐν
1384 623 1433 732 ᾗ
1491 629 1609 707 καὶ
1665 626 1873 708 ἔθυον
1924 625 2109 708 κατὰ
2160 634 2291 708 τοῦ
2345 635 2627 731 χαλκοῦ

212 753 763 854 θυσιαστηρίου·
844 752 885 830 5
931 748 1008 830 δὲ
1063 749 1287 850 μέσος
1334 748 1517 850 μετὰ
1559 748 1646 830 τὸ
1701 750 2226 851 ἐπίοηταστρον,
2284 749 2369 830 οὗ
2424 750 2628 830 ἔνδον

211 874 643 980 εἶσ-ήρχοντο
680 880 746 955 οἱ
791 880 1015 978 ἱερεῖς,
1051 872 1182 957 τὰς
1232 870 1567 975 λατρείας
1618 872 2071 974 καθεκάστην
2106 877 2620 957 ἐπιτελοῦντες·

150 1026 188 1089 5
215 999 425 1083 ὅῦτος
463 998 539 1079 δὲ
577 1000 618 1079 5
655 996 876 1084 τόπος
910 999 1235 1078 ἐκαλεῖτο
1262 995 1512 1100 Ἀγια,
1551 994 1600 1076 ἃ
1634 997 1859 1083 τύπος
1893 997 2088 1098 ἦσαν
2122 1003 2247 1098 τῆς
2285 1004 2622 1094 παλαιᾶς,

215 1121 344 1202 ἅτε
379 1129 528 1204 τῶν
563 1126 649 1204 δι’
689 1123 989 1221 αἵματος
1025 1128 1299 1203 θυσιῶν
1334 1124 1480 1202 ἐκεῖ
1513 1123 1987 1221 τελουμένων·
2066 1124 2107 1201 5
2146 1120 2222 1202 δὲ
2260 1121 2623 1223 ἐνδότερος

216 1245 622 1349 ὠνομάζετο
642 1244 851 1349 Ἅγια
878 1248 1125 1349 ἁγίων,
1148 1243 1199 1324 ἃ
1232 1245 1457 1330 τύπος
1493 1243 1584 1346 ἦν
1619 1254 1749 1326 τοῦ
1785 1248 1953 1350 παρ’
1985 1247 2153 1347 ἡμῖν
2188 1249 2614 1346 μυστηρίου.
2641 1288 2747 1322 ver.
2767 1286 2814 1322 ι.

217 1369 355 1469 τὴν
388 1370 520 1469 μὲν
569 1372 696 1450 οὖν
743 1368 927 1469 μετὰ
974 1368 1058 1450 τὸ
1094 1377 1417 1474 χαλκοῦν
1457 1369 1979 1473 θυσιαστήριον
2015 1368 2294 1470 σκηνὴν
2328 1368 2623 1472 πρώτην

218 1495 262 1573 5
306 1491 728 1579 ἀπόστολος
771 1493 987 1596 λέγει,
1026 1496 1122 1578 ὡς
1174 1480 1360 1596 πρὸς
1419 1491 1513 1572 τὰ
1563 1492 1738 1595 ἅγια
1790 1500 1936 1573 τῶν
1985 1495 2233 1596 ἁγίων·
2315 1493 2473 1573 ε’πεί
2512 1527 2624 1571 τοι

116 1652 194 1695 10
215 1617 412 1718 με’ση
462 1614 552 1717 ἦν
585 1623 690 1724 τῷ
736 1615 1220 1725 ἐπισπάστρῳ
1258 1613 1404 1697 ema
1452 1621 1582 1716 τῆς
1630 1618 1855 1717 αὐλῆς
1907 1616 2372 1721 διειργομένη·
2440 1614 2622 1716 μετὰ

215 1739 295 1821 δὲ
333 1739 464 1839 τὴν
500 1740 735 1840 μέσην
769 1740 1037 1841 ταύτην
1073 1738 1352 1841 σκηνὴν
1389 1742 1591 1825 αὖθις
1626 1738 1713 1820 τὸ
1750 1740 2274 1841 καταπέτασμα
2308 1740 2617 1820 ἐτέτατο·

215 1866 334 1944 καὶ
378 1863 580 1945 ἔνδον
612 1864 870 1945 τούτου
906 1862 996 1965 ἦν
1031 1864 1077 1965 ἡ
1114 1863 1347 1965 σκηνὴ
1387 1864 1430 1964 ἡ
1471 1863 1823 1966 λεγομένη
1872 1864 2046 1967 ἅγια
2102 1865 2349 1966 ἁγίων,
2383 1869 2478 1947 εἶς
2531 1862 2624 1963 ἣν

215 1990 447 2073 οὐδεὶς
481 1983 708 2093 εἰσῄει
742 1986 788 2089 ἢ
825 1985 1042 2086 μόνος
1080 1990 1120 2068 5
1155 1986 1539 2093 ἀρχιερεὺς,
1579 1990 1693 2067 καὶ
1739 1987 1945 2071 οὗτος
1982 1987 2189 2094 ἅπαξ
2218 1996 2349 2067 τοῦ
2383 1990 2615 2066 ἐνιαυ-

216 2120 372 2192 τοῦ·
450 2110 774 2191 ἀπέκειτο
824 2110 898 2191 δὲ
943 2113 1021 2190 ἐν
1056 2109 1282 2215 ταύτῃ
1317 2110 1362 2209 ἡ
1402 2109 1709 2206 κιβωτὸς
1744 2109 1874 2196 τὰς
1910 2110 2199 2196 πλάκας
2233 2119 2363 2191 τοῦ
2399 2108 2623 2209 νόμου

118 2259 194 2320 15
220 2235 572 2341 φέρουσα,
636 2237 753 2315 καὶ
820 2234 954 2335 τὴν
1029 2234 1358 2333 στάμνον
1430 2241 1562 2314 τοῦ
1632 2231 1890 2333 μάννα,
1953 2269 2068 2315 και
2143 2233 2276 2334 τὴν
2346 2233 2624 2338 ῥάβδον

216 2356 536 2462 Ἀαρών.
614 2361 733 2438 καὶ
785 2356 930 2459 μὴν
965 2362 1039 2437 αἶ
1075 2356 1454 2453 βασιλεΐαί
1495 2365 1732 2462 φασιν
1785 2359 1861 2437 ἐν
1914 2363 2005 2463 τῇ
2059 2362 2344 2465 κιβωτῷ
2398 2355 2622 2455 μόνας
2647 2393 2678 2443 3
2646 2380 2831 2511 ⁹'RQ
2851 2380 2964 2434 viii.

216 2486 583 2563 τεθεῖσθαι
618 2516 748 2566 τας
781 2479 1091 2578 πλάκας,
1128 2482 1207 2561 ἐκ
1250 2479 1723 2583 παραδόσεως
1762 2478 1836 2560 δε
1872 2479 2121 2566 ἴσως
2089 2514 2129 2559 ο
2168 2486 2466 2566 Παῦλος
2505 2460 2698 2560 καὶ9’

217 2605 353 2705 τὴν
381 2603 660 2711 ῥάβδον
695 2609 814 2686 καὶ
849 2604 1178 2704 στάμνον
1213 2603 1685 2709 προσέθηκεν.

394 2846 752 2937 ’Υπεράνω
802 2846 878 2914 δὲ
929 2847 1136 2914 αὐτῆς
1187 2846 1489 2937 χερουβίμ
1542 2846 1744 2917 δόξης.
1798 2848 2305 2939 κατασκιάζοντα
2358 2847 2436 2916 τὸ
2644 2767 2758 2936 ξε
2788 2763 2886 2823 Π.

118 2987 197 3029 20
1228 2969 1627 3063 ἱλαστήριον.

332 3141 558 3230 Σύνες
583 3142 729 3242 οὖν,
753 3143 947 3230 ὅπως
982 3145 1198 3226 ἐποίει
1225 3143 1295 3227 τὶ
1332 3144 1464 3245 μὲν
1491 3145 1865 3253 ἱλαστήριον
1887 3149 1985 3228 εἷς
2010 3143 2244 3225 εἰκόνα
2272 3146 2620 3248 ἐνανθρω-

215 3264 591 3366 πήσαντος
613 3276 741 3347 τοῦ
762 3273 961 3348 Υἱοῦ·
1000 3266 1161 3349 τότε
1184 3268 1329 3372 γὰρ
1351 3269 1647 3371 γέγονεν
1669 3265 2115 3371 ἱλαστήριον·
2149 3265 2350 3369 πλὴν
2377 3267 2621 3377 κύκλῳ

215 3386 676 3491 περιεστάναι
730 3391 1167 3495 προστάττει
1231 3391 1325 3472 τὰ
1388 3395 1743 3545 χερουβὶμς,
1809 3395 1927 3472 καὶ
1989 3389 2403 3497 συσκιάζέιν
2466 3400 2622 3478 ταῖς

216 3512 661 3620 πτέρυξιν,’
618 3520 725 3594 αεὶ
771 3515 954 3618 πρὸς
991 3515 1209 3596 αὐτον
1243 3516 1694 3621 τετραμμένα
1728 3550 1803 3595 τε
1840 3516 1960 3596 καὶ
2011 3516 2408 3612 βλέποντα·
2471 3513 2622 3596 εἶτά

118 3651 195 3713 ²5
218 3669 374 3721 πως
416 3637 588 3737 ἡμῖν
622 3636 840 3719 αὐτὸν
876 3641 916 3719 5
952 3639 1332 3748 προφήτης
1369 3641 1757 3721 τεθεᾶσθαί
1787 3648 2042 3745 φησιν,
2088 3652 2131 3689 “
2160 3640 2278 3722 ὅτε
2314 3637 2451 3721 εἶδε
2487 3638 2619 3741 τὴν
2642 3641 2862 3772 {1³3³

219 3768 267 3807 “
301 3757 548 3867 δόξαν,
587 3765 704 3842 καὶ
758 3762 1082 3863 ἐλάλησε
1135 3768 1300 3867 περὶ
1348 3765 1591 3845 αὐτοῦ.
1594 3766 1634 3792 ”
1719 3762 1932 3861 εἶδον,
1963 3762 2115 3868 γάρ
2153 3771 2363 3871 φησι,
2413 3773 2458 3811 “
2493 3761 2620 3843 τὸν
2645 3786 2730 3838 En.
2755 3787 2823 3837 vi.
2852 3800 2898 3837 1

220 3893 265 3932 “
304 3885 578 3988 Κύρων
648 3885 962 3983 σαβαὼθ
1024 3886 1426 3989 καθήμενον
1488 3890 1603 3968 ἐπὶ
1681 3886 1942 3990 θρόνου
2009 3889 2304 3994 ὑψηλοῦ
2366 3921 2443 3967 τε
2503 3921 2619 3967 και

290 4088 344 4145 5.
381 4077 413 4130 ὁ
414 4085 777 4163 ‘assumptum
803 4096 868 4133 ex
895 4095 963 4147 a„
988 4079 1171 4135 omisit
1195 4078 1397 4134 Maius.
1931 4096 2014 4135 ια.
2050 4076 2237 4133 τούτου
2260 4095 2310 4132 a.
2333 4080 2490 4133 τοῦτο
2515 4076 2620 4133 Ed.

224 4164 308 4214 14.
343 4149 440 4201 τοῦ
463 4157 801 4218 assumptum
827 4167 893 4203 ex
918 4167 966 4203 a.
1304 4150 1387 4204 18.
1422 4148 1746 4219 προσέθηκεν
1867 4150 1974 4221 rgit
1983 4149 2232 4288 ὑπεράνω
2256 4149 2313 4204 δὲ
2337 4149 2509 4218 αὐτῆς,
2531 4150 2623 4218 τῆς

218 4220 445 4278 κιβωτοῦ
479 4217 696 4287 δηλαδὴ,
724 4222 981 4310 χερουβὶμ,
1016 4220 1171 4289 δόξης
1204 4223 1317 4290 ἤτοι
1338 4221 1405 4274 τὰ
1435 4171 1636 4308 ἔνδοροσὲα,
1661 4220 1748 4289 ἢτ
1799 4167 1927 4275 Ξεντα
1949 4223 2039 4290 τῆς
2065 4219 2238 4288 δόξης,
2261 4219 2502 4275 τουτέστι
2525 4223 2621 4273 τοῦ

216 4286 357 4341 θεοῦ·
401 4286 635 4357 &rh-115&
664 4289 722 4342 δὲ
753 4293 914 4344 ταῦτα
947 4290 1143 4361 ἐπαίρει
1169 4294 1251 4428 τῷ
1286 4293 1556 4416 λεί-ἍἿΜι
1486 4289 1569 4345 ἵνα
1604 4291 1746 4379 δείξῃ
1780 4292 1986 4360 μείζονα
2020 4289 2145 4346 ὄντα
2179 4291 2244 4344 τὰ
2277 4291 2407 4358 μετὰ
2440 4292 2620 4356 ταῦτα,

218 4355 459 4412 τουτέστι
481 4359 546 4412 τὰ
581 4356 700 4413 καθ’
736 4356 885 4427 ἡμᾶς·
934 4361 1336 4428 κατασκιάζοντα
1557 4359 1791 4431 στήριον·
1841 4360 2145 4430 ἱλαστήριον
2167 4360 2380 4430 ἐλέγετο
2413 4361 2475 4414 τὸ
2508 4359 2619 4414 ε’πί-

218 4426 371 4496 θεμα,
392 4431 507 4497 ἤτοι
541 4431 602 4483 τὸ
635 4434 794 4496 πῶμα
826 4431 917 4500 τῆς
953 4432 1194 4495 κιβωτοῦ,
1217 4429 1348 4501 ὅπερ
1383 4431 1540 4485 οἱονεί
1572 4453 1659 4514 rw·
1678 4432 1903 4501 τράπεζα
1934 4430 1997 4500 ἦν
2019 4432 2357 4502 τετράγωνος,
2382 4432 2620 4483 τυποῦσα

220 4499 451 4564 Χριστὸν
484 4499 576 4554 τὸν
608 4452 944 4570 γενόμενον“
917 4504 1039 4569 ημῖν
1066 4501 1291 4572 ὶλοσμόν
1316 4501 1517 4566 Maius,
1552 4502 1710 4558 omisi
1743 4502 1876 4573 ipse,
1914 4501 2189 4575 quumad
2119 4499 2290 4557 ad.s
2320 4499 2513 4570 Chrys,
2551 4497 2619 4552 ad

224 4567 455 4640 loc.149
480 4566 535 4624 d.
560 4571 861 4641 pertineant
884 4572 1076 4641 priora.
