3269 5166
638 340 729 405 64
1249 337 1330 403 B.
1376 337 1803 404 CYRILLI
1864 338 3048 426 ALEXANDR.111.5‚6.

638 508 865 589 οὕτως
912 502 1373 609 οἶκτροτάτης
1421 538 1500 585 τε
1544 509 1661 585 καὶ
1700 504 2130 606 ἀτιμοτάτης
2167 508 2357 592 θέας.
2439 511 2506 586 οἱ
2557 505 2634 588 δὲ
2670 509 3052 659 ἀφεστᾶσι

638 635 953 710 τοσοῦτο
998 636 1127 710 τοῦ
1173 631 1291 709 καὶ
1332 634 1551 709 εἰπεῖν
1586 663 1657 709 τι
1695 633 1812 710 καὶ
1849 635 2113 733 δρᾶσαι
2151 629 2745 736 φιλάνθρωπον’
2707 634 2814 711 εντ’
2853 632 3052 739 αυτῷ

638 755 759 834 καὶ
808 758 955 834 τῶν
991 759 1090 838 εἷς
1133 752 1598 860 χρηστότητα
1647 754 2052 835 τελούντων
2094 753 2440 860 ἅψασθαι
2495 762 3052 859 λογισμῶν,ως
2978 758 3000 781 ‘

640 879 759 958 καὶ
828 875 1196 978 ὠμότητος
1273 883 1798 982 θηριοπρεποῦς
1877 878 2241 965 πεσόντας
2315 881 2634 961 ἐπέκεινα
2702 878 2889 983 πρὸς
2963 878 3052 960 τὸ

638 1001 878 1107 μεζον
935 1001 1267 1105 αἴρεσθαι
1330 1011 1460 1083 τοῦ
1524 1012 1749 1083 κακοῦ
1814 1007 1931 1084 καὶ
1999 1003 2434 1108 θερμοτέραν
2486 1010 2852 1085 ποιεῖσθαι
2914 1002 3054 1103 τὴν
3076 1034 3110 1095 5

640 1126 1010 1227 καταβοὴν
1045 1126 1519 1236 ἀπηνεοτάτφ
1556 1126 1845 1236 θανάτῳ
1896 1128 2507 1231 καταδικάζοντας,
2547 1132 2665 1209 καὶ
2706 1128 2802 1209 τὰ
2851 1129 3044 1210 πάν·

638 1285 789 1332 των
824 1250 1177 1357 αἴσχιστα
1219 1258 1473 1333 παθεῖν
1508 1250 2057 1355 ἀναγκάζοντας.
2129 1261 2339 1335 ποῖον
2374 1252 2517 1358 γὰρ
2553 1256 2740 1334 οὕτω
2786 1255 3053 1359 πικρὸν

571 1389 615 1457 d
642 1374 733 1456 ἂν
785 1376 1063 1478 γένοιτο
1118 1376 1630 1481 κολαστήριον,
1683 1380 1781 1463 ὡς
1829 1378 1870 1457 6
1926 1380 2041 1459 ἐπὶ
2100 1376 2330 1485 ξύλου
2372 1377 2739 1483 σταυρός;
2801 1378 3052 1479 μόνοις

640 1498 738 1651 δὲ,
776 1503 873 1586 ὡς
909 1500 1116 1594 εἰκὸς,
1155 1499 1291 1602 τὴν
1324 1506 1454 1603 τῆς
1491 1501 1854 1602 τοσαύτης
1902 1503 2334 1598 δυσσεβείας
2385 1504 2618 1609 ἀρχὴν
2649 1509 3052 1611 προσῆψεν

640 1626 683 1705 6
719 1625 1150 1733 σοφώτατος
1179 1625 1733 1730 Εὐαγγελιοτὴς
1767 1634 1915 1712 τοῖς
1941 1628 2305 1708 Ἰουδαίων
2330 1635 2789 1730 καθηγηταῖς.
2846 1627 3047 1733 αθρει
3079 1666 3138 1706 ιο

638 1746 785 1853 γάρ
829 1749 1024 1836 ὅπως
1072 1748 1254 1849 μετά
1302 1752 1615 1855 δριμείας
1668 1785 1917 1855 ωσπερ
1962 1756 2088 1851 τῆς
2132 1750 2614 1856 έπιτηρήσεως
2650 1753 2848 1855 λέγει
2881 1749 3050 1835 ’Ὀτε

641 1872 739 1956 οὖν
777 1870 937 1957 εἶδον
975 1874 1168 1957 αὐτον
1196 1884 1250 1957 οἱ
1276 1880 1598 1984 ἀρχιερεῖς
1641 1910 1760 1956 και
1804 1885 1855 1955 οἱ
1896 1877 2234 1981 ύπῆρεται,
2263 1875 2702 1983 ἐκραύγασαν
2736 1876 3047 1980 λέγοντες

641 1998 1028 2109 Σταύρωσον
1072 1997 1471 2107 σταύρωσον.
1548 2006 1678 2080 τοῦ
1725 1997 1869 2103 γάρ
1920 2001 2262 2101 ἀγελαίου
2315 1999 2642 2099 πλήθους
2694 2000 2833 2082 κᾶν
2867 2011 3048 2105 γοῦν

638 2126 941 2229 μετρίως
983 2133 1131 2209 τοῖς
1174 2122 1359 2204 κατὰ
1395 2129 1729 2228 Χριστοῦ
1766 2121 2148 2227 γεγονόσιν
2183 2126 2736 2229 έπερυθριῶντος
2771 2135 3042 2212 κακοῖς·

640 2247 1103 2349 διεμέμνηντο
1158 2247 1301 2353 γὰρ
1358 2247 1538 2333 ἴσως
1587 2254 1732 2329 τῶν
1785 2249 1954 2352 παρ’
1994 2250 2212 2328 αὐτοῦ
2265 2248 2696 2358 παραδόξως
2752 2263 3037 2333 τετελε-
3075 2280 3136 2337 15

640 2374 952 2474 σμένων·
1023 2375 1224 2453 αὐτοὶ
1271 2376 1389 2454 καὶ
1438 2379 1713 2477 πρῶτοι
1761 2378 1890 2473 τῆς
1944 2372 2451 2478 καταῤῥήσεως
2505 2374 2868 2481 ἄρχονται,
2929 2379 3045 2457 καὶ
3223 2376 3224 2379 “

641 2500 739 2581 εἷς
775 2494 1121 2582 ἐκτόπους
1158 2493 1590 2601 ἀγριότητας
1625 2495 1754 2578 τὸν
1789 2503 1935 2577 τῶν
1967 2495 2104 2578 ὑπὸ
2143 2504 2347 2604 χεῖρα
2385 2505 2587 2578 λαῶν
2621 2501 3047 2582 ἀνακαίουσι

642 2617 891 2719 θυμόν.
992 2620 1259 2722 ἀληθὲς
1333 2622 1460 2702 οὖν
1533 2624 1675 2726 ἄρα
1747 2620 1832 2703 τὸ
1905 2623 2273 2725 εἰρημένον
2342 2620 2543 2725 παρά
2619 2629 2815 2705 Θεοῦ
2881 2631 3047 2730 περὶ

304 2763 450 2816 111oe-
476 2779 526 2815 x.
643 2745 880 2825 αὐτῶν
927 2747 1003 2826 έν
1052 2749 1459 2853 προφήταις
1515 2747 1755 2828 “”Ότι
1811 2752 1878 2826 οὶ
1933 2746 2258 2845 ποιμένες
2312 2747 2880 2854 ἠφρονεύσαντο,
2931 2753 3047 2830 καὶ

305 2845 386 2882 ²¹⁶
644 2880 689 2918 ‘⁶
726 2866 854 2951 τὸν
894 2868 1164 2975 Κύριον
1201 2872 1330 2952 οὐκ
1384 2870 1844 2980 ἐξεζήτησαν·
1919 2870 2035 2951 διὰ
2089 2879 2301 2952 τοῦτο
2355 2872 2485 2951 οὐκ
2528 2870 2783 2974 ἐνόησε
2836 2880 3046 2954 πᾶσα
3074 2909 3142 2951 20
3221 2857 3222 2882 Χ

304 3021 564 3078 1046ss
582 3036 619 3078 a
645 2996 768 3097 “ή
839 2994 1044 3097 νομὴ,
1112 3000 1227 3077 καὶ
1302 2996 2036 3101 διεσκορπίσθησαν.”
2135 2998 2253 3076 καὶ
2321 2995 2599 3097 ἀληθὴς
2673 2998 2714 3076 6
2788 2997 3038 3100 λόγος.

640 3121 878 3223 ἐπειδὴ
928 3119 1073 3226 γάρ
1122 3126 1251 3223 τῆς
1303 3128 1450 3203 τῶν
1490 3121 1905 3224 ἡγουμένων
1940 3121 2290 3223 ποδηγίας
2340 3122 2470 3201 οὐκ
2514 3121 2768 3228 ἔτυχον
2814 3128 2912 3208 εἷς
2961 3122 3047 3204 τὸ

639 3247 1024 3348 ἐπιγνῶναι
1066 3243 1398 3350 Χριστὸν
1443 3250 1509 3326 οὶ
1567 3250 1788 3345 νομῆς
1844 3247 1920 3325 ἐν
1963 3242 2161 3352 τάξει
2220 3245 2540 3344 κείμενοι,
2577 3246 2972 3344 τουτέστιν,
3007 3249 3048 3327 6

640 3370 978 3468 ἀγελαῖος
1044 3369 1288 3473 ὄχλος,
1345 3369 1664 3450 διόλωλέ
1717 3405 1793 3449 τε
1856 3372 1973 3449 καὶ
2039 3368 2499 3450 κατῶλισθον
2561 3375 2660 3456 εἷς
2723 3370 3050 3473 ὀλέθριον

642 3492 997 3586 ἀβουλίαν
1033 3493 1168 3593 τὴν
1202 3496 1318 3573 ἐπὶ
1355 3498 1687 3601 Χριστῷ.
1768 3494 2245 3596 ἀναμετρείτω
2283 3493 2429 3598 γάρ
2464 3528 2572 3580 τις
2608 3500 2668 3574 εἶ
2702 3495 3050 3591 βούλεται
3077 3525 3142 3585 25
3219 3511 3220 3516 ’

641 3615 775 3715 τὴν
836 3620 965 3716 τῆς
1020 3617 1449 3711 δυσσεβείας
1497 3615 1756 3722 ἀρχὴν,
1799 3620 1917 3698 καὶ
1962 3624 2117 3703 ταῖς
2171 3625 2317 3698 τῶν
2361 3617 2773 3720 ἡγουμένων
2828 3618 3053 3720 αὐτὴν

641 3740 990 3842 ἀναθήσει
1048 3749 1420 3847 κεφαλαῖς.
1522 3744 1758 3823 αὐτῶν
1816 3741 1961 3844 γὰρ
2026 3744 2071 3842 ἡ
2142 3746 2218 3822 ἐν
2276 3745 2531 3847 ἀρχαῖς
2593 3744 3050 3845 ἀνοσιωτάτη

642 3863 893 3967 γέγονε
948 3866 1237 3972 σκέψις,
1284 3869 1482 3947 αὐτοὶ
1540 3866 1669 3948 τὸν
1721 3865 2082 3969 προδότην
2137 3874 2284 3952 τοῖς
2340 3872 2545 3969 ἱεροῖς
2597 3867 3050 3972 ἐκπριάμενοι

645 3987 971 4094 χρήμασι
1012 3996 1540 4091 καταπωλῆσαι
1576 3992 1844 4099 σφίσιν
1883 3991 2294 4090 ἀνέπεισαν,
2337 3992 2537 4072 αὐτοὶ
2573 3989 2706 4093 τὴν
2740 4001 3052 4098 σπεῖραν

580 4131 621 4198 b
647 4121 794 4200 τοῖς
848 4115 1222 4220 ὑπηρέταις
1276 4114 1766 4224 συζεύξαντες,
1811 4116 2134 4220 καθάπερ
2187 4113 2349 4196 τινὰ
2400 4122 2548 4196 τῶν
2600 4118 3052 4216 ἀτιμοτάτων
3077 4157 3149 4216 30
3217 4121 3218 4172 5

643 4247 948 4347 λῃστῶν
1001 4245 1474 4342 καταδεσμεΐν
1537 4239 1865 4322 ἐκέλευον
1925 4241 2126 4321 αὐτοὶ
2183 4237 2490 4350 Πιλάτφ
2544 4239 3051 4346 προσήγαγον,

715 4529 764 4569 ι.
800 4513 1132 4586 οἷκτροτότης
1156 4513 1222 4570 Ε.
1247 4511 1531 4584 ἀκροτάτης
1554 4513 1662 4570 Ed.
2042 4529 2091 4569 2.
2127 4514 2355 4569 τοσοῦτο
2381 4511 2448 4568 Ε.
2471 4513 2730 4568 τοσοῦτον
2753 4510 2861 4570 Ed.
2968 4514 3056 4568 καὶ

638 4609 800 4666 elmi·
820 4631 873 4665 τι
898 4609 963 4665 E.
989 4608 1152 4666 εἰπεῖν
1173 4629 1231 4664 τε
1259 4607 1362 4664 Ed.
1631 4625 1715 4682 19.
1755 4594 2107 4681 οἷφρονεύσαῖ
2131 4608 2197 4665 E.
2449 4624 2538 4681 23.
2573 4609 2748 4679 νομεῖς
2771 4607 2839 4665 Ε.
