3269 5166
228 368 509 437 xviii.11.
583 372 699 437 IN
763 375 831 441 S.
879 373 1392 448 JOANNEM.
1480 375 1674 441 LIB.
1722 374 1843 441 XI.
1933 371 2337 440 CARXII·
2496 370 2582 436 25

225 541 532 638 μαθηταί·
606 540 653 643 ἢ
708 539 854 645 γὰρ
910 544 1068 648 οὐχὶ
1124 542 1456 642 δώσομεν
1509 547 1627 624 καὶ
1683 542 1943 649 ἄρτους
1992 547 2070 625 ἐκ
2123 543 2351 624 λίθων
2404 542 2584 623 ἀπο-

216 670 430 742 τελεῖν
479 664 828 747 δύνασθαι
876 664 1003 746 τὸν
1049 666 1404 771 Χριστὸν,
1461 673 1577 747 καὶ
1627 671 1706 748 ἐκ
1763 676 1891 749 τοῦ
1942 668 2242 769 μηδενὸς
2294 669 2576 747 ἀναδει-

216 784 428 867 κνύειν
452 788 808 893 ἀργύριον,
835 788 920 870 τὸ
955 787 1136 894 πρὸς
1174 791 1499 892 δαπάνην
1535 793 1774 877 αὐτοῖς
1810 790 2109 896 ἀρκέσω
2146 792 2580 891 δυνοίμενονς

213 910 397 989 ἀλλὰ
451 916 566 992 καὶ
627 915 887 1019 ἄρτους
958 917 1471 1019 ἐπεκομίζοντο,
1535 920 1653 996 καὶ
1717 915 2257 1018 γλωσσόκομον
2317 916 2576 1019 ἐπεφέ-

152 1060 188 1120 5
206 1067 422 1134 ροντο,
459 1036 551 1117 τὰ
580 1039 803 1155 ρπαριῗι
858 1046 1001 1119 τῶν
1046 1038 1615 1148 προσφερόντων
1661 1042 2170 1141 συλλέγοντες.
2246 1046 2583 1122 διαπλεῦ-

206 1190 325 1237 σαι
376 1161 465 1240 δέ
502 1196 676 1243 ποτε
721 1162 866 1244 σῦν
900 1167 1138 1250 αὐτοῖς
1184 1162 1665 1265 ἐθελήσαντος·
1707 1173 1834 1244 τοῦ
1871 1169 2220 1269 Χριστοῦ,
2257 1166 2583 1245 συνεισέ-

201 1289 434 1381 βησαν
470 1293 566 1370 εἱς
601 1294 882 1385 πλοῖον,
919 1290 1145 1368 καίτοι
1188 1293 1303 1368 καὶ
1338 1291 1642 1383 βαδίσαι
1678 1290 1762 1367 δι’
1807 1290 2043 1368 αὐτῶν
2080 1288 2358 1369 ὑδάτων
2393 1288 2578 1396 ἐξὸν,

202 1404 376 1511 εἴπερ
409 1410 629 1511 ἤθελε
668 1416 785 1491 καὶ
820 1421 1032 1492 τοῦτο
1058 1411 1405 1516 Χριστός.
1476 1418 1736 1493 εἰκαῖον
1770 1413 1896 1493 οὖν
1931 1413 2071 1516 ἄρα
2107 1411 2192 1493 τὸ
2226 1413 2573 1513 ἐπισκήπ-
2598 1442 2639 1492 ο

202 1564 332 1610 τειν
381 1543 535 1620 ταῖς
591 1535 774 1616 κατὰ
827 1535 1208 1638 ἄνθρωπον
1265 1539 1737 1634 ἀκολουθίαις,
1811 1536 1880 1617 εἴ
1935 1572 2078 1619 που
2143 1572 2252 1623 τις
2314 1538 2578 1635 βλέποι

113 1693 180 1736 10
202 1661 656 1762 κεχρημένους
690 1658 854 1744 τοὺς
888 1661 1236 1762 μαθητοίς.

192 1838 195 1841 >
297 1785 722 1865 Ἀποκὸπτει
759 1783 836 1864 δὲ
872 1786 912 1862 ὁ
952 1786 1193 1892 Πὲτρος
1229 1787 1301 1867 τὶ
1342 1782 1546 1894 ὃεξιὶν
1581 1795 1710 1868 τοῦ
1745 1786 1996 1873 παιδὸς
2036 1787 2322 1895 ὠτάριον,
2362 1790 2579 1887 ἀκοῆς

170 1901 425 2008 ’ὥσπερ
471 1906 782 2013 ἐρήμους
830 1913 958 2009 τῆς
1006 1908 1244 2018 δεξιᾶς
1298 1908 1465 1996 τοὺς
1511 1917 1656 1991 τῶν
1691 1912 2053 1995 Ἰουδαίων
2089 1909 2330 2009 λαοὺς,
2371 1914 2468 1995 ὡς
2504 1913 2580 1990 ἐν

191 2028 377 2139 τύπῳ
415 2032 920 2133 συμβεβηκότι
956 2033 1353 2119 δεικνύντος
1401 2043 1530 2116 τοῦ
1576 2034 2026 2139 πράγματος.
2108 2037 2194 2115 οὐ
2227 2034 2370 2138 γὰρ
2404 2034 2572 2135 ἠθέ-

192 2164 419 2251 λησαν
480 2154 807 2238 συνιέναι
868 2157 961 2239 τὰ
1024 2158 1143 2238 διὰ
1205 2164 1562 2262 Χριστοῦ.
1644 2158 1962 2261 ὑπακοὴν
2021 2159 2097 2240 δὲ
2161 2158 2580 2259 τετιμήκασι

100 2314 165 2373 15
188 2274 307 2373 τὴν
340 2280 728 2380 εὐώνυμον,
763 2278 1014 2381 μόναις
1068 2290 1223 2368 ταῖς
1276 2290 1497 2389 σφῶν
1540 2286 1903 2368 ἀπουσίαις
1959 2280 2570 2383 καταπειθόμενοι,

187 2408 229 2444 “
259 2403 678 2489 πλανῶντές
750 2440 827 2486 τε
897 2409 1017 2487 καὶ
1087 2407 1595 2508 πλανώμενοι”
1659 2407 1842 2488 κατὰ
1914 2442 1999 2489 το
2061 2404 2574 2510 γεγραμμένον,
2599 2427 2643 2495 d
2668 2443 2694 2479 a
2717 2429 2851 2483 Tim.

182 2523 325 2605 ε’πεί
369 2561 481 2609 τοι
537 2531 663 2610 καὶ
717 2527 847 2609 τὸν
888 2529 1122 2612 πάλαι
1169 2531 1619 2636 διορισθέντα
1661 2540 2051 2617 πατοῦντες
2106 2530 2327 2633 νόμον
2359 2529 2566 2637 ἐτρά·
2663 2496 2733 2548 m
2759 2509 2835 2561 ¹³

180 2680 389 2731 ποντο
421 2653 609 2759 πρὸς
652 2663 695 2701 “
722 2656 1193 2740 διδασκαλίας
1231 2655 1644 2757 ἐντάλματα
1675 2658 2134 2760 ἀνθρώπων.”
2662 2659 2912 2794 ΞῩἛῘΨ·

84 2931 95 2961 Α

188 2903 367 2979 Εἶπεν
409 2909 523 2979 οὖν
572 2917 614 2984 ὁ
653 2914 913 2980 Ἰησοῦς
949 2915 1046 3000 τῷ
1089 2917 1327 3006 Πέτρῳ
1375 2916 1547 2982 Βάλε
1599 2917 1719 2984 τήν
1772 2917 2098 3006 μάχαιράν
2138 2938 2253 2981 σου
2308 2912 2402 2981 εἰς
2455 2915 2573 2982 τήν
2607 2950 2676 2989 11

96 3070 162 3113 20
272 3041 477 3107 θήκην
536 3042 769 3107 αὐτῆς·
863 3042 941 3110 τὸ
1001 3044 1323 3131 ποτήριον
1383 3044 1420 3111 ὃ
1484 3041 1738 3109 δέδωκέ
1803 3066 1912 3119 μοι
1967 3044 2005 3109 ὀ
2059 3041 2289 3130 Πατήρ
2347 3041 2422 3106 οὐ
2484 3041 2571 3118 μὴ

268 3163 395 3232 πίω
446 3168 612 3236 αὐτό
643 3198 663 3250 5

280 3343 673 3425 Πολιτείας
718 3340 851 3440 μὲν
881 3341 1349 3444 εὐαγγελικῆς
1384 3341 1614 3421 ὠδίνει
1649 3337 1925 3439 θεσμὸν
1968 3337 2053 3421 τὸ
2088 3337 2576 3443 παράγγελμα

179 3464 285 3540 καὶ
338 3466 648 3565 δύναμιν
682 3467 998 3565 ἐντολῆς,
1037 3466 1121 3545 οὐ
1175 3470 1301 3565 τῆς
1359 3501 1542 3547 κατα
1597 3464 1817 3565 νόμον
1865 3499 1993 3545 τον
2041 3464 2161 3545 δια
2197 3464 2571 3548 Μωυσέως
2594 3504 2634 3554 ο

177 3592 310 3671 τοῖς
344 3588 839 3694 ἀρχαιοτέροις
875 3590 1394 3690 λελαλημένης,
1432 3590 1632 3669 ἀλλα
1666 3595 1794 3689 τῆς
1831 3588 1948 3669 διὰ
1981 3594 2314 3692 Χριστοῦ
2347 3593 2569 3668 τεθει-

92 3745 158 3806 25
176 3706 393 3813 μένης,
457 3711 507 3815 ἢ
576 3716 702 3793 καὶ
761 3721 1112 3793 τοσοῦτον
1177 3715 1494 3817 ἀπείργει
1567 3722 1696 3794 τοῦ
1769 3718 2088 3819 χρῆσθαι
2158 3712 2568 3817 μαχαίραις,

177 3838 452 3926 μᾶλλον
489 3836 569 3916 δε
624 3871 745 3917 και
782 3834 867 3917 τὸ
905 3837 1435 3935 ἀνταμύνεσθαι
1473 3839 1726 3935 δεῖν,
1680 3872 1777 3921 ως
1825 3843 1884 3916 εἶ
1922 3838 2048 3916 καί
2076 3871 2184 3921 τις
2229 3834 2575 3932 βουλοιτο

173 3958 472 4064 ῥαπίζειν
522 3963 719 4062 ἡμᾶς
773 3966 871 4045 εἷς
925 3960 1056 4061 τὴν
1106 3968 1252 4042 τῶν
1294 3961 1659 4065 σιαγόνων
1713 3962 1903 4059 μίαν,
1961 3963 2079 4042 καὶ
2134 3959 2466 4063 δευτέραν
2515 3964 2574 4039 εἶ
2663 3983 2820 4035 1b.v.

74 4177 79 4184 ,
177 4080 364 4188 τύχοι
416 4092 953 4190 προσαπαιτεῖν
1008 4086 1459 4192 στρέφοντας
1514 4088 1630 4165 καὶ
1686 4082 1818 4185 τὴν
1873 4086 2137 4185 ἀλλην,
2195 4082 2576 4188 πρόρριζον
2734 4085 2748 4102 '

176 4202 412 4313 ὥσπερ
461 4215 596 4309 τῆς
644 4211 916 4290 ἑαυτῶν
953 4215 1198 4317 ψυχῆς
1241 4209 1374 4310 τὴν
1409 4210 1863 4311 ἀνθρωπίνην
1912 4210 2376 4309 ἐκτέμνοντας
2421 4209 2579 4288 ὀλι-

92 4352 156 4408 30
176 4335 560 4438 γοψυχίαν.
662 4332 865 4434 πλὴν
921 4340 979 4413 εἰ
1031 4336 1146 4414 καὶ
1200 4333 1418 4435 μήπω
1469 4368 1575 4418 τις
1637 4336 1799 4437 περὶ
1855 4340 1983 4413 τοῦ
2038 4333 2302 4438 χρῆναί
2345 4347 2578 4440 φησιν

238 4549 289 4603 3.
322 4534 543 4606 ἀρκέσαι
568 4537 746 4594 αὐτοῖς
770 4536 985 4591 inverso
1012 4534 1199 4592 ordine
1224 4534 1293 4591 E.
1493 4551 1545 4606 9.
1582 4535 1709 4590 κατὰ
1738 4534 1802 4590 Ε.
1829 4533 1937 4590 κατ’
1965 4533 2072 4590 Ed.
2296 4550 2382 4602 24.
2419 4536 2578 4588 λελα-

175 4602 401 4671 λημένοις
426 4607 553 4679 (pro
577 4611 754 4676 more)
783 4608 850 4662 E.
1063 4620 1152 4680 25.
1186 4606 1438 4678 μαχαίρες
1461 4604 1547 4676 (ut
1571 4607 1758 4678 supra)
1785 4605 1856 4663 E.

257 4705 392 4752 VOL.
428 4709 453 4753 Ι
460 4708 537 4753 ῘῙ
1402 4707 1444 4752 B
