3269 5166
186 349 323 413 viii.
353 350 455 413 26.
699 350 805 413 IN
860 348 1376 413 EPISTOLAM
1429 349 1556 413 AD
1611 349 2079 414 ROMANOS.
2459 353 2587 415 219

2643 456 2845 519 [³0M
2868 456 2890 519 ]

189 527 233 562 “
271 515 532 597 Οὕτως
586 514 715 592 οὖν
770 515 962 611 ὑμεῖς
1014 514 1513 619 προσεύχεσθε
1556 513 1880 617 Πάτερ
1841 522 2042 615 ημῶν
2079 517 2119 595 5
2155 517 2232 596 ἐν
2275 522 2422 599 τοῖς
2469 516 2586 595 οὐ-
2611 553 2851 603 snauh,

187 650 232 684 ‘⁴
267 643 530 738 ρανοῖς,
566 637 991 740 ἁγιασθήτω
1045 639 1130 718 τὸ
1187 635 1413 737 ὄνομά
1449 673 1608 735 σου,
1649 640 1995 720 ἐλθέτω
1956 676 2000 739 η
2037 640 2384 734 βασιλεία
2424 672 2585 735 σου,
2610 621 2677 669 vi
2703 635 2752 684 ⁹¹
2779 633 2852 668 ¹⁰

191 760 646 863 “γενηθήτω
700 762 785 840 τὸ
841 760 1127 861 θέλημά
1176 797 1316 842 σου
1355 765 1450 846 ὡς
1487 764 1563 841 ἐν
1599 763 1877 870 οὐρανῷ
1913 798 2028 842 και
2066 766 2179 843 ἐπὶ
2215 767 2344 862 τῆς
2382 760 2585 863 γῆςμ

190 889 307 964 καὶ
364 883 512 964 ὅσα
563 884 840 969 τούτοις
893 888 1094 965 ἐστὶν
1136 886 1420 994 ἐφεξῆς.
1490 921 1610 966 οτε
1665 889 1903 967 τοίνυν
1956 886 2365 989 ἐγνώκαμεν
2419 888 2583 966 καθ’

122 1041 160 1098 5
192 1009 275 1090 ὃν
311 1008 400 1089 ἂν
436 1044 693 1115 πρεποι
747 1008 1018 1113 τρόπον
1059 1017 1421 1091 ποιεῖσθαι
1476 1008 1606 1095 τὰς
1663 1010 1971 1109 ἱκετείας,
2007 1046 2115 1097 τις
2158 1010 2247 1091 ἂν
2285 1009 2443 1091 εὶπέ
2467 1044 2592 1107 μοι

189 1136 471 1238 γε’νοιτο
529 1133 750 1236 λόγος
807 1141 952 1214 τῶν
1006 1139 1516 1215 ἀποστολικῶν
1569 1133 2059 1238 γραμμάτων·
2042 1198 2061 1230 ,
2117 1121 2275 1233 ’ἢ”
2236 1167 2400 1213 οποι
2455 1168 2591 1235 περ

191 1258 281 1337 ἂν
336 1257 603 1350 βλέποι
646 1257 732 1337 τὸ
778 1258 895 1338 διὰ
941 1262 1068 1357 τῆς
1124 1267 1251 1338 τοῦ
1290 1258 1595 1338 Παύλου
1633 1262 1935 1361 φωνῆςς
2003 1257 2239 1361 φαμὲν
2290 1257 2438 1354 ουν,
2482 1290 2592 1336 οτι

189 1380 746 1486 προσευχόμεθα
800 1380 933 1480 μὲν
975 1380 1106 1474 τὴν
1161 1387 1307 1460 τῶν
1362 1386 1656 1485 ἀγαθῶν
1711 1380 2075 1484 ζητοῦντες
2131 1380 2438 1481 αἴτησιν,
2478 1383 2595 1459 καὶ

188 1503 339 1606 πρό
385 1539 472 1606 γε
518 1512 665 1586 τῶν
720 1504 975 1585 ἄλλων
1022 1505 1116 1586 τὰ
1168 1512 1267 1591 εἶς
1323 1505 1545 1613 δόξαν
1603 1511 1816 1601 Θεοῦ,
1867 1509 1983 1584 καὶ
2039 1505 2133 1583 τά
2187 1506 2283 1584 δι’
2345 1500 2448 1583 ὧν
2504 1501 2594 1583 ἂν

81 1666 163 1706 ιο
192 1629 474 1732 γε’νοιτο
527 1632 789 1724 βιῶναί
837 1665 913 1709 τε
972 1632 1203 1732 ὀρθῶς
1248 1634 1364 1710 καὶ
1418 1630 1551 1730 τὴν
1588 1628 1957 1728 εὐδόκιμον
1994 1633 2281 1728 ἀληθῶς
2338 1662 2594 1732 κατορ-

188 1760 435 1832 θῶσαι
487 1752 696 1856 ζωήν·
778 1764 822 1801 “
848 1753 980 1855 τὴν
1017 1754 1092 1834 δὲ
1141 1753 1475 1858 ἀπαρχὴν
1524 1762 1652 1834 τοῦ
1694 1759 1763 1834 Π
1771 1752 2110 1853 νεύματος
2159 1752 2435 1858 ἔχοντες
2475 1756 2589 1833 καὶ
2617 1779 2782 1843 Supra
2803 1795 2905 1829 ver.

191 1889 239 1926 ‘⁶
272 1878 477 1956 αὐτοὶ
533 1876 964 1981 στενάζομεν
1008 1881 1084 1957 ἐν
1130 1882 1422 1976 ἑαυτοῖς,
1462 1877 1823 1958 υἱοθεσίαν
1860 1877 2399 1982 ἀπεκδεχόμενοι
2458 1876 2591 1976 τὴν
2614 1861 2697 1963 ‚²³⁶

189 2014 235 2049 ‘⁶
274 2000 791 2104 ἀπολύτρωσιν
830 2011 955 2082 τοῦ
986 2003 1326 2100 σώματος
1337 2005 1395 2047 ·'’
1457 2006 1572 2082 καὶ
1611 2006 1706 2086 ὡς
1742 2001 1819 2082 ἕν
1855 2037 1939 2104 γε
1975 2001 2206 2110 τούτῳ
2243 2009 2344 2110 τῷ
2379 2005 2592 2107 με’ρει,

191 2129 264 2208 τὶ
323 2130 395 2206 τί
440 2124 929 2234 προσευξόμεθα
982 2126 1154 2208 mo}
1194 2121 1299 2206 δεῖ
1332 2133 1450 2208 οὐκ
1491 2123 1780 2232 οἴδαμεν·
1839 2133 1897 2207 εὶ
1936 2126 2082 2229 γὰρ
2138 2136 2182 2174 “
2212 2128 2593 2233 ὀφθαλμὸς
2624 2165 2644 2200 1
2667 2151 2781 2202 001·-
2808 2150 2861 2201 ii·
2884 2165 2932 2215 9-

88 2287 163 2345 15
193 2263 239 2299 ‘⁶
276 2285 406 2330 ουκ
446 2248 581 2330 εἶδε
621 2255 739 2329 καὶ
775 2250 895 2334 ους
933 2285 1059 2330 ουκ
1093 2285 1359 2352 ηκουσε
1397 2255 1512 2330 καὶ
1547 2252 1662 2331 ἐπι
1708 2251 2002 2354 καρδίαν
2039 2254 2418 2353 ἀνθρώπου
2469 2253 2595 2331 οὐκ

193 2371 635 2474 “ἀνεβη,ἃ
589 2375 1088 2474 αὴτοίμασεν
1155 2378 1196 2454 5
1265 2375 1453 2461 Θεὸς
1514 2382 1663 2459 τοῖς
1727 2378 2112 2475 ἀγαπῶσιν
2183 2375 2459 2472 adm-511,n
2527 2377 2604 2454 τί

190 2499 620 2602 προσιόντες
677 2498 1113 2599 αἶτήσομεν·
1098 2562 1117 2593 ,
1175 2496 1221 2599 ἢ
1259 2505 1414 2582 πῶς
1458 2534 1549 2578 αν
1585 2496 1999 2599 ειδείημεν
1958 2533 2008 2577 α
2041 2497 2142 2600 μὴ
2179 2498 2594 2599 τεθεάμεθα,

193 2632 495 2721 μᾶλλον
532 2622 608 2703 δὲ
662 2626 779 2703 καὶ
835 2622 925 2703 τὰ
973 2623 1290 2704 ἐπέκεινα
1344 2632 1469 2703 νοῦ
1507 2626 1622 2702 καὶ
1661 2630 1814 2707 ταῖς
1849 2622 2248 2726 ἀνθρώπων
2288 2623 2602 2726 καρδίαις

195 2750 329 2828 οὐκ
367 2748 785 2850 ἐγνωσμένα
817 2780 837 2841 ς
887 2749 1060 2827 ποία
1097 2750 1165 2827 δ’
1206 2744 1295 2826 ἂν
1333 2747 1610 2849 γε’νοιτο
1647 2750 1762 2825 καὶ
1800 2748 1843 2846 ἡ
1881 2756 2009 2827 τοῦ
2045 2748 2386 2846 σώματος
2422 2749 2599 2829 ἀπο-

86 2911 167 2950 20
196 2872 588 2972 λύτρωσις,
644 2869 689 2969 ἢ
744 2872 852 2954 τίς
906 2871 947 2949 5
1002 2869 1551 2969 μεταπλασμὸς,
1607 2873 2221 2975 ἀναστοιχειοῦται
2277 2870 2352 2950 δὲ
2410 2870 2603 2954 ὅπως

196 3003 297 3080 εἷς
336 2997 758 3103 ἀφθαρσίαν
795 2998 913 3074 καὶ
949 2993 1191 3102 δόξαν,
1229 2992 1440 3077 αὐτὸς
1476 2993 1566 3074 ἂν
1602 2994 1812 3093 εἰδείη
1850 2998 1966 3073 καὶ
2002 2993 2218 3091 μόνος
2255 2996 2295 3072 5
2331 2993 2604 3073 τούτων

196 3122 546 3226 τεχνίτης.
613 3120 754 3227 ἔφη
812 3120 893 3198 δέ
942 3153 1084 3200 που
1138 3117 1319 3221 πρός
1373 3153 1569 3202 τινας
1624 3127 1754 3198 τοῦ
1814 3122 2150 3219 Σωτῆρος
2195 3119 2235 3195 5
2279 3115 2604 3217 μαθητὴς
2626 3147 2702 3202 31
2731 3146 2827 3203 Μ.

202 3244 371 3328 καθὸ
432 3241 537 3325 δεῖ
596 3241 1083 3353 προσεύχεσθαι
1149 3242 1248 3342 μὴ
1315 3243 1587 3328 εἰδότας
1664 3254 1705 3291 “
1736 3247 2030 3339 Αἰτεῖτε,
2088 3243 2205 3321 καὶ
2261 3241 2344 3320 οὐ
2402 3251 2598 3336 λαμ·
2627 3247 2807 3375 {5²⁰-
2827 3248 2893 3298 iv.

197 3383 242 3419 “
279 3369 565 3464 βάνετε,
621 3365 799 3447 διότι
856 3373 1085 3450 κακῶς
1137 3370 1469 3463 αἰτεῖσθε,
1523 3366 1642 3447 ἵνα
1706 3369 1782 3445 ἐν
1846 3371 2000 3449 ταῖς
2061 3366 2343 3464 ἡδοναῖς
2411 3366 2605 3465 ὑμῶν
2665 3353 2675 3362 ’

95 3528 170 3585 ²5
200 3509 245 3544 ‘⁴
281 3492 815 3593 δαπανήσητε.”
892 3493 1145 3570 οὐκοῦν
1200 3490 1460 3594 πρέποι
1518 3489 1611 3570 ἀν
1675 3494 1792 3570 καὶ
1852 3489 2056 3589 μάλα
2115 3487 2399 3575 εἰκότως
2461 3496 2606 3572 τοῖς

198 3618 335 3700 ὦδε
376 3617 833 3713 διακειμένοις
879 3621 1092 3696 εἰπεῖν
1130 3612 1212 3695 τό
1251 3618 1335 3694 Τί
1367 3612 1865 3722 προσευξόμεθα
1907 3613 2070 3696 κάθο
2152 3619 2213 3696 εἴ
2259 3620 2377 3696 οὐκ
2424 3617 2489 3695 οἴ
2521 3650 2607 3695 οι-

280 3891 329 3927 1.
365 3870 530 3926 οὕτως
554 3866 647 3924 οὖν
671 3866 892 3939 ὖμεῖς]’
869 3870 1009 3935 υμεῖς
1033 3866 1125 3922 ουν
1150 3869 1218 3922 A.
1831 3883 1880 3921 2.
1917 3865 2382 3937 ἁγιασθὴτω-γῆς
2404 3883 2513 3920 om.
2541 3866 2609 3920 A.

201 3963 253 4011 4.
292 3939 528 4031 τούτοις]
563 3945 621 4028 4
651 3940 855 4008 κείμενα
879 3941 946 3993 Α.
1055 3934 1653 4026 ἐγνώκαμεν-ἱκετείας]
1694 3936 1811 3991 καθ’
1851 3936 1911 3992 ὃν
1944 3938 2128 4006 πρέπει
2164 3940 2358 4007 τρόπον
2387 3937 2612 3989 ἐκτελεῖν

202 4037 294 4070 της
320 4012 540 4068 ἱκετείας
564 4011 858 4082 ἐγνώκαμεν
880 4009 951 4063 A.
1264 4023 1316 4080 5.
1352 4007 1465 4062 εῖπέ
1485 4031 1572 4078 μοι
1600 4016 1942 4097 assumptum
1975 4027 2040 4062 ex
2067 4010 2135 4062 A.
2418 4007 2471 4060 6.
2509 4011 2613 4061 τῶν

198 4086 574 4139 ἀποστολικῶν
596 4081 912 4153 γραμμάτων
935 4082 966 4133 ὁ
988 4081 1212 4216 λόγος-ὗ-
1172 4079 1240 4133 A.
1330 4079 1452 4133 ἔνθα
1478 4096 1574 4149 pro
1598 4078 1718 4132 ὅποι
1740 4100 1840 4148 περ
1867 4080 1933 4132 A.
2011 4136 2018 4143 ,
2152 4077 2429 4147 ’μβλέποι
2453 4078 2513 4132 τὸ
2541 4078 2611 4132 A.

204 4157 412 4226 Migne.
436 4153 700 4219 βλέποιτο
724 4149 830 4206 Ed.
892 4148 1212 4243 “spovfpeJ4
1244 4149 1504 4218 εἷρημένον
1528 4151 1597 4205 A.
1805 4101 1889 4203 ρ.8
1925 4148 2324 4240 προσευχόμεθα
2349 4149 2416 4202 A.
2442 4169 2611 4220 προσ·

197 4226 456 4296 ευξόμεθα
486 4223 591 4279 Ed.
703 4222 1030 4291 ἐκζητοῦντες
1052 4243 1145 4289 την
1167 4226 1269 4276 τῶν
1291 4220 1497 4307 ἀγαθῶν
1521 4221 1588 4273 A.
1877 4237 1929 4289 9.
1966 4221 2030 4273 τὰ
2053 4220 2126 4275 εἷς
2151 4219 2309 4287 δόξαν
2333 4221 2468 4273 Θεοῦ
2492 4226 2615 4271 ante

196 4301 302 4365 πρό
327 4294 639 4367 transponit
664 4294 733 4348 A.
900 4308 983 4346 10.
1018 4292 1197 4347 ἔσοιτο
1221 4309 1316 4361 pro
1339 4291 1542 4379 γένοιτο
1569 4291 1636 4344 Α.
1730 4290 1823 4359 τὴν
1848 4292 1979 4358 ζωὴν
2005 4291 2094 4358 τὴν
2119 4290 2387 4358 ευδόκιμον
2409 4288 2614 4356 ἀληθῶς

198 4368 530 4437 κατορθῶσαι
556 4365 627 4420 A.
816 4380 837 4417 1
853 4379 900 4417 1.
936 4384 1144 4434 εχοντες
1167 4366 1259 4416 τοῦ
1284 4361 1581 4449 Πνεῦματος
1602 4361 1814 4415 inverso
1837 4360 2023 4415 ordine
2050 4362 2115 4415 A.
2287 4377 2368 4414 12.
2398 4359 2615 4413 ἀπεκδε-

194 4437 436 4509 χόμενοι]
475 4444 531 4502 4
565 4436 653 4491 καὶ
678 4434 978 4503 ἐλπίζοντες
1002 4436 1070 4498 A.
1387 4447 1466 4502 17.
1503 4429 1535 4485 5
1559 4433 1630 4501 μὴ
1658 4433 1724 4487 A.
1750 4442 1802 4486 et
1827 4432 1898 4486 ita
1924 4432 2146 4520 conjecit
2174 4430 2376 4499 Migne.
2403 4451 2486 4482 και
2515 4427 2615 4483 Ed.

202 4516 281 4565 18.
321 4508 464 4583 ταῖς]
502 4515 561 4573 4
594 4510 700 4561 τῶν
726 4507 793 4559 A.
1047 4517 1134 4571 25.
1171 4526 1212 4556 π
1247 4501 1361 4558 ἐποι
1389 4504 1455 4556 A.
1480 4502 1662 4572 πρέπει
1695 4502 1795 4556 Ed.
1908 4502 1990 4557 καὶ
2014 4504 2156 4571 μάλα
2180 4502 2385 4557 εικότως
2410 4518 2518 4554 om.
2546 4500 2614 4553 A.

194 4586 281 4637 26.
318 4582 451 4638 καθὸ
478 4582 549 4635 A.
584 4577 796 4649 Migue.
821 4574 942 4645 μεθ’
969 4573 998 4628 ὃ
1030 4574 1092 4629 Β.
1121 4573 1190 4643 μή
1230 4570 1301 4628 ’ὃ
1329 4573 1446 4718 Edf

1348 4676 1383 4719 F
1473 4676 1507 4722 2
