3269 5166
216 357 328 400 xx.
356 335 461 403 28.
574 335 693 401 IN
752 336 819 403 S.
867 335 1389 403 JOANNEM.
1480 336 1678 400 LIB.
1723 335 1886 401 XII.
1976 336 2182 404 cAP.
2229 338 2286 402 1.
2511 339 2630 403 151

215 506 463 600 σῶμα,
521 502 860 586 σκιοειδές
915 537 990 583 τε
1047 504 1165 582 καὶ
1230 501 1487 604 ἀέριον,
1551 500 1729 604 ὅπερ
1790 500 1948 586 ἔθος
2008 504 2204 583 τισὶν
2267 501 2634 607 ὀνομάζειν

211 623 716 724 πνευματικὸν,
774 628 941 706 ἀλλ’
981 624 1155 706 αὐτὸ
1211 623 1301 725 δὴ
1355 634 1568 705 τοῦτο
1623 622 1710 705 τὸ
1766 625 2216 728 ἐσπαρμένον
2257 629 2334 706 ἐν
2387 631 2631 733 φθορᾷ

216 747 406 828 κατὰ
480 747 614 849 τὴν
686 758 815 830 τοῦ
891 747 1196 829 Παύλου
1262 748 1513 854 φωνὴν
1578 748 1973 829 διαναστὰν
2036 751 2479 851 πιστεύηται,
2538 749 2629 831 τὰ

216 871 512 972 σώματι
546 875 915 977 πρέποντα
955 879 1058 980 τῷ
1102 880 1327 978 παχεῖ
1365 872 1664 976 δέδρακέ
1703 907 1778 953 τε
1817 878 1933 952 καὶ
1971 873 2295 978 δέδειχεν.
2352 878 2626 975 ἀποδη-

144 1018 184 1079 5
215 993 442 1096 μήσει
497 997 727 1099 γεμὴν
762 1000 888 1077 οὐκ
945 997 1089 1078 ἀπὸ
1139 1006 1268 1079 τοῦ
1317 996 1715 1099 πρέποντος
1763 1005 2129 1099 λογισμοῦ
2171 996 2257 1077 τὸ
2303 1004 2522 1079 εἰπεῖν
2554 1001 2631 1078 ἐν

216 1123 498 1225 ἀρχαῖς,
546 1122 630 1200 οὐ
683 1130 1039 1202 τοσοῦτον
1094 1125 1501 1220 ἀπιστῆσαι
1556 1118 1675 1199 διὰ
1728 1122 2020 1222 γνώμης
2075 1121 2447 1202 ἀσθένειαν
2503 1122 2631 1202 τὸν

216 1241 573 1347 μακάρων
648 1245 999 1346 μαθητὴν,
1064 1244 1246 1325 ὅσον
1327 1246 1406 1324 ἐκ
1467 1246 1919 1349 περιχαρείας
1979 1249 2107 1343 τῆς
2170 1244 2361 1346 ἄγαν
2418 1254 2630 1328 τοῦτο

216 1374 500 1449 παθεῖν.
570 1367 973 1469 ἀκηκόαμεν
1005 1367 1149 1472 γὰρ
1193 1376 1322 1448 τοῦ
1368 1369 1721 1472 μακαριόυ
1758 1365 2174 1474 φάσκοντος
2213 1373 2459 1448 Λουκᾶ
2511 1374 2628 1450 καὶ
2652 1385 2696 1450 b

2601 1497 2625 1524 S

216 1496 385 1595 περὶ
460 1498 605 1572 τῶν
668 1492 923 1573 ἄλλων
986 1492 1326 1573 ἁπάντων
1391 1491 1501 1572 ὅτι
1573 1502 1615 1540 “
1653 1490 2156 1572 ἀπιστούντων
2218 1493 2453 1572 αὐτῶν
2512 1527 2627 1573 και

112 1652 192 1695 ιο
220 1627 264 1664 “
301 1615 808 1720 θαυμαζόντων
865 1615 1010 1697 ἀπὸ
1067 1621 1193 1717 τῆς
1259 1617 1546 1721 χαρᾶς.”
1636 1617 1890 1696 οὐκοῦν
1946 1615 2033 1696 τὸ
2094 1614 2483 1714 θαυμάσαι,
2542 1616 2626 1697 τὸ

214 1743 335 1820 ἐπὶ
391 1746 481 1845 τῇ
537 1741 778 1821 πίστει
826 1740 1097 1844 βράδος
1145 1747 1292 1824 τοῖς
1340 1745 1691 1842 μαθηταῖς
1740 1737 2194 1844 ἐνειργάζετο.
2263 1740 2499 1840 ἐπειδὴ
2552 1740 2628 1821 δὲ

216 1862 483 1944 λοιπὸν
522 1861 1082 1970 ἀπροφάσιστος
1131 1861 1223 1963 ἦν
1270 1871 1420 1947 τοῖς
1463 1867 1734 1967 ὁρῶσιν
1769 1865 1815 1964 ἡ
1855 1865 2178 1963 ἀπιστία,
2214 1864 2631 1950 ἀκολούθως

216 1989 260 2066 ὁ
296 1985 643 2091 μακάριος
681 1993 952 2087 Θωμᾶς
1000 1984 1397 2092 ὀρθοτάτην
1437 1991 1543 2070 ἐπ’
1583 1991 1777 2097 αὐτῷ
1824 1987 1957 2087 τὴν
1994 1990 2392 2092 ὁμολογίαν
2431 1993 2624 2069 ἐποι·

218 2119 367 2192 εῖτο
426 2113 663 2214 λέγων
725 2112 815 2192 ‘O
876 2111 1109 2220 Κύριός
1165 2150 1296 2217 μου
1356 2122 1476 2193 καὶ
1537 2123 1566 2195 ὁ
1625 2116 1798 2199 Θεὸς
1861 2150 2014 2215 μου.
2093 2119 2197 2220 τῷ
2252 2112 2398 2217 γὰρ
2446 2111 2629 2193 κατὰ

114 2257 189 2318 15
219 2235 454 2341 φύσιν
494 2237 741 2343 Κυρίῷ
787 2237 904 2316 καὶ
951 2234 1035 2315 τὸ
1087 2236 1269 2316 κατὰ
1316 2235 1608 2317 πάντων
1646 2237 1880 2341 ἔχοντι
1933 2236 2190 2340 κράτος
2238 2237 2629 2341 παρεποιτο

220 2358 311 2441 ἂν
349 2363 643 2461 ἀληθῶς
696 2394 772 2439 τε
828 2362 945 2440 καὶ
989 2360 1581 2461 ὁμολογουμένως
1633 2365 1749 2441 καὶ
1806 2360 1891 2443 τὸ
1947 2358 2121 2440 εἶναι
2159 2365 2325 2468 Θεῷ
2381 2358 2629 2465 ὥσπερ

220 2485 348 2565 οὖν
384 2482 633 2586 ἀμέλει
668 2487 786 2565 καὶ
822 2489 924 2593 τῷ
963 2483 1144 2564 κατὰ
1181 2485 1411 2593 φύσιν
1453 2491 1620 2595 Θεῷ
1657 2482 1942 2590 προσὸν
1979 2488 2210 2593 ὁρῷτο
2242 2484 2335 2586 δὴ
2371 2520 2630 2566 παντε-
2656 2527 2691 2569 e

220 2616 374 2693 λῶς
430 2613 547 2689 καὶ
604 2607 689 2688 τὸ
744 2616 889 2689 τῶν
927 2608 1133 2690 ὅλων
1159 2610 1511 2691 δύνασθαι
1561 2617 1863 2713 κρατεῖν,
1901 2613 2018 2690 καὶ
2068 2610 2201 2711 τὴν
2237 2614 2366 2710 τῆς
2401 2612 2630 2714 κυριό-

221 2766 438 2834 τητος
473 2733 924 2838 ἀμπέχεσθαι
962 2733 1209 2841 δόξαν.

123 2877 195 2918 ²0
335 2855 854 2960 Ἐπιτηρητέον
908 2855 985 2937 δὲ
1042 2858 1151 2937 ὅτι
1203 2861 1603 2957 μοναδικῶς
1642 2860 1758 2938 καὶ
1813 2856 2241 2962 συνοῖρθρως
2271 2857 2362 2939 ‘O
2409 2857 2629 2966 Κύριός

222 3019 358 3088 μου
395 2984 585 3088 φησὶ
639 2990 759 3062 καὶ
808 2991 837 3063 ὁ
892 2984 1064 3068 Θεὸς
1119 3020 1278 3089 μου.
1349 2982 1434 3061 οὐ
1490 2980 1633 3087 γὰρ
1680 2985 1933 3066 ἁπλῶς
1989 2983 2129 3089 ἔφη
2168 2981 2433 3086 Κύριός
2489 3014 2630 3078 μου

225 3109 347 3184 καὶ
404 3103 589 3188 Θεός
642 3140 803 3204 μου,
837 3095 1108 3205 ἵναμή
1165 3141 1272 3190 τις
1328 3105 1557 3206 οἴηται
1612 3108 1777 3187 καθ’
1838 3106 2221 3206 ὁμοιότητα
2275 3103 2406 3205 τὴν
2461 3104 2629 3203 ἡμε-

225 3228 443 3332 τέραν
494 3228 718 3332 ἤγουν
764 3235 908 3309 τῶν
958 3231 1183 3332 ἁγίων
1233 3226 1572 3333 ἀγγέλων
1605 3230 1847 3334 κύριον
1884 3227 2100 3309 αὐτὸν
2137 3232 2460 3332 εἰρῆσθαι
2512 3229 2628 3307 καὶ

228 3351 445 3433 Θεόν·
542 3356 813 3433 πολλοὶ
866 3351 1010 3456 γὰρ
1065 3356 1142 3433 ἐν
1195 3355 1474 3462 οὐρανῷ
1539 3359 1655 3434 καὶ
1717 3357 1833 3434 ἐπὶ
1896 3357 2032 3455 γῆς
2096 3352 2327 3457 κύριοί
2377 3386 2455 3432 τε
2513 3354 2629 3432 καὶ

126 3501 199 3561 ²5
226 3480 396 3574 θεοὶ,
462 3474 786 3581 καθάπερ
850 3479 891 3556 ὁ
955 3474 1196 3584 σοφὸς
1269 3479 1452 3578 ἡμᾶς
1514 3477 1793 3585 ἐδίδαξε
1863 3483 2188 3562 Παῦλος·
2265 3478 2433 3555 ἀλλ’
2507 3476 2630 3555 ἕνα

229 3600 503 3705 Κύριον
575 3600 790 3680 αὐτὸν
855 3605 1089 3685 ἶδικῶς
1160 3607 1279 3681 καὶ
1354 3600 1566 3700 Θεὸν,
1637 3605 1733 3686 ὡς
1797 3604 1876 3682 ἐκ
1948 3610 2076 3681 τοῦ
2141 3599 2325 3681 κατὰ
2400 3599 2630 3707 φύσιν

227 3726 502 3827 Κυρίου
556 3728 672 3804 καὶ
719 3730 909 3805 Θεοῦ
964 3725 1391 3827 γεννηθέντα
1444 3726 1740 3827 Πατρός
1792 3725 1883 3806 ‘O
1945 3727 2172 3834 Κόριὸς
2225 3762 2356 3831 μου
2417 3734 2537 3805 καὶ
2598 3732 2628 3805 o‘

222 3854 394 3935 Θεὸς
450 3886 582 3955 μου
630 3850 840 3955 φησὶ,
878 3851 995 3930 καὶ
1040 3847 1124 3930 τὸ
1177 3850 1280 3929 ἔτι
1333 3849 1571 3953 μεῖζον
1608 3855 1706 3935 εἷς
1760 3849 2232 3955 παράστασιν
2271 3847 2630 3949 ἀληθείας,
2653 3864 2697 3930 d

219 3972 478 4074 ἀκήκοε
532 3981 744 4054 τοῦτο
791 3973 1132 4076 λέγοντος
1181 3975 1221 4052 ὁ
1259 3972 1517 4076 Σωτὴρ
1568 3982 1696 4053 τοῦ
1748 3975 1924 4054 ἰδίου
1970 3980 2324 4073 μαθητοῦ,
2364 3977 2622 4053 διακει-

121 4132 192 4189 30
217 4099 436 4196 με’νου
478 4131 555 4177 τε
605 4100 725 4177 καὶ
773 4100 1331 4183 πεπιστευκότος
1368 4097 1477 4178 ὅτι
1534 4094 1623 4196 δὴ
1680 4097 1863 4178 κατὰ
1899 4095 2242 4197 ἀλήθειαν
2278 4098 2318 4176 ὁ
2363 4093 2632 4199 Κύριός

217 4256 296 4303 τε
352 4219 571 4307 αὐτὸς
627 4218 933 4327 ὑπάρχοι
988 4225 1105 4302 καὶ
1151 4224 1191 4302 ὁ
1233 4219 1439 4320 Θεὸς,
1479 4223 1650 4302 ἀλλ’
1692 4224 2020 4320 ἐπιτιμᾶν
2058 4222 2184 4300 οὐκ
2234 4216 2411 4327 ᾤετο
2457 4222 2624 4299 δεῖν.
2677 4321 2686 4332 l

292 4403 344 4443 2.
382 4385 741 4456 ἐνσπαρμένον
764 4385 831 4440 Ε.
905 4385 1164 4442 voluitne
1188 4385 1604 4457 ἐνσσπαρμένονὲ
1847 4403 1899 4451 4.
1935 4406 1976 4440 π
2010 4383 2188 4438 ε’ποντι
2216 4385 2337 4454 (pro
2361 4386 2537 4452 more)
2563 4382 2631 4436 E.

224 4476 308 4531 ¹7·
391 4462 415 4474 “
448 4457 576 4512 EAE.
605 4456 709 4511 Ed.
736 4475 847 4527 mg.
871 4457 932 4510 τὸ
960 4456 1063 4511 Ed.
1336 4472 1420 4511 21.
1460 4458 1490 4510 ό
1515 4465 1857 4526 assumptum
1883 4473 1949 4508 ex
2028 4495 2041 4510 .
2310 4452 2394 4508 26.
2432 4449 2629 4523 ἷδικῶς]

214 4552 304 4602 γρ.
330 4529 379 4583 εἷ
423 4531 439 4550 “
456 4553 483 4586 ς
508 4526 612 4582 Ed.
640 4545 752 4598 mg.
777 4527 872 4582 sed
897 4537 1104 4597 praeter
1127 4544 1238 4582 rem
1265 4535 1327 4583 ut
1350 4526 1462 4584 vid.
1489 4526 1661 4589 ἷδυιῶς
1684 4525 1845 4581 habet
1872 4524 1932 4580 F.
2173 4537 2259 4594 27.
2295 4523 2631 4594 γεννηθέντος

219 4603 343 4673 (pro
366 4597 544 4668 more)
576 4597 640 4653 E.

2728 653 2750 690 1
2768 642 2883 693 Cor.

2718 723 2802 757 xv.
2829 721 2913 773 4²·

2718 1496 2771 1548 S.
2792 1498 2920 1578 Jauc.

2723 1579 2858 1613 mv.
2885 1577 2970 1627 41.
