3269 5166
326 408 617 477 [mm]

324 1074 499 1122 11,12.

320 1728 400 1780 Π).
425 1727 527 1779 viii.
548 1739 594 1791 5.

321 2101 402 2153 ΙΙ).
425 2101 511 2151 vii.
539 2099 616 2153 16.

654 310 787 373 400
953 309 1033 374 Β.
1077 306 1458 372 CYRILLI
1506 304 2040 370 ALEXANDR.
2096 301 2660 368 FRAGMENTA
2766 299 2851 363 iii.
2881 319 2931 376 1,
2954 316 3005 364 2.

654 477 752 557 εἷς
789 468 1031 571 ὀσμὴν
1065 472 1354 556 εὐωδίας
1390 471 1929 574 ἀνακομίῷντες
1979 473 2077 554 ὡς
2126 471 2203 549 ἐν
2238 466 2520 577 χιμάρῳ
2560 469 2676 546 καὶ
2711 469 2876 572 κριῷ
2911 466 3013 542 καὶ

651 593 915 701 μόσχῳ
975 595 1418 679 πλειστάκις.
1519 595 1766 702 ἔριφος
1837 593 1980 697 γὰρ
2046 592 2224 696 ὑπὲρ
2282 593 2629 695 ἁμαρτίας
2690 587 3016 695 ἐσφάζετο

654 716 838 799 κατά
887 754 973 822 γε
1028 717 1160 819 τὴν
1214 722 1468 802 πίστιν
1503 727 1649 800 τῶν
1687 722 1893 822 ἱερῶν
1930 713 2373 822 γραμμάτων
2427 716 2596 796 ἀλλ’
2635 718 2711 793 ἐν
2762 713 3019 795 ἐκείνοις

655 839 786 937 μὲν
820 838 913 941 ἦν
946 846 1073 942 τῆς
1112 844 1450 945 ἀληθείας
1489 843 1532 944 ἦ
1568 841 1978 947 μόρφωσις·
2039 840 2362 949 γέγραφε
2398 839 2476 920 δὲ
2510 840 2679 939 ἡμῖν
2714 840 2755 918 ὁ
2790 835 3021 941 σοφώ-

655 999 868 1052 τατος
929 973 1225 1051 Παῦλος
1281 979 1325 1016 “
1350 966 1676 1070 Χριστὸς
1731 966 1810 1047 δὲ
1862 966 2434 1070 παραγενόμενος
2487 960 2845 1069 ἀρχιερεὺς
2894 966 3025 1038 τῶν
3045 980 3076 1041 5

655 1102 701 1141 “
733 1091 1156 1192 μελλόντων
1199 1095 1493 1194 ἀγαθῶν
1542 1090 1663 1171 διὰ
1698 1095 1824 1190 τῆς
1866 1089 2178 1192 μείῷνος
2224 1092 2338 1169 καὶ
2384 1088 2818 1189 τελειοτέρας
2852 1117 3023 1180 σκη-

653 1226 697 1264 ‘⁶
733 1221 878 1316 νῆς,
941 1217 1025 1295 οὐ
1080 1214 1599 1320 χειροποιήτου,
1647 1214 2020 1294 τουτέστιν
2077 1216 2161 1293 οὐ
2213 1212 2477 1313 ταύτης
2530 1216 2658 1311 τῆς
2712 1210 3025 1301 κτίσεως,

655 1349 698 1387 “
736 1339 895 1419 οὐδὲ
960 1338 1046 1420 δι’
1106 1340 1403 1436 αἵματος
1460 1338 1752 1443 τράγων
1807 1340 1923 1417 καὶ
1981 1335 2305 1442 μόσχων,
2362 1335 2480 1417 διὰ
2545 1334 2621 1416 δὲ
2675 1342 2806 1415 τοῦ
2871 1330 3032 1411 ἰδίου

655 1474 701 1511 “
737 1463 1030 1560 αἵματος
1086 1467 1424 1562 εἰσῆλθεν
1478 1463 1781 1568 ἐφάπαξ
1829 1467 1927 1546 εἰς
1983 1461 2076 1541 τὰ
2128 1460 2302 1561 ἅγια
2356 1462 2644 1539 αἰωνίαν
2679 1457 3032 1560 λύτρωσιν

657 1596 701 1635 “
738 1585 1176 1689 εὖρόμενος.”
1250 1584 1638 1691 ἐπράττετο
1684 1586 1813 1684 μὲν
1850 1584 1993 1689 γὰρ
2027 1586 2115 1664 δι’
2153 1586 2449 1684 αἵματος
2492 1583 2886 1683 ἀλλοτρίου
2918 1584 3034 1677 τῆς
3055 1607 3110 1647 10

656 1709 989 1813 λατρείας
1024 1712 1070 1811 ἡ
1108 1708 1400 1810 δύναμις
1436 1715 1581 1794 τοῖς
1628 1707 1813 1791 κατὰ
1850 1706 2068 1809 νόμον
2106 1714 2519 1812 ἱερουργοῖς·
2584 1707 3036 1805 ὑποδείγματι

655 1829 802 1935 γὰρ
858 1837 974 1913 καὶ
1033 1838 1211 1940 σκιᾷ
1275 1833 1802 1937 λελατρεύκασι
1862 1839 2009 1913 τῶν
2073 1833 2526 1936 ἐπουρανίων·
2588 1827 2917 1931 Χριστὸς
2971 1825 3038 1905 δὲ

657 1959 791 2062 οὐχ
837 1959 1046 2049 οὕτω,
1087 1965 1379 2038 πολλοῦ
1429 1992 1513 2059 γε
1564 1960 1683 2037 καὶ
1734 1960 1862 2047 δεῖ,
1902 1955 2191 2037 σέσωκε
2246 1952 2390 2058 γὰρ
2425 1953 2557 2055 τὴν
2594 1955 2710 2035 ὑπ’
2753 1950 3040 2055 οὐρανὸν

657 2082 899 2182 αἵματι
971 2088 1075 2189 τῷ
1148 2084 1302 2190 ἰδίῳ
1365 2083 1483 2161 καὶ
1546 2092 1590 2129 “
1625 2082 1710 2161 οὐ
1785 2077 1971 2160 κατὰ
2044 2079 2264 2179 νόμον
2337 2082 2634 2178 ἐντολῆς
2704 2077 3040 2180 σαρκίνης

657 2216 703 2254 “
735 2204 1031 2307 γε’γονεν
1096 2205 1311 2308 ἱερεὺς
1384 2202 1590 2284 ἀλλὰ
1663 2202 1849 2285 κατὰ
1917 2203 2215 2303 δύναμιν
2281 2202 2461 2305 ζωῆς
2522 2198 3037 2281 άκαταλύτου·”
3061 2215 3116 2276 ¹5

653 2329 1174 2432 προσκεκόμικε
1224 2327 1369 2432 γὰρ
1413 2326 1665 2408 ἑαυτὸν
1713 2325 1888 2430 ὑπὲρ
1937 2329 2164 2428 ἡμῶν,
2205 2325 2601 2426 ἀτονούσης
2636 2331 2735 2408 εἰς
2775 2324 3042 2404 δικαίω-

655 2486 780 2532 σιν
818 2456 945 2551 τῆς
982 2455 1058 2532 ἐν
1090 2451 1293 2560 τύπῳ
1329 2453 1683 2554 λατρείας,
1725 2454 1840 2531 καὶ
1890 2450 2037 2555 γὰρ
2081 2449 2172 2551 ἦν
2209 2462 2253 2498 “
2281 2449 2631 2530 ἀδύνατον
2667 2447 2851 2545 αἷμα
2887 2446 3041 2526 ταύ-

655 2587 698 2623 “
733 2611 883 2678 ρων
942 2579 1058 2655 καὶ
1121 2572 1412 2679 τράγων
1463 2577 1793 2682 ἀφαιρεῖν
1850 2575 2263 2677 ἆμαρτίας,”
2323 2572 2486 2654 ὅθεν
2545 2576 2662 2652 καὶ
2729 2570 3044 2674 δευτέρας

654 2698 993 2799 διαθήκης
1039 2701 1347 2807 ἐξῃτήθη
1391 2699 1633 2797 τόπος,
1671 2701 1799 2779 οὐκ
1844 2698 2149 2804 ἐχούσης
2199 2701 2310 2804 ἐφ’
2350 2700 2564 2803 ἑαυτῇ
2597 2701 2725 2796 τῆς
2761 2698 3046 2801 πρώτης

683 2820 727 2848 ’Ν
794 2823 831 2852 «ν
1295 2832 1309 2854 2
1384 2823 1405 2854 Χ
1562 2824 1580 2853 ἱ
1687 2822 1711 2850 Χ
1840 2822 1860 2853 Ι
2203 2831 2237 2849 Α
2435 2831 2467 2848 0¹·
2615 2827 2633 2848 ἱ
2907 2819 2930 2844 ἱ
3021 2819 3036 2842 ‘

655 2858 740 2902 το
775 2857 1173 2922 αμεμπτον.
1254 2827 1451 2909 ειδως
1506 2829 1581 2904 δε
1638 2859 1723 2904 το
1778 2830 2067 2923 θελημα
2110 2857 2237 2904 του
2277 2828 2468 2903 Θεου
2520 2856 2645 2901 και
2678 2825 2978 2922 Πατρος
3008 2845 3120 2896 020

653 2946 744 3053 ἐξ
773 2949 989 3027 αὐτοῦ
1034 2948 1215 3027 κατὰ
1255 2949 1482 3054 φύσιν
1518 2946 1717 3039 Υἱὸς,
1757 2947 2008 3027 ἑαυτὸν
2043 2946 2216 3049 ὑπὲρ
2253 2947 2455 3046 ἡμῶν
2488 2942 2785 3026 πάντων
2821 2976 3047 3047 προσ-
3143 2951 3154 2960 ’
3189 2937 3190 2940 ¹

657 3078 924 3170 κομιῶν
977 3106 1055 3151 τε
1127 3069 1278 3172 ἅμα
1343 3075 1457 3151 καὶ
1524 3069 2014 3175 ἱερουργήσων
2071 3071 2265 3178 αὐτῷ
2322 3069 2615 3172 γέγονεν
2674 3067 3048 3171 ἄνθρωπος

584 3235 591 3240 ·
660 3193 837 3298 ὑπὲρ
891 3196 1115 3294 ἡμῶν.
1212 3198 1328 3275 καὶ
1384 3194 1640 3274 τούτου
1706 3191 1978 3296 μάρτυς
2040 3193 2293 3296 γένοιτ’
2353 3191 2443 3272 ἂν
2496 3193 2665 3292 ἡμῖν
2721 3194 2810 3270 οὗ
2867 3197 3039 3296 ψευ-

658 3317 917 3416 δοεπὴς
980 3320 1021 3397 ὃ
1094 3315 1438 3422 μακάριος
1505 3322 1825 3416 Παῦλος,
1885 3316 2026 3425 ἔφη
2092 3316 2237 3419 γὰρ
2307 3313 2533 3397 πάλιν
2597 3317 2760 3418 περὶ
2840 3315 3047 3393 αὐτοῦ

658 3452 702 3489 “
742 3440 881 3521 Διὸ
930 3441 1421 3548 εἰσερχόμενος
1469 3447 1564 3525 εἰς
1613 3439 1741 3521 τὸν
1779 3441 2058 3539 κόσμον
2094 3440 2287 3543 λέγει
2326 3441 2612 3522 Θυσίαν
2650 3440 2767 3519 καὶ
2819 3471 3044 3541 προσ·
3067 3456 3123 3518 25

658 3575 703 3611 “
739 3563 977 3670 φορὰν
1013 3566 1139 3645 οὐκ
1176 3565 1571 3666 ἠθέλησας,
1610 3571 1832 3664 σῶμα
1868 3565 1943 3645 δὲ
1978 3565 2386 3666 κατηρτίσω
2423 3591 2567 3662 μοι·
2630 3561 3041 3644 ὁλοκαυτώ-

660 3699 933 3788 “ματα
962 3692 1078 3768 καὶ
1103 3723 1266 3792 περι
1296 3690 1645 3790 ἁμαρτίας
1682 3690 1811 3768 οὐκ
1847 3688 2214 3791 ἐζήτησας,
2242 3686 2405 3767 τότε
2431 3683 2630 3766 εἷπον
2666 3684 2933 3766 ’woh'
2881 3721 3044 3786 ηκω,

658 3822 704 3860 “
737 3816 814 3892 ἐν
855 3813 1188 3918 κεφαλίδι
1225 3812 1523 3908 βιβλίου
1577 3813 1978 3964 γέγραπται
2033 3815 2196 3914 περὶ
2252 3814 2444 3909 ἐμοῦ,
2488 3818 2615 3890 τοῦ
2671 3814 2978 3909 ποιῆσαι
3009 3808 3046 3886 ὃ

657 3945 702 3982 “
741 3935 927 4018 Θεὸς
992 3969 1075 4013 το
1141 3933 1427 4035 θέλημά
1486 3938 1669 4017 σου.’
1796 3935 1904 4019 τίς
1969 3936 2095 4015 οὖν
2154 3935 2297 4038 ἄρα
2372 3937 2572 4014 ἐστὶν
2638 3934 2679 4012 ὃ
2753 3938 2851 4016 εἷς
2929 3964 3047 4011 τον

658 4058 937 4159 κόσμον
972 4058 1514 4165 εισερχόμενοςς
1575 4066 1729 4142 πῶς
1778 4056 1854 4138 δε
1905 4094 2021 4139 και
2066 4057 2255 4142 ὅλως
2301 4057 2800 4158 εἶσβεβηκέναι
2832 4056 3040 4157 λε’γε-
3067 4075 3123 4133 30

734 4387 818 4425 10.
853 4372 1127 4444 εὑρόμενος
1148 4369 1308 4425 hodie
1335 4372 1424 4443 (ex
1447 4372 1731 4453 εὖρώμενος
1766 4379 1859 4425 aut
1894 4371 2168 4440 εὑράμενος
2191 4368 2533 4440 castigatum)
2562 4368 2773 4423 exhibet
2796 4387 2841 4423 c.
2922 4366 3046 4420 Post

655 4439 760 4496 hoc
785 4442 1009 4497 verbum
1035 4442 1277 4496 scholion
1303 4460 1331 4495 e
1357 4443 1597 4514 margine
1621 4461 1671 4505 c,
1696 4441 1888 4496 iterum
1915 4442 2200 4511 intel-pellit
2222 4446 2523 4494 Cramerue.
2842 4457 2864 4491 ι
2871 4455 2929 4508 3.
2964 4433 3045 4491 ὑπ’

655 4510 954 4583 ουρανὸν]’
924 4513 1228 4583 επουράνιον
1253 4512 1346 4567 Cr.
1566 4530 1650 4586 19.
1688 4511 1907 4581 ἐξῃτήθη
1933 4509 2116 4583 τόπος]
2143 4511 2355 4581 ἐξετέθη
2379 4510 2540 4567 τῦπος
2564 4509 2656 4578 Cr·
