<?xml version="1.0" encoding="UTF-8"?>
<!DOCTYPE html PUBLIC "-//W3C//DTD XHTML 1.0 Transitional//EN"
    "http://www.w3.org/TR/xhtml1/DTD/xhtml1-transitional.dtd">
<html xmlns="http://www.w3.org/1999/xhtml" xml:lang="en" lang="en">
 <head>
  <title>
</title>
<meta http-equiv="Content-Type" content="text/html;charset=utf-8" />
  <meta name='ocr-system' content='tesseract 3.04.00' />
  <meta name='ocr-capabilities' content='ocr_page ocr_carea ocr_par ocr_line ocrx_word'/>
</head>
<body>
  <div class='ocr_page' id='page_1' title='image "./indjoannisevang00pusegoog_0660.png"; bbox 0 0 3269 5166; ppageno 0'>
   <div class='ocr_carea' id='block_1_1' title="bbox 597 359 718 414">
    <p class='ocr_par' dir='ltr' id='par_1_1' title="bbox 597 359 718 414">
     <span class='ocr_line' id='line_1_1' title="bbox 597 359 718 414; baseline -0.008 0"><span class='ocrx_word' id='word_1_1' title='bbox 597 359 718 414; x_wconf 88' lang='grc'>640</span> 
     </span>
    </p>
   </div>
   <div class='ocr_carea' id='block_1_2' title="bbox 595 539 1757 3657">
    <p class='ocr_par' dir='ltr' id='par_1_2' title="bbox 676 539 1757 696">
     <span class='ocr_line' id='line_1_2' title="bbox 676 539 1757 615; baseline -0.006 -17"><span class='ocrx_word' id='word_1_2' title='bbox 676 560 778 598; x_wconf 82' lang='lat' dir='ltr'>nes</span> <span class='ocrx_word' id='word_1_3' title='bbox 821 539 1050 615; x_wconf 81' lang='lat' dir='ltr'>exspuit</span> <span class='ocrx_word' id='word_1_4' title='bbox 1098 543 1213 598; x_wconf 88' lang='grc'>114</span> <span class='ocrx_word' id='word_1_5' title='bbox 1242 539 1277 596; x_wconf 91' lang='lat' dir='ltr'>d</span> <span class='ocrx_word' id='word_1_6' title='bbox 1361 546 1600 595; x_wconf 85' lang='lat' dir='ltr'>mortem</span> <span class='ocrx_word' id='word_1_7' title='bbox 1650 555 1757 610; x_wconf 90' lang='lat' dir='ltr'>pro</span> 
     </span>
     <span class='ocr_line' id='line_1_3' title="bbox 676 637 1751 696; baseline -0.004 -1"><span class='ocrx_word' id='word_1_8' title='bbox 676 638 841 696; x_wconf 87' lang='lat' dir='ltr'>nobis</span> <span class='ocrx_word' id='word_1_9' title='bbox 858 638 992 695; x_wconf 79' lang='lat' dir='ltr'>vicit</span> <span class='ocrx_word' id='word_1_10' title='bbox 1011 637 1276 695; x_wconf 81' lang='lat' dir='ltr'>Christus</span> <span class='ocrx_word' id='word_1_11' title='bbox 1293 637 1541 693; x_wconf 84' lang='lat' dir='ltr'>moriens</span> <span class='ocrx_word' id='word_1_12' title='bbox 1562 639 1677 693; x_wconf 83' lang='lat'>124</span> <span class='ocrx_word' id='word_1_13' title='bbox 1699 654 1751 691; x_wconf 86' lang='lat' dir='ltr'>a.</span> 
     </span>
    </p>

    <p class='ocr_par' dir='ltr' id='par_1_3' title="bbox 597 734 1754 1006">
     <span class='ocr_line' id='line_1_4' title="bbox 597 734 1754 810; baseline -0.003 -17"><span class='ocrx_word' id='word_1_14' title='bbox 597 734 763 793; x_wconf 85' lang='lat' dir='ltr'>Mors</span> <span class='ocrx_word' id='word_1_15' title='bbox 817 735 908 793; x_wconf 89' lang='lat' dir='ltr'>cui</span> <span class='ocrx_word' id='word_1_16' title='bbox 966 736 1214 793; x_wconf 82' lang='lat' dir='ltr'>obnoxia</span> <span class='ocrx_word' id='word_1_17' title='bbox 1267 753 1506 810; x_wconf 79' lang='lat' dir='ltr'>corpora</span> <span class='ocrx_word' id='word_1_18' title='bbox 1556 743 1754 791; x_wconf 70' lang='lat' dir='ltr'>nostra</span> 
     </span>
     <span class='ocr_line' id='line_1_5' title="bbox 677 832 1753 908; baseline -0.005 -17"><span class='ocrx_word' id='word_1_19' title='bbox 677 853 794 891; x_wconf 88' lang='lat' dir='ltr'>non</span> <span class='ocrx_word' id='word_1_20' title='bbox 844 834 1075 908; x_wconf 82' lang='lat' dir='ltr'>expellit</span> <span class='ocrx_word' id='word_1_21' title='bbox 1117 852 1190 891; x_wconf 85' lang='lat' dir='ltr'>ex</span> <span class='ocrx_word' id='word_1_22' title='bbox 1242 833 1310 889; x_wconf 81' lang='lat' dir='ltr'>iis</span> <span class='ocrx_word' id='word_1_23' title='bbox 1365 851 1558 889; x_wconf 76' lang='lat' dir='ltr'>semen</span> <span class='ocrx_word' id='word_1_24' title='bbox 1603 832 1753 887; x_wconf 83' lang='lat' dir='ltr'>vitae</span> 
     </span>
     <span class='ocr_line' id='line_1_6' title="bbox 681 929 1729 1006; baseline -0.003 -17"><span class='ocrx_word' id='word_1_25' title='bbox 681 950 716 989; x_wconf 83' lang='lat' dir='ltr'>a</span> <span class='ocrx_word' id='word_1_26' title='bbox 744 929 958 989; x_wconf 75' lang='lat' dir='ltr'>Christi</span> <span class='ocrx_word' id='word_1_27' title='bbox 986 929 1241 1006; x_wconf 80' lang='lat' dir='ltr'>Corpore</span> <span class='ocrx_word' id='word_1_28' title='bbox 1269 932 1502 988; x_wconf 84' lang='lat' dir='ltr'>insitum</span> <span class='ocrx_word' id='word_1_29' title='bbox 1534 933 1651 989; x_wconf 83' lang='lat'>363</span> <span class='ocrx_word' id='word_1_30' title='bbox 1675 931 1729 986; x_wconf 90' lang='lat' dir='ltr'>d.</span> 
     </span>
    </p>

    <p class='ocr_par' dir='ltr' id='par_1_4' title="bbox 600 1028 1754 1480">
     <span class='ocr_line' id='line_1_7' title="bbox 600 1028 1752 1104; baseline -0.003 -15"><span class='ocrx_word' id='word_1_31' title='bbox 600 1028 856 1089; x_wconf 88' lang='lat' dir='ltr'>Mortem</span> <span class='ocrx_word' id='word_1_32' title='bbox 903 1048 1021 1086; x_wconf 91' lang='lat' dir='ltr'>non</span> <span class='ocrx_word' id='word_1_33' title='bbox 1061 1030 1255 1087; x_wconf 81' lang='lat' dir='ltr'>videre</span> <span class='ocrx_word' id='word_1_34' title='bbox 1291 1029 1424 1104; x_wconf 89' lang='lat' dir='ltr'>quid</span> <span class='ocrx_word' id='word_1_35' title='bbox 1467 1032 1584 1086; x_wconf 98' lang='grc'>573</span> <span class='ocrx_word' id='word_1_36' title='bbox 1606 1028 1752 1086; x_wconf 81' lang='lat' dir='ltr'>abe</span> 
     </span>
     <span class='ocr_line' id='line_1_8' title="bbox 680 1126 1752 1186; baseline -0.003 -1"><span class='ocrx_word' id='word_1_37' title='bbox 680 1128 941 1185; x_wconf 88' lang='lat' dir='ltr'>humiliat</span> <span class='ocrx_word' id='word_1_38' title='bbox 963 1126 1227 1186; x_wconf 82' lang='lat' dir='ltr'>Christus</span> <span class='ocrx_word' id='word_1_39' title='bbox 1255 1132 1375 1186; x_wconf 91' lang='grc'>677</span> <span class='ocrx_word' id='word_1_40' title='bbox 1396 1127 1432 1184; x_wconf 93' lang='lat' dir='ltr'>b</span> <span class='ocrx_word' id='word_1_41' title='bbox 1488 1145 1752 1183; x_wconf 88' lang='lat' dir='ltr'>somnum</span> 
     </span>
     <span class='ocr_line' id='line_1_9' title="bbox 677 1225 1750 1300; baseline -0.001 -18"><span class='ocrx_word' id='word_1_42' title='bbox 677 1226 955 1292; x_wconf 85' lang='lat' dir='ltr'>nominat,</span> <span class='ocrx_word' id='word_1_43' title='bbox 1009 1236 1251 1283; x_wconf 87' lang='lat' dir='ltr'>mortem</span> <span class='ocrx_word' id='word_1_44' title='bbox 1309 1225 1496 1282; x_wconf 81' lang='lat' dir='ltr'>dicere</span> <span class='ocrx_word' id='word_1_45' title='bbox 1550 1225 1750 1300; x_wconf 86' lang='lat' dir='ltr'>dedig-</span> 
     </span>
     <span class='ocr_line' id='line_1_10' title="bbox 679 1322 1754 1392; baseline -0.004 -11"><span class='ocrx_word' id='word_1_46' title='bbox 679 1343 822 1381; x_wconf 85' lang='lat' dir='ltr'>nans</span> <span class='ocrx_word' id='word_1_47' title='bbox 850 1326 1089 1381; x_wconf 82' lang='lat' dir='ltr'>Creator</span> <span class='ocrx_word' id='word_1_48' title='bbox 1110 1324 1376 1381; x_wconf 80' lang='lat' dir='ltr'>Christus</span> <span class='ocrx_word' id='word_1_49' title='bbox 1399 1324 1518 1380; x_wconf 89' lang='grc'>679</span> <span class='ocrx_word' id='word_1_50' title='bbox 1541 1324 1579 1381; x_wconf 93' lang='lat' dir='ltr'>b</span> <span class='ocrx_word' id='word_1_51' title='bbox 1638 1322 1754 1392; x_wconf 83' lang='lat' dir='ltr'>Qui</span> 
     </span>
     <span class='ocr_line' id='line_1_11' title="bbox 680 1421 1750 1480; baseline -0.001 -1"><span class='ocrx_word' id='word_1_52' title='bbox 680 1432 925 1480; x_wconf 87' lang='lat' dir='ltr'>mortem</span> <span class='ocrx_word' id='word_1_53' title='bbox 942 1423 1116 1479; x_wconf 83' lang='lat' dir='ltr'>verbo</span> <span class='ocrx_word' id='word_1_54' title='bbox 1135 1441 1292 1480; x_wconf 89' lang='lat' dir='ltr'>mero</span> <span class='ocrx_word' id='word_1_55' title='bbox 1310 1421 1554 1479; x_wconf 73' lang='lat' dir='ltr'>destruit</span> <span class='ocrx_word' id='word_1_56' title='bbox 1570 1426 1649 1480; x_wconf 97' lang='grc'>67</span> <span class='ocrx_word' id='word_1_57' title='bbox 1654 1424 1750 1478; x_wconf 78' lang='grc' dir='ltr'>9ο.</span> 
     </span>
    </p>

    <p class='ocr_par' dir='ltr' id='par_1_5' title="bbox 604 1519 1752 1889">
     <span class='ocr_line' id='line_1_12' title="bbox 604 1519 1752 1589; baseline -0.003 -10"><span class='ocrx_word' id='word_1_58' title='bbox 604 1519 826 1579; x_wconf 81' lang='lat' dir='ltr'>Mortui</span> <span class='ocrx_word' id='word_1_59' title='bbox 869 1520 1101 1578; x_wconf 82' lang='lat' dir='ltr'>Christo</span> <span class='ocrx_word' id='word_1_60' title='bbox 1141 1521 1342 1577; x_wconf 79' lang='lat' dir='ltr'>vivunt</span> <span class='ocrx_word' id='word_1_61' title='bbox 1383 1519 1564 1579; x_wconf 84' lang='lat' dir='ltr'>680b</span> <span class='ocrx_word' id='word_1_62' title='bbox 1634 1519 1752 1589; x_wconf 86' lang='lat' dir='ltr'>Qui</span> 
     </span>
     <span class='ocr_line' id='line_1_13' title="bbox 680 1618 1750 1677; baseline -0.001 -1"><span class='ocrx_word' id='word_1_63' title='bbox 680 1638 782 1677; x_wconf 83' lang='lat' dir='ltr'>eos</span> <span class='ocrx_word' id='word_1_64' title='bbox 809 1637 924 1675; x_wconf 89' lang='lat' dir='ltr'>non</span> <span class='ocrx_word' id='word_1_65' title='bbox 954 1627 1212 1676; x_wconf 89' lang='lat' dir='ltr'>mortuos</span> <span class='ocrx_word' id='word_1_66' title='bbox 1240 1637 1364 1675; x_wconf 81' lang='lat' dir='ltr'>esse</span> <span class='ocrx_word' id='word_1_67' title='bbox 1394 1618 1504 1674; x_wconf 84' lang='lat' dir='ltr'>scit</span> <span class='ocrx_word' id='word_1_68' title='bbox 1529 1618 1604 1674; x_wconf 91' lang='lat' dir='ltr'>iii.</span> <span class='ocrx_word' id='word_1_69' title='bbox 1631 1621 1750 1675; x_wconf 83' lang='lat'>543</span> 
     </span>
     <span class='ocr_line' id='line_1_14' title="bbox 680 1714 1748 1792; baseline 0 -18"><span class='ocrx_word' id='word_1_70' title='bbox 680 1717 920 1774; x_wconf 87' lang='lat' dir='ltr'>mortuis</span> <span class='ocrx_word' id='word_1_71' title='bbox 974 1716 1205 1792; x_wconf 85' lang='lat' dir='ltr'>prodest</span> <span class='ocrx_word' id='word_1_72' title='bbox 1261 1715 1476 1773; x_wconf 82' lang='lat' dir='ltr'>oblatio</span> <span class='ocrx_word' id='word_1_73' title='bbox 1519 1714 1592 1771; x_wconf 89' lang='lat' dir='ltr'>iii.</span> <span class='ocrx_word' id='word_1_74' title='bbox 1631 1719 1748 1774; x_wconf 86' lang='grc'>542</span> 
     </span>
     <span class='ocr_line' id='line_1_15' title="bbox 678 1832 799 1889; baseline 0 0"><span class='ocrx_word' id='word_1_75' title='bbox 678 1832 799 1889; x_wconf 61' lang='lat' dir='ltr'>“qq-</span> 
     </span>
    </p>

    <p class='ocr_par' dir='ltr' id='par_1_6' title="bbox 597 1910 1749 2081">
     <span class='ocr_line' id='line_1_16' title="bbox 597 1910 1749 1976; baseline -0.002 -5"><span class='ocrx_word' id='word_1_76' title='bbox 597 1910 816 1971; x_wconf 87' lang='lat' dir='ltr'>Mortui</span> <span class='ocrx_word' id='word_1_77' title='bbox 847 1911 978 1968; x_wconf 91' lang='lat' dir='ltr'>Deo</span> <span class='ocrx_word' id='word_1_78' title='bbox 1006 1931 1120 1969; x_wconf 89' lang='lat' dir='ltr'>non</span> <span class='ocrx_word' id='word_1_79' title='bbox 1163 1912 1372 1968; x_wconf 87' lang='lat' dir='ltr'>mortui</span> <span class='ocrx_word' id='word_1_80' title='bbox 1403 1916 1520 1970; x_wconf 88' lang='grc'>573</span> <span class='ocrx_word' id='word_1_81' title='bbox 1544 1912 1599 1976; x_wconf 89' lang='lat' dir='ltr'>b,</span> <span class='ocrx_word' id='word_1_82' title='bbox 1631 1914 1749 1970; x_wconf 89' lang='grc'>576</span> 
     </span>
     <span class='ocr_line' id='line_1_17' title="bbox 675 2010 1002 2081; baseline 0.003 -14"><span class='ocrx_word' id='word_1_83' title='bbox 675 2011 732 2081; x_wconf 91' lang='lat' dir='ltr'>b,</span> <span class='ocrx_word' id='word_1_84' title='bbox 760 2010 831 2068; x_wconf 86' lang='lat' dir='ltr'>iii.</span> <span class='ocrx_word' id='word_1_85' title='bbox 868 2014 1002 2068; x_wconf 89' lang='grc'>543.</span> 
     </span>
    </p>

    <p class='ocr_par' dir='ltr' id='par_1_7' title="bbox 595 2107 1751 2364">
     <span class='ocr_line' id='line_1_18' title="bbox 595 2107 1751 2184; baseline -0.002 -18"><span class='ocrx_word' id='word_1_86' title='bbox 595 2107 796 2166; x_wconf 88' lang='lat' dir='ltr'>Moses</span> <span class='ocrx_word' id='word_1_87' title='bbox 851 2108 1066 2166; x_wconf 87' lang='lat' dir='ltr'>Christi</span> <span class='ocrx_word' id='word_1_88' title='bbox 1120 2117 1293 2184; x_wconf 87' lang='lat' dir='ltr'>typus</span> <span class='ocrx_word' id='word_1_89' title='bbox 1349 2118 1411 2165; x_wconf 90' lang='lat' dir='ltr'>ut</span> <span class='ocrx_word' id='word_1_90' title='bbox 1464 2107 1751 2166; x_wconf 85' lang='lat' dir='ltr'>Mediator</span> 
     </span>
     <span class='ocr_line' id='line_1_19' title="bbox 680 2205 1750 2282; baseline -0.005 -16"><span class='ocrx_word' id='word_1_91' title='bbox 680 2209 797 2266; x_wconf 87' lang='grc'>265</span> <span class='ocrx_word' id='word_1_92' title='bbox 821 2226 873 2274; x_wconf 89' lang='lat' dir='ltr'>e,</span> <span class='ocrx_word' id='word_1_93' title='bbox 915 2211 1052 2279; x_wconf 87' lang='grc'>266,</span> <span class='ocrx_word' id='word_1_94' title='bbox 1083 2210 1202 2266; x_wconf 88' lang='grc'>966</span> <span class='ocrx_word' id='word_1_95' title='bbox 1265 2216 1327 2264; x_wconf 90' lang='lat' dir='ltr'>ut</span> <span class='ocrx_word' id='word_1_96' title='bbox 1362 2205 1658 2282; x_wconf 85' lang='lat' dir='ltr'>legislator</span> <span class='ocrx_word' id='word_1_97' title='bbox 1693 2214 1750 2262; x_wconf 89' lang='lat' dir='ltr'>et</span> 
     </span>
     <span class='ocr_line' id='line_1_20' title="bbox 680 2306 1014 2364; baseline -0.003 -1"><span class='ocrx_word' id='word_1_98' title='bbox 680 2306 794 2363; x_wconf 87' lang='lat' dir='ltr'>dux</span> <span class='ocrx_word' id='word_1_99' title='bbox 825 2309 943 2364; x_wconf 89' lang='grc'>267</span> <span class='ocrx_word' id='word_1_100' title='bbox 964 2327 1014 2364; x_wconf 89' lang='lat' dir='ltr'>a.</span> 
     </span>
    </p>

    <p class='ocr_par' dir='ltr' id='par_1_8' title="bbox 597 2401 1748 2667">
     <span class='ocr_line' id='line_1_21' title="bbox 597 2401 1747 2477; baseline -0.004 -14"><span class='ocrx_word' id='word_1_101' title='bbox 597 2403 751 2463; x_wconf 83' lang='lat' dir='ltr'>Mosi</span> <span class='ocrx_word' id='word_1_102' title='bbox 796 2404 1141 2475; x_wconf 83' lang='lat' dir='ltr'>incredibile,</span> <span class='ocrx_word' id='word_1_103' title='bbox 1185 2406 1445 2473; x_wconf 88' lang='lat'><strong>600,000</strong></span> <span class='ocrx_word' id='word_1_104' title='bbox 1494 2401 1747 2477; x_wconf 82' lang='lat' dir='ltr'>peditum</span> 
     </span>
     <span class='ocr_line' id='line_1_22' title="bbox 675 2499 1748 2559; baseline -0.002 -1"><span class='ocrx_word' id='word_1_105' title='bbox 675 2503 734 2559; x_wconf 91' lang='lat' dir='ltr'>in</span> <span class='ocrx_word' id='word_1_106' title='bbox 764 2503 989 2559; x_wconf 88' lang='lat' dir='ltr'>deserto</span> <span class='ocrx_word' id='word_1_107' title='bbox 1017 2520 1242 2559; x_wconf 86' lang='lat' dir='ltr'>carnem</span> <span class='ocrx_word' id='word_1_108' title='bbox 1271 2501 1536 2559; x_wconf 87' lang='lat' dir='ltr'>daturum</span> <span class='ocrx_word' id='word_1_109' title='bbox 1560 2499 1748 2557; x_wconf 91' lang='lat' dir='ltr'>Deum</span> 
     </span>
     <span class='ocr_line' id='line_1_23' title="bbox 678 2602 1089 2667; baseline -0.002 -9"><span class='ocrx_word' id='word_1_110' title='bbox 678 2603 795 2661; x_wconf 90' lang='grc'>278</span> <span class='ocrx_word' id='word_1_111' title='bbox 818 2618 870 2667; x_wconf 88' lang='lat' dir='ltr'>e,</span> <span class='ocrx_word' id='word_1_112' title='bbox 902 2602 1021 2658; x_wconf 89' lang='grc'>279</span> <span class='ocrx_word' id='word_1_113' title='bbox 1040 2619 1089 2657; x_wconf 90' lang='lat' dir='ltr'>a.</span> 
     </span>
    </p>

    <p class='ocr_par' dir='ltr' id='par_1_9' title="bbox 596 2697 1749 3060">
     <span class='ocr_line' id='line_1_24' title="bbox 596 2697 1746 2763; baseline -0.003 -6"><span class='ocrx_word' id='word_1_114' title='bbox 596 2697 795 2758; x_wconf 88' lang='lat' dir='ltr'>Moses</span> <span class='ocrx_word' id='word_1_115' title='bbox 850 2698 1025 2755; x_wconf 84' lang='lat' dir='ltr'>semel</span> <span class='ocrx_word' id='word_1_116' title='bbox 1080 2698 1176 2755; x_wconf 79' lang='lat' dir='ltr'>vix</span> <span class='ocrx_word' id='word_1_117' title='bbox 1232 2697 1490 2763; x_wconf 88' lang='lat' dir='ltr'>credidit,</span> <span class='ocrx_word' id='word_1_118' title='bbox 1535 2715 1643 2754; x_wconf 87' lang='lat' dir='ltr'>nee</span> <span class='ocrx_word' id='word_1_119' title='bbox 1696 2697 1746 2754; x_wconf 89' lang='lat' dir='ltr'>ei</span> 
     </span>
     <span class='ocr_line' id='line_1_25' title="bbox 677 2795 1747 2873; baseline -0.003 -20"><span class='ocrx_word' id='word_1_120' title='bbox 677 2797 930 2873; x_wconf 84' lang='lat' dir='ltr'>pepercit</span> <span class='ocrx_word' id='word_1_121' title='bbox 970 2796 1131 2854; x_wconf 81' lang='lat' dir='ltr'>Deus</span> <span class='ocrx_word' id='word_1_122' title='bbox 1159 2799 1278 2854; x_wconf 91' lang='grc'>280</span> <span class='ocrx_word' id='word_1_123' title='bbox 1302 2816 1335 2853; x_wconf 91' lang='lat' dir='ltr'>a</span> <span class='ocrx_word' id='word_1_124' title='bbox 1355 2796 1393 2853; x_wconf 94' lang='lat' dir='ltr'>b</span> <span class='ocrx_word' id='word_1_125' title='bbox 1458 2795 1747 2862; x_wconf 85' lang='lat' dir='ltr'>diaconus,</span> 
     </span>
     <span class='ocr_line' id='line_1_26' title="bbox 676 2893 1749 2970; baseline -0.003 -18"><span class='ocrx_word' id='word_1_126' title='bbox 676 2896 969 2970; x_wconf 86' lang='lat' dir='ltr'>signorum</span> <span class='ocrx_word' id='word_1_127' title='bbox 1009 2914 1123 2952; x_wconf 88' lang='lat' dir='ltr'>non</span> <span class='ocrx_word' id='word_1_128' title='bbox 1152 2894 1334 2952; x_wconf 84' lang='lat' dir='ltr'>factor</span> <span class='ocrx_word' id='word_1_129' title='bbox 1362 2894 1462 2952; x_wconf 89' lang='lat' dir='ltr'>sed</span> <span class='ocrx_word' id='word_1_130' title='bbox 1492 2893 1749 2950; x_wconf 80' lang='lat' dir='ltr'>minister</span> 
     </span>
     <span class='ocr_line' id='line_1_27' title="bbox 682 2997 1150 3060; baseline 0 -10"><span class='ocrx_word' id='word_1_131' title='bbox 682 2997 796 3052; x_wconf 93' lang='grc'>311</span> <span class='ocrx_word' id='word_1_132' title='bbox 821 3013 853 3051; x_wconf 90' lang='lat' dir='ltr'>a</span> <span class='ocrx_word' id='word_1_133' title='bbox 876 3013 927 3060; x_wconf 90' lang='lat' dir='ltr'>e,</span> <span class='ocrx_word' id='word_1_134' title='bbox 960 2998 1077 3052; x_wconf 90' lang='grc'>320</span> <span class='ocrx_word' id='word_1_135' title='bbox 1102 3013 1150 3051; x_wconf 90' lang='lat' dir='ltr'>a.</span> 
     </span>
    </p>

    <p class='ocr_par' dir='ltr' id='par_1_10' title="bbox 595 3088 1621 3148">
     <span class='ocr_line' id='line_1_28' title="bbox 595 3088 1621 3148; baseline 0 -2"><span class='ocrx_word' id='word_1_136' title='bbox 595 3088 902 3148; x_wconf 87' lang='lat' dir='ltr'>Mulierum</span> <span class='ocrx_word' id='word_1_137' title='bbox 934 3110 1094 3148; x_wconf 83' lang='lat' dir='ltr'>mens</span> <span class='ocrx_word' id='word_1_138' title='bbox 1122 3091 1398 3148; x_wconf 88' lang='lat' dir='ltr'>infirmior</span> <span class='ocrx_word' id='word_1_139' title='bbox 1430 3093 1545 3148; x_wconf 89' lang='grc'>183</span> <span class='ocrx_word' id='word_1_140' title='bbox 1567 3089 1621 3147; x_wconf 88' lang='lat' dir='ltr'>b.</span> 
     </span>
    </p>

    <p class='ocr_par' dir='ltr' id='par_1_11' title="bbox 595 3186 1746 3365">
     <span class='ocr_line' id='line_1_29' title="bbox 595 3186 1746 3246; baseline 0 0"><span class='ocrx_word' id='word_1_141' title='bbox 595 3186 809 3246; x_wconf 87' lang='lat' dir='ltr'>Mulier</span> <span class='ocrx_word' id='word_1_142' title='bbox 872 3188 1245 3246; x_wconf 83' lang='lat' dir='ltr'>reverentiam</span> <span class='ocrx_word' id='word_1_143' title='bbox 1317 3188 1485 3246; x_wconf 91' lang='lat' dir='ltr'>debet</span> <span class='ocrx_word' id='word_1_144' title='bbox 1543 3186 1609 3244; x_wconf 92' lang='lat' dir='ltr'><strong>M</strong></span> <span class='ocrx_word' id='word_1_145' title='bbox 1669 3190 1746 3246; x_wconf 89' lang='lat'>62</span> 
     </span>
     <span class='ocr_line' id='line_1_30' title="bbox 681 3282 1385 3365; baseline -0.001 -22"><span class='ocrx_word' id='word_1_146' title='bbox 681 3284 765 3363; x_wconf 81' lang='lat' dir='ltr'>[p.</span> <span class='ocrx_word' id='word_1_147' title='bbox 799 3282 966 3365; x_wconf 84' lang='lat'><strong>281].</strong></span> <span class='ocrx_word' id='word_1_148' title='bbox 1000 3291 1077 3345; x_wconf 85' lang='lat'>63</span> <span class='ocrx_word' id='word_1_149' title='bbox 1113 3287 1193 3362; x_wconf 88' lang='lat' dir='ltr'>[p.</span> <span class='ocrx_word' id='word_1_150' title='bbox 1223 3288 1385 3361; x_wconf 85' lang='lat'><strong>283]-</strong></span> 
     </span>
    </p>

    <p class='ocr_par' dir='ltr' id='par_1_12' title="bbox 596 3381 1751 3542">
     <span class='ocr_line' id='line_1_31' title="bbox 596 3381 1751 3460; baseline 0.001 -20"><span class='ocrx_word' id='word_1_151' title='bbox 596 3381 843 3442; x_wconf 84' lang='lat' dir='ltr'>Muliere</span> <span class='ocrx_word' id='word_1_152' title='bbox 879 3394 937 3442; x_wconf 88' lang='lat' dir='ltr'>et</span> <span class='ocrx_word' id='word_1_153' title='bbox 967 3385 1086 3442; x_wconf 89' lang='lat' dir='ltr'>viro</span> <span class='ocrx_word' id='word_1_154' title='bbox 1125 3403 1267 3460; x_wconf 89' lang='lat' dir='ltr'>opus</span> <span class='ocrx_word' id='word_1_155' title='bbox 1301 3392 1403 3455; x_wconf 87' lang='lat' dir='ltr'>est,</span> <span class='ocrx_word' id='word_1_156' title='bbox 1435 3392 1678 3460; x_wconf 86' lang='lat' dir='ltr'>utroque</span> <span class='ocrx_word' id='word_1_157' title='bbox 1716 3404 1751 3441; x_wconf 89' lang='lat' dir='ltr'>a</span> 
     </span>
     <span class='ocr_line' id='line_1_32' title="bbox 676 3480 1375 3542; baseline 0.001 -4"><span class='ocrx_word' id='word_1_158' title='bbox 676 3480 803 3539; x_wconf 80' lang='lat' dir='ltr'>Deo</span> <span class='ocrx_word' id='word_1_159' title='bbox 831 3490 1021 3540; x_wconf 85' lang='lat' dir='ltr'>creato</span> <span class='ocrx_word' id='word_1_160' title='bbox 1049 3482 1117 3541; x_wconf 88' lang='lat' dir='ltr'>M</span> <span class='ocrx_word' id='word_1_161' title='bbox 1148 3486 1224 3542; x_wconf 86' lang='lat'>64</span> <span class='ocrx_word' id='word_1_162' title='bbox 1255 3483 1375 3540; x_wconf 89' lang='lat' dir='ltr'>init.</span> 
     </span>
    </p>

    <p class='ocr_par' dir='ltr' id='par_1_13' title="bbox 596 3579 1749 3657">
     <span class='ocr_line' id='line_1_33' title="bbox 596 3579 1749 3657; baseline 0 -19"><span class='ocrx_word' id='word_1_163' title='bbox 596 3579 854 3638; x_wconf 85' lang='lat' dir='ltr'>Mundus</span> <span class='ocrx_word' id='word_1_164' title='bbox 914 3600 1081 3657; x_wconf 84' lang='lat' dir='ltr'>saepe</span> <span class='ocrx_word' id='word_1_165' title='bbox 1137 3582 1426 3639; x_wconf 86' lang='lat' dir='ltr'>mundana</span> <span class='ocrx_word' id='word_1_166' title='bbox 1484 3589 1749 3657; x_wconf 88' lang='lat' dir='ltr'>sapentes</span> 
     </span>
    </p>
   </div>
   <div class='ocr_carea' id='block_1_3' title="bbox 680 3678 1749 3834">
    <p class='ocr_par' dir='ltr' id='par_1_14' title="bbox 680 3678 1749 3834">
     <span class='ocr_line' id='line_1_34' title="bbox 681 3678 1749 3756; baseline 0.002 -22"><span class='ocrx_word' id='word_1_167' title='bbox 681 3680 798 3735; x_wconf 90' lang='grc'>829</span> <span class='ocrx_word' id='word_1_168' title='bbox 821 3678 859 3734; x_wconf 90' lang='lat' dir='ltr'>d</span> <span class='ocrx_word' id='word_1_169' title='bbox 929 3678 1135 3754; x_wconf 91' lang='lat' dir='ltr'>duplici</span> <span class='ocrx_word' id='word_1_170' title='bbox 1185 3699 1355 3737; x_wconf 85' lang='lat' dir='ltr'>sensu</span> <span class='ocrx_word' id='word_1_171' title='bbox 1411 3680 1749 3756; x_wconf 87' lang='lat' dir='ltr'>intelligitur</span> 
     </span>
     <span class='ocr_line' id='line_1_35' title="bbox 680 3775 929 3834; baseline 0.008 -3"><span class='ocrx_word' id='word_1_172' title='bbox 680 3776 792 3831; x_wconf 88' lang='grc'>921</span> <span class='ocrx_word' id='word_1_173' title='bbox 819 3775 856 3832; x_wconf 92' lang='lat' dir='ltr'>d</span> <span class='ocrx_word' id='word_1_174' title='bbox 877 3793 929 3834; x_wconf 90' lang='lat' dir='ltr'>e.</span> 
     </span>
    </p>
   </div>
   <div class='ocr_carea' id='block_1_4' title="bbox 1145 3941 1204 3999">
    <p class='ocr_par' dir='ltr' id='par_1_15' title="bbox 1145 3941 1204 3999">
     <span class='ocr_line' id='line_1_36' title="bbox 1145 3941 1204 3999; baseline 0 0"><span class='ocrx_word' id='word_1_175' title='bbox 1145 3941 1204 3999; x_wconf 91' lang='lat' dir='ltr'>N</span> 
     </span>
    </p>
   </div>
   <div class='ocr_carea' id='block_1_5' title="bbox 590 4052 1747 4605">
    <p class='ocr_par' dir='ltr' id='par_1_16' title="bbox 594 4052 1747 4227">
     <span class='ocr_line' id='line_1_37' title="bbox 594 4052 1747 4134; baseline 0.004 -24"><span class='ocrx_word' id='word_1_176' title='bbox 594 4052 653 4110; x_wconf 91' lang='lat' dir='ltr'>N</span> <span class='ocrx_word' id='word_1_177' title='bbox 657 4070 931 4111; x_wconf 65' lang='lat' dir='ltr'>maurus</span> <span class='ocrx_word' id='word_1_178' title='bbox 974 4053 1159 4113; x_wconf 90' lang='lat' dir='ltr'>Deum</span> <span class='ocrx_word' id='word_1_179' title='bbox 1202 4055 1406 4134; x_wconf 78' lang='lat' dir='ltr'>Filium</span> <span class='ocrx_word' id='word_1_180' title='bbox 1449 4056 1747 4132; x_wconf 86' lang='lat' dir='ltr'>gehennae</span> 
     </span>
     <span class='ocr_line' id='line_1_38' title="bbox 674 4153 1548 4227; baseline 0.006 -19"><span class='ocrx_word' id='word_1_181' title='bbox 674 4153 870 4227; x_wconf 86' lang='lat' dir='ltr'>ignem</span> <span class='ocrx_word' id='word_1_182' title='bbox 898 4153 956 4210; x_wconf 90' lang='lat' dir='ltr'>in</span> <span class='ocrx_word' id='word_1_183' title='bbox 989 4172 1049 4210; x_wconf 87' lang='lat' dir='ltr'>se</span> <span class='ocrx_word' id='word_1_184' title='bbox 1077 4161 1371 4211; x_wconf 86' lang='lat' dir='ltr'>arcessunt</span> <span class='ocrx_word' id='word_1_185' title='bbox 1401 4158 1476 4213; x_wconf 91' lang='grc'>27</span> <span class='ocrx_word' id='word_1_186' title='bbox 1500 4172 1548 4212; x_wconf 84' lang='lat' dir='ltr'>e.</span> 
     </span>
    </p>

    <p class='ocr_par' dir='ltr' id='par_1_17' title="bbox 595 4248 1746 4405">
     <span class='ocr_line' id='line_1_39' title="bbox 595 4248 1746 4331; baseline 0.003 -25"><span class='ocrx_word' id='word_1_187' title='bbox 595 4248 895 4324; x_wconf 76' lang='lat' dir='ltr'>Negamus</span> <span class='ocrx_word' id='word_1_188' title='bbox 992 4252 1375 4327; x_wconf 86' lang='lat' dir='ltr'>nosmetipsos</span> <span class='ocrx_word' id='word_1_189' title='bbox 1453 4253 1746 4331; x_wconf 41' lang='lat' dir='ltr'>‚quomodo</span> 
     </span>
     <span class='ocr_line' id='line_1_40' title="bbox 678 4350 903 4405; baseline 0.004 -1"><span class='ocrx_word' id='word_1_190' title='bbox 678 4350 833 4405; x_wconf 89' lang='lat'>1005</span> <span class='ocrx_word' id='word_1_191' title='bbox 853 4367 903 4405; x_wconf 91' lang='lat' dir='ltr'>a.</span> 
     </span>
    </p>

    <p class='ocr_par' dir='ltr' id='par_1_18' title="bbox 591 4444 1687 4526">
     <span class='ocr_line' id='line_1_41' title="bbox 591 4444 1687 4526; baseline 0.007 -25"><span class='ocrx_word' id='word_1_192' title='bbox 591 4444 999 4521; x_wconf 88' lang='lat' dir='ltr'>Negligentiae</span> <span class='ocrx_word' id='word_1_193' title='bbox 1026 4446 1244 4504; x_wconf 87' lang='lat' dir='ltr'>fructus</span> <span class='ocrx_word' id='word_1_194' title='bbox 1271 4448 1419 4526; x_wconf 84' lang='lat' dir='ltr'>ignis</span> <span class='ocrx_word' id='word_1_195' title='bbox 1446 4448 1519 4505; x_wconf 86' lang='lat' dir='ltr'>iii.</span> <span class='ocrx_word' id='word_1_196' title='bbox 1552 4453 1687 4510; x_wconf 84' lang='lat'>406.</span> 
     </span>
    </p>

    <p class='ocr_par' dir='ltr' id='par_1_19' title="bbox 590 4540 1476 4605">
     <span class='ocr_line' id='line_1_42' title="bbox 590 4540 1476 4605; baseline 0.008 -9"><span class='ocrx_word' id='word_1_197' title='bbox 590 4540 919 4599; x_wconf 85' lang='lat' dir='ltr'>Nestoriani</span> <span class='ocrx_word' id='word_1_198' title='bbox 949 4544 1262 4602; x_wconf 89' lang='lat' dir='ltr'>innuuntur</span> <span class='ocrx_word' id='word_1_199' title='bbox 1291 4550 1408 4605; x_wconf 86' lang='lat'>394</span> <span class='ocrx_word' id='word_1_200' title='bbox 1428 4566 1476 4604; x_wconf 90' lang='lat' dir='ltr'>a.</span> 
     </span>
    </p>
   </div>
   <div class='ocr_carea' id='block_1_6' title="bbox 1411 352 2195 416">
    <p class='ocr_par' dir='ltr' id='par_1_20' title="bbox 1411 352 2195 416">
     <span class='ocr_line' id='line_1_43' title="bbox 1411 352 2195 416; baseline 0.006 -5"><span class='ocrx_word' id='word_1_201' title='bbox 1411 352 1736 412; x_wconf 84' lang='lat' dir='ltr'>INDEX</span> <span class='ocrx_word' id='word_1_202' title='bbox 1828 354 2195 416; x_wconf 74' lang='lat' dir='ltr'>RERUM,</span> 
     </span>
    </p>
   </div>
   <div class='ocr_carea' id='block_1_7' title="bbox 2858 376 3017 415">
    <p class='ocr_par' dir='ltr' id='par_1_21' title="bbox 2858 376 3017 415">
     <span class='ocr_line' id='line_1_44' title="bbox 2858 376 3017 415; baseline 0 -1"><span class='ocrx_word' id='word_1_203' title='bbox 2858 376 3017 415; x_wconf 64' lang='grc'>1018</span> 
     </span>
    </p>
   </div>
   <div class='ocr_carea' id='block_1_8' title="bbox 1850 538 3047 4144">
    <p class='ocr_par' dir='ltr' id='par_1_22' title="bbox 1858 538 2602 607">
     <span class='ocr_line' id='line_1_45' title="bbox 1858 538 2602 607; baseline 0.008 -14"><span class='ocrx_word' id='word_1_204' title='bbox 1858 538 2163 597; x_wconf 71' lang='lat' dir='ltr'>Nestorius</span> <span class='ocrx_word' id='word_1_205' title='bbox 2187 541 2262 597; x_wconf 84' lang='lat' dir='ltr'>iii.</span> <span class='ocrx_word' id='word_1_206' title='bbox 2296 544 2432 607; x_wconf 81' lang='lat'>535,</span> <span class='ocrx_word' id='word_1_207' title='bbox 2462 544 2602 599; x_wconf 85' lang='grc'>568.</span> 
     </span>
    </p>

    <p class='ocr_par' dir='ltr' id='par_1_23' title="bbox 1856 635 3018 892">
     <span class='ocr_line' id='line_1_46' title="bbox 1856 635 3017 714; baseline 0.009 -22"><span class='ocrx_word' id='word_1_208' title='bbox 1856 635 2175 695; x_wconf 84' lang='lat' dir='ltr'>Nicaennm</span> <span class='ocrx_word' id='word_1_209' title='bbox 2198 638 2533 714; x_wconf 83' lang='lat' dir='ltr'>Symbolum</span> <span class='ocrx_word' id='word_1_210' title='bbox 2556 640 2771 696; x_wconf 82' lang='lat' dir='ltr'>citatur</span> <span class='ocrx_word' id='word_1_211' title='bbox 2788 638 2868 695; x_wconf 81' lang='lat' dir='ltr'>iii.</span> <span class='ocrx_word' id='word_1_212' title='bbox 2882 640 3017 703; x_wconf 82' lang='lat'>468,</span> 
     </span>
     <span class='ocr_line' id='line_1_47' title="bbox 1938 735 3018 795; baseline 0.002 -3"><span class='ocrx_word' id='word_1_213' title='bbox 1938 738 2057 793; x_wconf 77' lang='lat'>514</span> <span class='ocrx_word' id='word_1_214' title='bbox 2113 735 2433 795; x_wconf 84' lang='lat' dir='ltr'>Concilium</span> <span class='ocrx_word' id='word_1_215' title='bbox 2452 737 2719 794; x_wconf 76' lang='lat' dir='ltr'>laudatur</span> <span class='ocrx_word' id='word_1_216' title='bbox 2745 757 2782 793; x_wconf 86' lang='lat' dir='ltr'>a</span> <span class='ocrx_word' id='word_1_217' title='bbox 2801 736 3018 795; x_wconf 77' lang='lat' dir='ltr'>Severo</span> 
     </span>
     <span class='ocr_line' id='line_1_48' title="bbox 1935 833 2179 892; baseline 0.004 -3"><span class='ocrx_word' id='word_1_218' title='bbox 1935 833 2009 889; x_wconf 86' lang='lat' dir='ltr'>iii.</span> <span class='ocrx_word' id='word_1_219' title='bbox 2041 837 2179 892; x_wconf 78' lang='grc'>514.</span> 
     </span>
    </p>

    <p class='ocr_par' dir='ltr' id='par_1_24' title="bbox 1854 930 2651 999">
     <span class='ocr_line' id='line_1_49' title="bbox 1854 930 2651 999; baseline 0.005 -14"><span class='ocrx_word' id='word_1_220' title='bbox 1854 930 2216 989; x_wconf 82' lang='lat' dir='ltr'>Nicodemus</span> <span class='ocrx_word' id='word_1_221' title='bbox 2245 934 2358 991; x_wconf 90' lang='grc'>481</span> <span class='ocrx_word' id='word_1_222' title='bbox 2383 952 2433 999; x_wconf 82' lang='grc' dir='ltr'>ε,</span> <span class='ocrx_word' id='word_1_223' title='bbox 2464 937 2581 993; x_wconf 85' lang='grc'>482</span> <span class='ocrx_word' id='word_1_224' title='bbox 2600 954 2651 991; x_wconf 90' lang='lat' dir='ltr'>c.</span> 
     </span>
    </p>

    <p class='ocr_par' dir='ltr' id='par_1_25' title="bbox 1853 1028 3047 1184">
     <span class='ocr_line' id='line_1_50' title="bbox 1853 1028 3015 1111; baseline 0.005 -27"><span class='ocrx_word' id='word_1_225' title='bbox 1853 1028 2083 1086; x_wconf 88' lang='lat' dir='ltr'>Nomen</span> <span class='ocrx_word' id='word_1_226' title='bbox 2126 1048 2162 1087; x_wconf 81' lang='lat' dir='ltr'>a</span> <span class='ocrx_word' id='word_1_227' title='bbox 2188 1030 2315 1088; x_wconf 84' lang='lat' dir='ltr'>Deo</span> <span class='ocrx_word' id='word_1_228' title='bbox 2347 1031 2562 1098; x_wconf 81' lang='lat' dir='ltr'>datum,</span> <span class='ocrx_word' id='word_1_229' title='bbox 2590 1032 2781 1089; x_wconf 88' lang='lat' dir='ltr'>honor</span> <span class='ocrx_word' id='word_1_230' title='bbox 2810 1033 3015 1111; x_wconf 85' lang='lat' dir='ltr'>ingens</span> 
     </span>
     <span class='ocr_line' id='line_1_51' title="bbox 1938 1128 3047 1184; baseline 0.001 0"><span class='ocrx_word' id='word_1_231' title='bbox 1938 1129 2017 1184; x_wconf 84' lang='lat'>62</span> <span class='ocrx_word' id='word_1_232' title='bbox 2040 1128 2096 1183; x_wconf 83' lang='lat' dir='ltr'>d.</span> <span class='ocrx_word' id='word_1_233' title='bbox 3036 1138 3047 1147; x_wconf 87' lang='grc'><em>·</em></span> 
     </span>
    </p>

    <p class='ocr_par' dir='ltr' id='par_1_26' title="bbox 1852 1224 3013 1400">
     <span class='ocr_line' id='line_1_52' title="bbox 1852 1224 3013 1303; baseline 0.003 -22"><span class='ocrx_word' id='word_1_234' title='bbox 1852 1224 2085 1282; x_wconf 87' lang='lat' dir='ltr'>Nomen</span> <span class='ocrx_word' id='word_1_235' title='bbox 2112 1244 2282 1302; x_wconf 85' lang='lat' dir='ltr'>saepe</span> <span class='ocrx_word' id='word_1_236' title='bbox 2308 1246 2413 1302; x_wconf 90' lang='lat' dir='ltr'>pro</span> <span class='ocrx_word' id='word_1_237' title='bbox 2440 1228 2624 1303; x_wconf 82' lang='lat' dir='ltr'>gloria</span> <span class='ocrx_word' id='word_1_238' title='bbox 2644 1227 2864 1284; x_wconf 90' lang='lat' dir='ltr'>dictum</span> <span class='ocrx_word' id='word_1_239' title='bbox 2892 1231 3013 1286; x_wconf 88' lang='grc'>960</span> 
     </span>
     <span class='ocr_line' id='line_1_53' title="bbox 1935 1323 2894 1400; baseline 0.003 -19"><span class='ocrx_word' id='word_1_240' title='bbox 1935 1323 2039 1391; x_wconf 82' lang='lat' dir='ltr'>cd.</span> <span class='ocrx_word' id='word_1_241' title='bbox 2071 1327 2191 1382; x_wconf 88' lang='grc'>974</span> <span class='ocrx_word' id='word_1_242' title='bbox 2217 1344 2251 1381; x_wconf 82' lang='lat' dir='ltr'>a</span> <span class='ocrx_word' id='word_1_243' title='bbox 2306 1344 2413 1400; x_wconf 89' lang='lat' dir='ltr'>pro</span> <span class='ocrx_word' id='word_1_244' title='bbox 2441 1325 2671 1383; x_wconf 74' lang='lat' dir='ltr'>Deitute</span> <span class='ocrx_word' id='word_1_245' title='bbox 2701 1330 2820 1384; x_wconf 89' lang='grc'>971</span> <span class='ocrx_word' id='word_1_246' title='bbox 2844 1346 2894 1383; x_wconf 89' lang='lat' dir='ltr'>c.</span> 
     </span>
    </p>

    <p class='ocr_par' dir='ltr' id='par_1_27' title="bbox 1853 1421 3011 1679">
     <span class='ocr_line' id='line_1_54' title="bbox 1853 1421 3011 1498; baseline 0.003 -21"><span class='ocrx_word' id='word_1_247' title='bbox 1853 1430 1889 1454; x_wconf 82' lang='lat'>‘⁴</span> <span class='ocrx_word' id='word_1_248' title='bbox 1907 1421 2040 1477; x_wconf 90' lang='lat' dir='ltr'>Non</span> <span class='ocrx_word' id='word_1_249' title='bbox 2076 1422 2367 1497; x_wconf 46' lang='lat' dir='ltr'>possum?</span> <span class='ocrx_word' id='word_1_250' title='bbox 2395 1442 2512 1480; x_wconf 89' lang='lat' dir='ltr'>non</span> <span class='ocrx_word' id='word_1_251' title='bbox 2552 1442 2779 1498; x_wconf 88' lang='lat' dir='ltr'>semper</span> <span class='ocrx_word' id='word_1_252' title='bbox 2806 1423 2881 1480; x_wconf 91' lang='lat' dir='ltr'>de</span> <span class='ocrx_word' id='word_1_253' title='bbox 2907 1423 3011 1480; x_wconf 86' lang='lat' dir='ltr'>im·</span> 
     </span>
     <span class='ocr_line' id='line_1_55' title="bbox 1932 1520 3010 1594; baseline 0.003 -18"><span class='ocrx_word' id='word_1_254' title='bbox 1932 1520 2188 1594; x_wconf 81' lang='lat' dir='ltr'>potentia</span> <span class='ocrx_word' id='word_1_255' title='bbox 2230 1520 2436 1577; x_wconf 86' lang='lat' dir='ltr'>dicitur</span> <span class='ocrx_word' id='word_1_256' title='bbox 2474 1521 2573 1578; x_wconf 84' lang='lat' dir='ltr'>sed</span> <span class='ocrx_word' id='word_1_257' title='bbox 2612 1521 2686 1578; x_wconf 88' lang='lat' dir='ltr'>de</span> <span class='ocrx_word' id='word_1_258' title='bbox 2728 1522 3010 1579; x_wconf 75' lang='lat' dir='ltr'>essentiae</span> 
     </span>
     <span class='ocr_line' id='line_1_56' title="bbox 1933 1617 2574 1679; baseline 0.006 -6"><span class='ocrx_word' id='word_1_259' title='bbox 1933 1617 2239 1675; x_wconf 78' lang='lat' dir='ltr'>stabilitate</span> <span class='ocrx_word' id='word_1_260' title='bbox 2267 1622 2386 1676; x_wconf 90' lang='grc'>220</span> <span class='ocrx_word' id='word_1_261' title='bbox 2409 1620 2447 1675; x_wconf 92' lang='lat' dir='ltr'>b</span> <span class='ocrx_word' id='word_1_262' title='bbox 2468 1637 2502 1675; x_wconf 83' lang='lat' dir='ltr'>c</span> <span class='ocrx_word' id='word_1_263' title='bbox 2518 1619 2574 1679; x_wconf 85' lang='lat' dir='ltr'>d.</span> 
     </span>
    </p>

    <p class='ocr_par' dir='ltr' id='par_1_28' title="bbox 1853 1715 3013 2195">
     <span class='ocr_line' id='line_1_57' title="bbox 1853 1715 3011 1791; baseline 0.003 -19"><span class='ocrx_word' id='word_1_264' title='bbox 1853 1715 2047 1772; x_wconf 90' lang='lat' dir='ltr'>“Non</span> <span class='ocrx_word' id='word_1_265' title='bbox 2118 1725 2309 1791; x_wconf 87' lang='lat' dir='ltr'>potest</span> <span class='ocrx_word' id='word_1_266' title='bbox 2364 1716 2538 1773; x_wconf 82' lang='lat' dir='ltr'>Filius</span> <span class='ocrx_word' id='word_1_267' title='bbox 2600 1736 2634 1774; x_wconf 87' lang='lat' dir='ltr'>a</span> <span class='ocrx_word' id='word_1_268' title='bbox 2684 1718 2759 1773; x_wconf 91' lang='lat' dir='ltr'>Se</span> <span class='ocrx_word' id='word_1_269' title='bbox 2823 1717 3011 1775; x_wconf 81' lang='lat' dir='ltr'>facere</span> 
     </span>
     <span class='ocr_line' id='line_1_58' title="bbox 1933 1813 3009 1889; baseline 0.003 -19"><span class='ocrx_word' id='word_1_270' title='bbox 1933 1813 2271 1889; x_wconf 85' lang='lat' dir='ltr'>quicquam”</span> <span class='ocrx_word' id='word_1_271' title='bbox 2294 1822 2355 1872; x_wconf 93' lang='lat' dir='ltr'>et</span> <span class='ocrx_word' id='word_1_272' title='bbox 2375 1815 2447 1872; x_wconf 89' lang='lat' dir='ltr'>de</span> <span class='ocrx_word' id='word_1_273' title='bbox 2466 1815 2868 1872; x_wconf 84' lang='lat' dir='ltr'>lucarnatione</span> <span class='ocrx_word' id='word_1_274' title='bbox 2892 1819 3009 1873; x_wconf 85' lang='grc'>220</span> 
     </span>
     <span class='ocr_line' id='line_1_59' title="bbox 1933 1911 3013 1979; baseline 0.001 -10"><span class='ocrx_word' id='word_1_275' title='bbox 1933 1930 1984 1977; x_wconf 81' lang='lat' dir='ltr'>a,</span> <span class='ocrx_word' id='word_1_276' title='bbox 2014 1914 2134 1970; x_wconf 86' lang='grc'>240</span> <span class='ocrx_word' id='word_1_277' title='bbox 2154 1911 2261 1979; x_wconf 88' lang='lat' dir='ltr'>be,</span> <span class='ocrx_word' id='word_1_278' title='bbox 2289 1921 2349 1970; x_wconf 90' lang='lat' dir='ltr'>et</span> <span class='ocrx_word' id='word_1_279' title='bbox 2382 1912 2453 1970; x_wconf 90' lang='lat' dir='ltr'>de</span> <span class='ocrx_word' id='word_1_280' title='bbox 2496 1913 2759 1970; x_wconf 81' lang='lat' dir='ltr'>Essentia</span> <span class='ocrx_word' id='word_1_281' title='bbox 2801 1912 3013 1970; x_wconf 81' lang='lat' dir='ltr'>Divina</span> 
     </span>
     <span class='ocr_line' id='line_1_60' title="bbox 1933 2010 3006 2087; baseline 0 -20"><span class='ocrx_word' id='word_1_282' title='bbox 1933 2010 2405 2068; x_wconf 79' lang='lat' dir='ltr'>consubstantiali</span> <span class='ocrx_word' id='word_1_283' title='bbox 2434 2010 2776 2087; x_wconf 83' lang='lat' dir='ltr'>intelligitur</span> <span class='ocrx_word' id='word_1_284' title='bbox 2805 2015 2928 2070; x_wconf 83' lang='grc'>220</span> <span class='ocrx_word' id='word_1_285' title='bbox 2949 2010 3006 2078; x_wconf 92' lang='lat' dir='ltr'>b,</span> 
     </span>
     <span class='ocr_line' id='line_1_61' title="bbox 1935 2109 3007 2195; baseline 0 -29"><span class='ocrx_word' id='word_1_286' title='bbox 1935 2111 2048 2166; x_wconf 88' lang='grc'>221</span> <span class='ocrx_word' id='word_1_287' title='bbox 2072 2128 2125 2173; x_wconf 81' lang='lat' dir='ltr'>a,</span> <span class='ocrx_word' id='word_1_288' title='bbox 2157 2111 2276 2166; x_wconf 84' lang='lat'>239</span> <span class='ocrx_word' id='word_1_289' title='bbox 2299 2109 2355 2175; x_wconf 88' lang='lat' dir='ltr'>d,</span> <span class='ocrx_word' id='word_1_290' title='bbox 2388 2113 2508 2167; x_wconf 90' lang='grc'>240</span> <span class='ocrx_word' id='word_1_291' title='bbox 2528 2127 2578 2165; x_wconf 89' lang='lat' dir='ltr'>a.</span> <span class='ocrx_word' id='word_1_292' title='bbox 2984 2186 3007 2195; x_wconf 77' lang='lat'>-</span> 
     </span>
    </p>

    <p class='ocr_par' dir='ltr' id='par_1_29' title="bbox 1853 2206 3005 2362">
     <span class='ocr_line' id='line_1_62' title="bbox 1853 2206 3005 2285; baseline 0.002 -23"><span class='ocrx_word' id='word_1_293' title='bbox 1853 2206 2073 2263; x_wconf 87' lang='lat' dir='ltr'>Nostra</span> <span class='ocrx_word' id='word_1_294' title='bbox 2112 2224 2308 2264; x_wconf 90' lang='lat' dir='ltr'>eorum</span> <span class='ocrx_word' id='word_1_295' title='bbox 2354 2225 2499 2282; x_wconf 81' lang='lat' dir='ltr'>quae</span> <span class='ocrx_word' id='word_1_296' title='bbox 2535 2225 2707 2283; x_wconf 80' lang='lat' dir='ltr'>super</span> <span class='ocrx_word' id='word_1_297' title='bbox 2731 2226 2843 2265; x_wconf 85' lang='lat' dir='ltr'>nos</span> <span class='ocrx_word' id='word_1_298' title='bbox 2884 2208 3005 2285; x_wconf 81' lang='lat' dir='ltr'>typi</span> 
     </span>
     <span class='ocr_line' id='line_1_63' title="bbox 1939 2303 2184 2362; baseline -0.004 0"><span class='ocrx_word' id='word_1_299' title='bbox 1939 2309 2053 2362; x_wconf 91' lang='grc'>107</span> <span class='ocrx_word' id='word_1_300' title='bbox 2076 2303 2116 2362; x_wconf 91' lang='lat' dir='ltr'>b</span> <span class='ocrx_word' id='word_1_301' title='bbox 2136 2323 2184 2361; x_wconf 88' lang='lat' dir='ltr'>c.</span> 
     </span>
    </p>

    <p class='ocr_par' dir='ltr' id='par_1_30' title="bbox 1855 2402 3009 2665">
     <span class='ocr_line' id='line_1_64' title="bbox 1855 2402 3006 2477; baseline 0.001 -18"><span class='ocrx_word' id='word_1_302' title='bbox 1855 2402 2011 2467; x_wconf 84' lang='lat' dir='ltr'>Nox.</span> <span class='ocrx_word' id='word_1_303' title='bbox 2060 2403 2178 2459; x_wconf 80' lang='lat' dir='ltr'>vita</span> <span class='ocrx_word' id='word_1_304' title='bbox 2223 2421 2512 2477; x_wconf 85' lang='lat' dir='ltr'>praesens,</span> <span class='ocrx_word' id='word_1_305' title='bbox 2562 2403 2661 2460; x_wconf 82' lang='lat' dir='ltr'>lux</span> <span class='ocrx_word' id='word_1_306' title='bbox 2708 2403 2829 2460; x_wconf 78' lang='lat' dir='ltr'>vita</span> <span class='ocrx_word' id='word_1_307' title='bbox 2871 2423 3006 2461; x_wconf 83' lang='lat' dir='ltr'>ven-</span> 
     </span>
     <span class='ocr_line' id='line_1_65' title="bbox 1932 2499 3009 2575; baseline 0.001 -18"><span class='ocrx_word' id='word_1_308' title='bbox 1932 2508 2059 2557; x_wconf 86' lang='lat' dir='ltr'>tura</span> <span class='ocrx_word' id='word_1_309' title='bbox 2090 2502 2204 2558; x_wconf 90' lang='lat'>251</span> <span class='ocrx_word' id='word_1_310' title='bbox 2231 2499 2269 2556; x_wconf 94' lang='lat' dir='ltr'>b</span> <span class='ocrx_word' id='word_1_311' title='bbox 2337 2509 2596 2575; x_wconf 86' lang='lat' dir='ltr'>tempora</span> <span class='ocrx_word' id='word_1_312' title='bbox 2626 2510 2763 2557; x_wconf 90' lang='lat' dir='ltr'>ante</span> <span class='ocrx_word' id='word_1_313' title='bbox 2793 2501 3009 2558; x_wconf 84' lang='lat' dir='ltr'>Christi</span> 
     </span>
     <span class='ocr_line' id='line_1_66' title="bbox 1933 2598 2655 2665; baseline 0.001 -9"><span class='ocrx_word' id='word_1_314' title='bbox 1933 2598 2236 2656; x_wconf 80' lang='lat' dir='ltr'>adventum</span> <span class='ocrx_word' id='word_1_315' title='bbox 2271 2602 2447 2665; x_wconf 87' lang='lat'><strong>1114,</strong></span> <span class='ocrx_word' id='word_1_316' title='bbox 2484 2601 2655 2657; x_wconf 82' lang='lat'><strong>1115.</strong></span> 
     </span>
    </p>

    <p class='ocr_par' dir='ltr' id='par_1_31' title="bbox 1851 2695 3007 2974">
     <span class='ocr_line' id='line_1_67' title="bbox 1851 2695 3005 2773; baseline 0.001 -20"><span class='ocrx_word' id='word_1_317' title='bbox 1851 2695 2045 2753; x_wconf 84' lang='lat' dir='ltr'>Nocte</span> <span class='ocrx_word' id='word_1_318' title='bbox 2111 2695 2429 2754; x_wconf 85' lang='lat' dir='ltr'>lucentibus</span> <span class='ocrx_word' id='word_1_319' title='bbox 2498 2697 2635 2754; x_wconf 86' lang='lat' dir='ltr'>luna</span> <span class='ocrx_word' id='word_1_320' title='bbox 2703 2697 3005 2773; x_wconf 83' lang='lat' dir='ltr'>astrisque,</span> 
     </span>
     <span class='ocr_line' id='line_1_68' title="bbox 1932 2795 3007 2868; baseline -0.001 -16"><span class='ocrx_word' id='word_1_321' title='bbox 1932 2795 2226 2853; x_wconf 88' lang='lat' dir='ltr'>confertur</span> <span class='ocrx_word' id='word_1_322' title='bbox 2293 2795 2436 2861; x_wconf 80' lang='lat' dir='ltr'>Lex,</span> <span class='ocrx_word' id='word_1_323' title='bbox 2504 2795 2609 2852; x_wconf 83' lang='lat' dir='ltr'>soli</span> <span class='ocrx_word' id='word_1_324' title='bbox 2676 2795 3007 2868; x_wconf 70' lang='lat' dir='ltr'>lucescenfi,</span> 
     </span>
     <span class='ocr_line' id='line_1_69' title="bbox 1931 2889 3007 2974; baseline 0 -24"><span class='ocrx_word' id='word_1_325' title='bbox 1931 2893 2145 2950; x_wconf 88' lang='lat' dir='ltr'>Christi</span> <span class='ocrx_word' id='word_1_326' title='bbox 2160 2892 2535 2968; x_wconf 77' lang='lat' dir='ltr'>Evangelium</span> <span class='ocrx_word' id='word_1_327' title='bbox 2560 2891 2629 2950; x_wconf 92' lang='lat' dir='ltr'>M</span> <span class='ocrx_word' id='word_1_328' title='bbox 2648 2896 2721 2951; x_wconf 93' lang='grc'>91</span> <span class='ocrx_word' id='word_1_329' title='bbox 2748 2889 3007 2974; x_wconf 77' lang='grc' dir='ltr'>[Ρ.335].</span> 
     </span>
    </p>

    <p class='ocr_par' dir='ltr' id='par_1_32' title="bbox 1850 2989 3003 3066">
     <span class='ocr_line' id='line_1_70' title="bbox 1850 2989 3003 3066; baseline 0.003 -19"><span class='ocrx_word' id='word_1_330' title='bbox 1850 2991 2119 3049; x_wconf 87' lang='lat' dir='ltr'>Nubibus</span> <span class='ocrx_word' id='word_1_331' title='bbox 2146 2991 2455 3066; x_wconf 86' lang='lat' dir='ltr'>comparati</span> <span class='ocrx_word' id='word_1_332' title='bbox 2476 2989 2800 3066; x_wconf 80' lang='lat' dir='ltr'>Prophetae</span> <span class='ocrx_word' id='word_1_333' title='bbox 2823 2996 2938 3051; x_wconf 88' lang='grc'>103</span> <span class='ocrx_word' id='word_1_334' title='bbox 2957 3012 3003 3050; x_wconf 82' lang='lat' dir='ltr'>a.</span> 
     </span>
    </p>

    <p class='ocr_par' dir='ltr' id='par_1_33' title="bbox 1852 3088 3003 3360">
     <span class='ocr_line' id='line_1_71' title="bbox 1852 3088 3003 3167; baseline 0.003 -22"><span class='ocrx_word' id='word_1_335' title='bbox 1852 3088 2172 3146; x_wconf 89' lang='lat' dir='ltr'>Numerum</span> <span class='ocrx_word' id='word_1_336' title='bbox 2199 3089 2451 3146; x_wconf 83' lang='lat' dir='ltr'>virorum</span> <span class='ocrx_word' id='word_1_337' title='bbox 2487 3089 2584 3146; x_wconf 85' lang='lat' dir='ltr'>dat</span> <span class='ocrx_word' id='word_1_338' title='bbox 2611 3088 3003 3167; x_wconf 78' lang='lat' dir='ltr'>Evangelista,</span> 
     </span>
     <span class='ocr_line' id='line_1_72' title="bbox 1934 3186 3003 3263; baseline 0.003 -20"><span class='ocrx_word' id='word_1_339' title='bbox 1934 3187 2228 3244; x_wconf 89' lang='lat' dir='ltr'>mulierum</span> <span class='ocrx_word' id='word_1_340' title='bbox 2270 3186 2692 3263; x_wconf 88' lang='lat' dir='ltr'>liberorumque</span> <span class='ocrx_word' id='word_1_341' title='bbox 2728 3207 2849 3245; x_wconf 85' lang='lat' dir='ltr'>non</span> <span class='ocrx_word' id='word_1_342' title='bbox 2888 3190 3003 3255; x_wconf 86' lang='lat' dir='ltr'>dat,</span> 
     </span>
     <span class='ocr_line' id='line_1_73' title="bbox 1933 3284 3000 3360; baseline 0.003 -19"><span class='ocrx_word' id='word_1_343' title='bbox 1933 3303 2149 3342; x_wconf 90' lang='lat' dir='ltr'>morem</span> <span class='ocrx_word' id='word_1_344' title='bbox 2176 3284 2421 3360; x_wconf 84' lang='lat' dir='ltr'>legalem</span> <span class='ocrx_word' id='word_1_345' title='bbox 2450 3303 2695 3360; x_wconf 85' lang='lat' dir='ltr'>sequens</span> <span class='ocrx_word' id='word_1_346' title='bbox 2719 3289 2836 3344; x_wconf 89' lang='grc'>281</span> <span class='ocrx_word' id='word_1_347' title='bbox 2851 3287 2891 3344; x_wconf 89' lang='lat' dir='ltr'>b</span> <span class='ocrx_word' id='word_1_348' title='bbox 2909 3306 2941 3344; x_wconf 88' lang='lat' dir='ltr'>c</span> <span class='ocrx_word' id='word_1_349' title='bbox 2956 3306 3000 3344; x_wconf 86' lang='lat' dir='ltr'>e.</span> 
     </span>
    </p>

    <p class='ocr_par' dir='ltr' id='par_1_34' title="bbox 1851 3382 2399 3441">
     <span class='ocr_line' id='line_1_74' title="bbox 1851 3382 2399 3441; baseline 0.004 -2"><span class='ocrx_word' id='word_1_350' title='bbox 1851 3382 2092 3440; x_wconf 88' lang='lat' dir='ltr'>Numeri</span> <span class='ocrx_word' id='word_1_351' title='bbox 2120 3386 2274 3441; x_wconf 90' lang='grc'>1117</span> <span class='ocrx_word' id='word_1_352' title='bbox 2297 3382 2399 3441; x_wconf 91' lang='lat' dir='ltr'>bc.</span> 
     </span>
    </p>

    <p class='ocr_par' dir='ltr' id='par_1_35' title="bbox 1851 3478 3005 3751">
     <span class='ocr_line' id='line_1_75' title="bbox 1851 3478 3005 3557; baseline 0.003 -21"><span class='ocrx_word' id='word_1_353' title='bbox 1851 3478 1910 3536; x_wconf 91' lang='lat' dir='ltr'>N</span> <span class='ocrx_word' id='word_1_354' title='bbox 1913 3480 2230 3538; x_wconf 88' lang='lat' dir='ltr'>ummularii</span> <span class='ocrx_word' id='word_1_355' title='bbox 2251 3481 2457 3556; x_wconf 87' lang='lat' dir='ltr'>quibus</span> <span class='ocrx_word' id='word_1_356' title='bbox 2477 3482 2754 3539; x_wconf 89' lang='lat' dir='ltr'>creditum</span> <span class='ocrx_word' id='word_1_357' title='bbox 2784 3481 3005 3557; x_wconf 77' lang='lat' dir='ltr'>praedi·</span> 
     </span>
     <span class='ocr_line' id='line_1_76' title="bbox 1930 3578 2921 3654; baseline 0.003 -20"><span class='ocrx_word' id='word_1_358' title='bbox 1930 3578 2169 3635; x_wconf 83' lang='lat' dir='ltr'>cationis</span> <span class='ocrx_word' id='word_1_359' title='bbox 2194 3578 2453 3650; x_wconf 84' lang='lat' dir='ltr'>verbum,</span> <span class='ocrx_word' id='word_1_360' title='bbox 2480 3579 2642 3654; x_wconf 84' lang='lat' dir='ltr'>plebs</span> <span class='ocrx_word' id='word_1_361' title='bbox 2673 3580 2750 3636; x_wconf 91' lang='lat' dir='ltr'>iii.</span> <span class='ocrx_word' id='word_1_362' title='bbox 2782 3585 2921 3639; x_wconf 86' lang='grc'>474.</span> 
     </span>
     <span class='ocr_line' id='line_1_77' title="bbox 1851 3676 3002 3751; baseline 0.002 -18"><span class='ocrx_word' id='word_1_363' title='bbox 1851 3676 2088 3751; x_wconf 88' lang='lat' dir='ltr'>Nuptiis</span> <span class='ocrx_word' id='word_1_364' title='bbox 2116 3676 2277 3733; x_wconf 84' lang='lat' dir='ltr'>adest</span> <span class='ocrx_word' id='word_1_365' title='bbox 2307 3676 2573 3734; x_wconf 85' lang='lat' dir='ltr'>Christus</span> <span class='ocrx_word' id='word_1_366' title='bbox 2605 3686 2873 3734; x_wconf 83' lang='lat' dir='ltr'>naturam</span> <span class='ocrx_word' id='word_1_367' title='bbox 2901 3678 3002 3735; x_wconf 87' lang='lat' dir='ltr'>ho-</span> 
     </span>
    </p>

    <p class='ocr_par' dir='ltr' id='par_1_36' title="bbox 1931 3774 3006 3851">
     <span class='ocr_line' id='line_1_78' title="bbox 1931 3774 3006 3851; baseline 0.003 -20"><span class='ocrx_word' id='word_1_368' title='bbox 1931 3776 2144 3832; x_wconf 88' lang='lat' dir='ltr'>minum</span> <span class='ocrx_word' id='word_1_369' title='bbox 2201 3783 2265 3832; x_wconf 91' lang='lat' dir='ltr'>ut</span> <span class='ocrx_word' id='word_1_370' title='bbox 2311 3774 2472 3833; x_wconf 85' lang='lat' dir='ltr'>fonte</span> <span class='ocrx_word' id='word_1_371' title='bbox 2526 3777 2651 3851; x_wconf 85' lang='lat' dir='ltr'>ipso</span> <span class='ocrx_word' id='word_1_372' title='bbox 2706 3776 3006 3834; x_wconf 83' lang='lat' dir='ltr'>benedicat</span> 
     </span>
    </p>

    <p class='ocr_par' dir='ltr' id='par_1_37' title="bbox 1937 3872 3003 3949">
     <span class='ocr_line' id='line_1_79' title="bbox 1937 3872 3003 3949; baseline 0.002 -19"><span class='ocrx_word' id='word_1_373' title='bbox 1937 3876 2052 3931; x_wconf 85' lang='lat'>135</span> <span class='ocrx_word' id='word_1_374' title='bbox 2077 3892 2131 3940; x_wconf 89' lang='lat' dir='ltr'>a,</span> <span class='ocrx_word' id='word_1_375' title='bbox 2162 3872 2233 3930; x_wconf 84' lang='lat' dir='ltr'>cf.</span> <span class='ocrx_word' id='word_1_376' title='bbox 2259 3876 2378 3931; x_wconf 84' lang='grc'>457</span> <span class='ocrx_word' id='word_1_377' title='bbox 2402 3892 2435 3931; x_wconf 87' lang='lat' dir='ltr'>e</span> <span class='ocrx_word' id='word_1_378' title='bbox 2498 3882 2561 3930; x_wconf 92' lang='lat' dir='ltr'>ut</span> <span class='ocrx_word' id='word_1_379' title='bbox 2587 3893 2834 3949; x_wconf 88' lang='lat' dir='ltr'>poenam</span> <span class='ocrx_word' id='word_1_380' title='bbox 2878 3894 3003 3932; x_wconf 90' lang='lat' dir='ltr'>mu·</span> 
     </span>
    </p>

    <p class='ocr_par' dir='ltr' id='par_1_38' title="bbox 1850 3970 2963 4144">
     <span class='ocr_line' id='line_1_80' title="bbox 1928 3970 2963 4045; baseline 0.002 -18"><span class='ocrx_word' id='word_1_381' title='bbox 1928 3970 2053 4027; x_wconf 90' lang='lat' dir='ltr'>lieri</span> <span class='ocrx_word' id='word_1_382' title='bbox 2082 3970 2405 4045; x_wconf 82' lang='lat' dir='ltr'>impositam</span> <span class='ocrx_word' id='word_1_383' title='bbox 2431 3971 2554 4028; x_wconf 89' lang='lat' dir='ltr'>luat</span> <span class='ocrx_word' id='word_1_384' title='bbox 2580 3971 2657 4029; x_wconf 91' lang='lat' dir='ltr'>ib.</span> <span class='ocrx_word' id='word_1_385' title='bbox 2679 3972 2737 4041; x_wconf 91' lang='lat' dir='ltr'>b,</span> <span class='ocrx_word' id='word_1_386' title='bbox 2774 3976 2891 4032; x_wconf 88' lang='grc'>136</span> <span class='ocrx_word' id='word_1_387' title='bbox 2916 3992 2963 4030; x_wconf 90' lang='lat' dir='ltr'>e.</span> 
     </span>
     <span class='ocr_line' id='line_1_81' title="bbox 1850 4068 2695 4144; baseline 0.002 -19"><span class='ocrx_word' id='word_1_388' title='bbox 1850 4068 2106 4143; x_wconf 86' lang='lat' dir='ltr'>Nuptiae</span> <span class='ocrx_word' id='word_1_389' title='bbox 2135 4087 2300 4126; x_wconf 86' lang='lat' dir='ltr'>verae</span> <span class='ocrx_word' id='word_1_390' title='bbox 2327 4088 2474 4144; x_wconf 89' lang='lat' dir='ltr'>quae</span> <span class='ocrx_word' id='word_1_391' title='bbox 2502 4072 2618 4127; x_wconf 84' lang='lat'>183</span> <span class='ocrx_word' id='word_1_392' title='bbox 2641 4069 2695 4128; x_wconf 89' lang='lat' dir='ltr'>d.</span> 
     </span>
    </p>
   </div>
   <div class='ocr_carea' id='block_1_9' title="bbox 2394 4303 2450 4360">
    <p class='ocr_par' dir='ltr' id='par_1_39' title="bbox 2394 4303 2450 4360">
     <span class='ocr_line' id='line_1_82' title="bbox 2394 4303 2450 4360; baseline 0 0"><span class='ocrx_word' id='word_1_393' title='bbox 2394 4303 2450 4360; x_wconf 93' lang='grc' dir='ltr'><strong>Ο</strong></span> 
     </span>
    </p>
   </div>
   <div class='ocr_carea' id='block_1_10' title="bbox 1850 4449 3003 4617">
    <p class='ocr_par' dir='ltr' id='par_1_40' title="bbox 1850 4449 3003 4617">
     <span class='ocr_line' id='line_1_83' title="bbox 1850 4449 3003 4524; baseline 0.005 -19"><span class='ocrx_word' id='word_1_394' title='bbox 1850 4449 2285 4507; x_wconf 67' lang='lat' dir='ltr'>Onnnmurur.</span> <span class='ocrx_word' id='word_1_395' title='bbox 2306 4453 2622 4524; x_wconf 85' lang='lat' dir='ltr'>praemium</span> <span class='ocrx_word' id='word_1_396' title='bbox 2642 4454 2759 4511; x_wconf 82' lang='lat' dir='ltr'>vita</span> <span class='ocrx_word' id='word_1_397' title='bbox 2776 4463 3003 4513; x_wconf 86' lang='lat' dir='ltr'>aeterna</span> 
     </span>
     <span class='ocr_line' id='line_1_84' title="bbox 1935 4549 2347 4617; baseline 0.002 -13"><span class='ocrx_word' id='word_1_398' title='bbox 1935 4549 2052 4605; x_wconf 88' lang='grc'>234</span> <span class='ocrx_word' id='word_1_399' title='bbox 2075 4566 2128 4617; x_wconf 88' lang='lat' dir='ltr'>e,</span> <span class='ocrx_word' id='word_1_400' title='bbox 2160 4550 2276 4605; x_wconf 90' lang='grc'>236</span> <span class='ocrx_word' id='word_1_401' title='bbox 2299 4567 2347 4605; x_wconf 92' lang='lat' dir='ltr'>e.</span> 
     </span>
    </p>
   </div>
  </div>
 </body>
</html>
