3269 5166
279 344 438 408 xvii.
467 364 568 427 24.
662 344 779 410 IN
831 346 899 410 S.
947 345 1462 411 JOANNEM.
1555 345 1746 411 LIB.
1785 345 1909 412 XI.
1999 344 2206 410 CAP.
2245 343 2407 409 XII.
2649 342 2689 403 5

282 615 526 705 Πάτερ,
590 617 705 681 οὓς
768 614 1068 683 δέδωκάς
1138 639 1268 698 μοι,
1333 617 1510 684 θέλω
1571 615 1678 682 ἴνα
1738 617 1905 682 ὅπου
1968 611 2092 692 εἰμὶ
2149 614 2282 689 &nb
2336 613 2444 679 καὶ
2497 610 2684 679 αὐτοὶ
2713 624 2788 679 24

385 737 513 807 ὦσι
564 741 695 821 μετ’
742 743 923 819 ἐμοῦ·
995 743 1102 809 ἵνα
1157 743 1459 833 θεωρῶσι
1510 741 1630 809 τὴν
1686 741 1885 810 δόξαν
1937 741 2057 807 τήν
2110 739 2296 822 ἐμήν,
2342 742 2421 806 ἦν
2476 737 2683 805 δέδω-

388 867 508 932 κάς
560 890 692 953 μοι,
742 870 847 935 ὅτι
901 870 1241 945 ἠΓάπΗσάο
1293 892 1374 949 με
1428 869 1556 959 πρὸ
1612 874 1979 949 καταβολῆς
2033 867 2300 944 κόσμου.

396 1056 929 1165 Ἐπευξᾶμενος
989 1065 1138 1143 τοῖς
1192 1058 1447 1139 ἑαυτοῦ
1500 1063 1874 1160 μαθηταῖς,
1945 1064 2238 1158 μᾶλλον
2309 1054 2386 1137 δὲ
2448 1052 2683 1136 ἅπασι

215 1210 255 1272 5
283 1189 437 1266 τοῖς
490 1191 925 1286 προσιοῦσιν
960 1184 1153 1292 αὐτῷ
1207 1180 1324 1262 διὰ
1378 1186 1507 1282 τῆς
1560 1183 1897 1282 πίστεως,
1935 1180 2322 1289 ἐξαιτήσας
2365 1214 2442 1261 τε
2486 1178 2684 1282 παρὰ

286 1307 584 1411 Πατρὸς
621 1307 935 1415 ὑπάρξαι
978 1310 1112 1408 τὴν
1148 1308 1407 1388 ἕνωσιν
1444 1308 1562 1387 καὶ
1608 1304 1900 1409 ἀγάπην
1937 1309 2054 1386 καὶ
2099 1302 2485 1408 ἁγιασμὸν,
2520 1308 2671 1387 ε’πι·
2706 1308 2751 1373 <l

285 1431 489 1539 φέρει
544 1437 987 1537 παραχρῆμα
1045 1435 1162 1514 καὶ
1215 1440 1466 1513 ταῦτα·
1546 1432 1680 1537 οὐχ
1736 1430 1992 1534 ἑτέρων
2046 1427 2221 1510 εἶναι
2276 1427 2546 1514 δεικνὺς
2599 1428 2684 1510 τὸ

285 1558 613 1636 συνεῖναί
657 1591 735 1637 τε
785 1559 979 1666 αὐτῷ
1024 1560 1143 1639 καὶ
1179 1557 1564 1664 ἀξιοῦσθαι
1610 1554 1911 1652 βλέπειν
1943 1552 2051 1648 τῆν
2106 1551 2305 1662 ‹3³6ng
2359 1555 2598 1654 αὐτοῦ,
2635 1553 2682 1657 ἢ

282 1687 434 1762 τῶν
468 1681 872 1762 ἑνωθέντων
907 1717 986 1763 τε
1036 1681 1175 1783 ἤδη
1230 1682 1317 1762 δι’
1356 1683 1574 1762 αὐτοῦ
1623 1687 1729 1788 τῷ
1767 1684 2007 1785 Πατρὶ
2061 1682 2178 1761 καὶ
2231 1683 2360 1780 τῆς
2395 1677 2683 1782 ἀγάπης

174 1847 257 1891 10
283 1805 800 1912 τετυχηκότων,
856 1806 944 1907 ἧς
1009 1804 1100 1888 ἀν
1158 1808 1277 1887 καὶ
1334 1804 1545 1891 αὐτὸς
1606 1806 1791 1911 ἔχειν
1855 1812 2089 1886 νοοῖτο
2146 1802 2348 1909 παρὰ
2410 1806 2676 1909 Πατρί.

282 1928 720 2034 ἠγαπήμεθα
785 1930 928 2035 γὰρ
984 1933 1083 2017 ὡς
1146 1933 1281 2013 υἱοὶ
1349 1931 1515 2012 καθ’
1572 1927 1959 2030 ὁμοιότητα
2024 1937 2154 2010 τοῦ
2212 1926 2395 2009 κατὰ
2453 1928 2684 2033 φύσιν

282 2058 406 2135 καὶ
454 2057 745 2157 ἀληθῶς
783 2060 984 2138 Υἶοῦ.
1056 2060 1116 2136 εἶ
1169 2053 1316 2159 γὰρ
1354 2057 1470 2136 καὶ
1513 2052 1614 2154 μὴ
1665 2055 1742 2133 ἐν
1784 2052 1926 2161 ἴσῳ
1961 2051 2197 2163 μέτρῳ
2229 2050 2474 2159 τυχὸν,
2510 2055 2678 2132 ἀλλ’

283 2180 341 2281 ἥ
369 2213 455 2283 γε
484 2188 612 2260 τοῦ
630 2178 1056 2284 πράγματος
1094 2178 1582 2285 ἀκριβεστάτη
1618 2180 1942 2278 μίμησις,
1968 2177 2686 2283 συμπαρατρέχουσά

281 2338 443 2389 πως
495 2310 600 2413 τῷ
654 2303 838 2386 κατὰ
890 2304 1253 2406 ἀλήθειαν,
1288 2303 1421 2406 τὴν
1469 2305 1734 2384 ἐκείνου
1780 2301 2173 2385 πλάττεται
2216 2300 2460 2410 δόξαν.
2516 2301 2685 2384 θέλω

173 2461 254 2523 15
282 2438 670 2534 τοιγαροῦν
706 2426 765 2509 ὦ
804 2428 1027 2536 Πάτερ
1065 2431 1298 2536 φησὶν
1328 2428 1402 2510 ’ἶν’
1443 2433 1509 2508 οἱ
1559 2425 1743 2509 κατὰ
1789 2424 2161 2531 πρόσοδον
2206 2425 2340 2529 τὴν
2389 2427 2508 2509 διὰ
2556 2434 2683 2529 τῆς

280 2554 600 2640 πίστεως
651 2557 765 2636 καὶ
803 2553 920 2635 διὰ
956 2553 1434 2662 φωταγωγίας
1481 2556 1609 2653 τῆς
1644 2550 1844 2658 παρὰ
1893 2559 2036 2634 σοῦ
2084 2550 2458 2656 γεγονότες
2504 2556 2680 2655 ἐμοὶ,

280 2685 431 2788 μετ’
483 2681 639 2786 ἐμοῦ
689 2714 767 2759 τε
814 2676 950 2758 εἶεν
988 2682 1106 2760 καὶ
1154 2677 1262 2773 τῆν
1307 2676 1462 2784 ἓμῆν
1497 2678 1838 2773 βλέπωσι
1878 2675 2092 2785 δόξαν.
2162 2677 2343 2759 ὅσον
2388 2678 2462 2760 δὲ
2506 2676 2682 2760 εἶναι

280 2803 619 2904 δώσομεν
675 2801 972 2905 ἀγαθὸν,
1009 2801 1093 2883 τὸ
1149 2804 1266 2883 καὶ
1321 2804 1517 2910 αὐτῷ
1568 2810 1887 2882 συνεῖναι
1941 2804 2044 2910 τῷ
2099 2807 2427 2912 Χριστῷ,
2481 2812 2682 2891 ποῖος

281 2926 377 3008 ἂν
410 2929 581 3029 ἡμῖν
616 2928 1026 3036 ἐκκαλύψαι
1061 2924 1328 3032 Myos-3
1381 2925 1575 3028 εἴπερ
1612 2928 1690 3005 ἐν
1727 2924 2056 3029 ἀῤῥήτοις
2093 2926 2408 3025 ἐσόμεθα
2445 2935 2674 3029 θυμη-

174 3093 258 3135 20
283 3055 487 3153 διἀις,
517 3057 636 3134 καὶ
669 3054 1054 3159 ὀφθαλμὸς
1085 3050 1215 3154 μὲν
1252 3053 1381 3132 οὐκ
1419 3047 1619 3149 εἶδεν,
1644 3050 1763 3133 οῦς
1803 3049 1878 3130 δὲ
1916 3050 2044 3129 οὐκ
2081 3051 2364 3150 ἤκουσε,
2402 3053 2517 3130 καὶ
2556 3053 2684 3132 οὐκ

281 3177 681 3279 ἐνεθυμήθη
759 3185 945 3276 νοῦς,
1017 3188 1061 3225 “
1091 3174 1140 3257 ἃ
1210 3177 1604 3278 ἡτοίμασεν
1680 3176 1721 3255 ὃ
1796 3170 1985 3259 Θεὸς
2073 3180 2221 3259 τοῖς
2301 3178 2685 3279 ἀγαπῶσιν

283 3314 331 3354 “
362 3301 653 3384 αὐτόν.”
724 3304 916 3387 τίνος
957 3300 1101 3406 γὰρ
1137 3300 1228 3381 ἂν
1264 3303 1381 3381 καὶ
1431 3298 1888 3404 προσδεήσαι
1936 3298 2160 3404 τυχὸν
2206 3306 2352 3381 τῶν
2386 3300 2680 3382 τελούν-

281 3463 434 3510 των
488 3432 587 3514 εἶς
642 3425 990 3532 ἀκράτους
1046 3425 1398 3524 εὐθυμίας,
1433 3431 1583 3511 τοῖς
1639 3424 1713 3504 οἵ
1758 3458 1844 3527 γε
1900 3421 2381 3527 κεκλήρωνται
2438 3425 2521 3509 τὸ
2568 3429 2687 3509 καὶ

2779 3183 2801 3219 1
2828 3168 2943 3220 Cor.
2969 3170 3023 3222 ii.

283 3555 481 3662 αὐτῷ
529 3559 845 3634 συνεῖναι
893 3555 998 3660 τῷ
1030 3548 1324 3633 πάντων
1362 3550 1686 3655 δεσπότῃ
1723 3551 2078 3657 Χριστῷς
2138 3550 2366 3630 καίτοι
2415 3550 2684 3636 παντὸς
2709 3579 3020 3636 a1004A.

177 3703 256 3766 25
282 3677 611 3784 ἀξιώσας
682 3675 1045 3777 θαύματος
1119 3673 1205 3755 τὸ
1278 3679 1523 3781 χρῆμα
1584 3675 1913 3780 φαίνεται
1950 3675 2066 3756 καὶ
2132 3674 2345 3759 αὐτὸς
2408 3675 2577 3776 ἡμῖν
2642 3677 2683 3755 ὁ

467 3799 486 3827 '
783 3803 808 3834 Ν
868 3805 886 3830 ῑ
1002 3797 1024 3827 '
1421 3807 1453 3825 Α
1819 3803 1851 3820 Α
2134 3795 2157 3826 x
2460 3801 2479 3829 ι
2647 3796 2670 3825 x
2856 3804 2868 3818 .
2928 3805 2942 3818 .

282 3807 526 3910 σοφος
569 3836 647 3881 τε
694 3835 811 3882 και
866 3833 1243 3904 ιερωτατος
1287 3803 1611 3881 Παῦλος·
1694 3830 2013 3900 κρειττον
2066 3831 2230 3902 γαρ,
2284 3803 2473 3904 φησι
2533 3809 2578 3847 “
2598 3834 2682 3879 το
2774 3804 2961 3855 Plul.1.

282 3935 333 3975 “
366 3928 732 4007 ἀναλῦσαι
766 3926 883 4005 καὶ
919 3920 1061 4004 σῦν
1096 3928 1404 4031 Χριστῷ
1441 3920 1679 4003 εἶναι.”
1750 3922 1791 4001 ὃ
1827 3919 1903 4001 δὲ
1942 3924 2058 4002 καὶ
2094 3926 2221 4021 τῆς
2257 3924 2332 4002 ἐν
2368 3926 2546 4032 τῷδε
2582 3932 2687 4033 τῷ

281 4051 427 4161 βίῳ
491 4049 671 4154 ζωῆς
734 4046 819 4130 τὸ
886 4047 1179 4157 ἀξίωμα
1205 4085 1209 4090 ·
1232 4049 1586 4152 προτιθεὶς
1641 4048 1837 4127 τουτὶ
1908 4043 1992 4125 τὸ
2047 4043 2236 4146 μέγα
2290 4050 2408 4127 καὶ
2470 4048 2641 4156 ἀξιοῖ
2649 4099 2680 4114 -

282 4212 598 4284 γαστον,
639 4182 797 4261 πῶς
835 4176 963 4256 οὐκ
998 4170 1274 4275 ἀληθὴς
1320 4171 1745 4275 εἷσβήσεται
1779 4170 2070 4276 μάρτυς,
2109 4169 2219 4251 ὅτι
2254 4178 2400 4255 τοῖς
2436 4174 2686 4254 ἑαυτοῦ

176 4337 257 4395 3ο
282 4299 611 4408 γνησίοις
659 4298 991 4404 μεγάλην
1046 4299 1381 4399 ἀπονέμει
1436 4302 1563 4398 τῆς
1615 4294 1799 4402 πρὸς
1853 4294 2071 4377 αὐτὸν
2111 4298 2501 4382 συνουσίας
2555 4296 2688 4399 τὴν

354 4555 409 4610 9,
442 4554 525 4593 10.
564 4536 648 4593 καὶ
671 4533 1006 4608 τῆς-Πατρί
1031 4542 1308 4606 assumpta
1336 4551 1401 4590 ex
1430 4533 1476 4589 E
1501 4532 1563 4605 (a
1583 4532 1742 4602 πατρὶ
1766 4531 1834 4588 ad
1859 4532 2017 4602 πατρί
2040 4532 2365 4588 transiliente
2391 4541 2483 4587 aut
2511 4532 2569 4588 F.
2594 4542 2688 4587 aut

284 4608 505 4678 scriba).
798 4623 882 4662 12.
919 4605 1145 4676 ἀληθοῦς
1170 4604 1235 4662 E.
1525 4617 1610 4676 27.
1648 4607 1860 4676 Χριστῷ
1890 4603 1953 4659 Ε.
1981 4606 2095 4676 Θεῷ
2123 4602 2225 4659 Ed.

2779 3885 2855 3933 23.
