3269 5166
686 322 1051 389 CONTRA
1094 322 1600 388 DIODORUM
1645 323 1893 387 TARS.
1936 320 2213 388 EPISC.
2525 323 2656 387 509

318 638 533 695 Scholia
605 649 835 696 taeter-ea
844 649 1099 724 quatuor
1132 639 1321 697 Latine
1353 639 1568 696 exhibet
1599 639 1782 695 Maius
1815 658 1844 695 e
1877 639 2152 697 codicibus
2187 638 2419 712 Syriacis
2444 640 2575 705 suis,
2600 640 2659 694 in

248 710 473 765 Patrum
504 710 573 765 Bi
612 713 647 765 1.
673 711 817 766 Nov.
842 711 897 766 ii.
924 725 1031 782 454
1057 728 1171 783 sq..
1214 728 1439 782 nempe:

392 906 493 970 Ex
536 925 757 971 mnan
803 909 1045 972 Savum
1086 927 1487 973 moenam
1526 926 1848 973 nomeu
1889 926 1964 972 m
2007 926 2225 973 nomm
2270 926 2518 974 eomer..

963 1146 1110 1195 Idem
1135 1145 1352 1211 cyrillus
1373 1147 1614 1197 adversus
1637 1148 1934 1198 Diodorum.

182 1320 224 1379 5
340 1288 543 1371 Saepe
561 1287 698 1372 jam
725 1284 1019 1365 diximus,
1051 1309 1172 1372 quo
1199 1293 1485 1371 tempore
1523 1287 1944 1371 capitulorum
1976 1287 2263 1351 omnium
2296 1286 2657 1373 apologiam

250 1389 711 1474 quodammodo
739 1388 1003 1454 fecimus
1045 1411 1175 1454 non
1216 1396 1546 1474 propterea
1574 1389 1743 1475 quod
1784 1395 2050 1454 naturae
2091 1389 2173 1454 ad
2207 1389 2656 1455 adunationem

250 1497 666 1571 accesserunt,
732 1492 964 1557 ideirco
1031 1491 1405 1557 dualitatem
1467 1492 1574 1571 (in
1632 1492 1922 1574 Christo)
1984 1513 2117 1557 esse
2174 1494 2655 1558 admittendam.

249 1596 514 1661 Etenim
557 1595 723 1660 sieut
748 1595 938 1660 homo
969 1596 1254 1681 quamvis
1296 1617 1374 1661 ex
1402 1596 1616 1661 anima
1659 1595 1955 1661 rationali
1998 1600 2064 1660 et
2106 1617 2359 1680 eorpore
2402 1617 2668 1680 compo-.

251 1698 434 1777 situs,
465 1720 629 1763 unus
672 1702 772 1763 est
813 1720 1015 1784 neque
1047 1698 1119 1762 in
1145 1698 1271 1764 duo
1298 1698 1626 1779 dividitur,
1656 1698 1845 1784 idque
1891 1703 2102 1764 totum
2145 1698 2380 1764 dieitur
2420 1699 2658 1765 animal

147 1836 227 1877 10
251 1801 560 1869 rationale
608 1826 681 1868 ae
732 1803 997 1868 mortale
1047 1826 1427 1888 quamquam
1475 1826 1690 1890 reapse
1739 1827 1870 1868 una
1918 1803 1990 1867 in
2035 1809 2213 1888 parte
2255 1804 2544 1884 mortale,
2586 1805 2659 1869 in

251 1906 381 1971 alia
422 1906 764 1985 rationale3
819 1907 908 1972 sie
950 1906 1145 1971 etiam
1182 1907 1577 1986 Emmanuel,
1617 1929 1816 1992 quum
1858 1908 1945 1971 sit
1987 1928 2173 1986 unus,
2212 1906 2550 1972 divinitate
2592 1913 2659 1972 et

250 2010 653 2075 humanitate
703 2015 1018 2089 constans,
1071 2032 1337 2095 quarum
1386 2031 1497 2095 per
1545 2032 1611 2075 se
1661 2013 1930 2095 utraque
1987 2010 2266 2095 perfecta
2322 2015 2439 2091 est,
2491 2010 2659 2076 idem

254 2111 432 2177 Deus
489 2118 587 2177 est
643 2118 711 2177 et
766 2113 973 2190 homo,
1027 2112 1313 2177 mortalis
1370 2118 1437 2177 et
1492 2112 1887 2192 immortalia,
1939 2112 2306 2198 temporalis
2363 2118 2432 2179 et
2487 2112 2659 2198 prior

255 2214 551 2281 omnibus
594 2215 874 2293 saeculis,
916 2215 1250 2300 palpabilis
1292 2220 1358 2280 et
1401 2215 1844 2300 impalpabilia,
1880 2216 2151 2281 visibilis
2191 2222 2259 2282 et
2299 2215 2658 2283 invisibilis.

150 2340 177 2382 1
191 2336 228 2397 5
253 2319 433 2384 Nam
461 2318 517 2382 si
543 2318 651 2383 ille
678 2324 907 2383 natura
935 2341 1048 2383 sua
1076 2317 1455 2382 immortalis
1482 2319 1647 2383 nihil
1674 2321 2042 2404 sumpsisset
2068 2343 2109 2385 a
2128 2319 2383 2385 mortali
2409 2324 2657 2398 natura,

254 2423 324 2488 id
358 2427 458 2487 est
483 2422 833 2486 Abrahami
872 2422 1125 2500 semine,
1154 2422 1326 2486 haud
1366 2443 1483 2486 nos
1520 2421 1812 2506 equidem
1839 2423 2123 2488 renovati
2156 2445 2433 2488 essemus
2467 2429 2658 2508 atque

255 2523 336 2588 ad
364 2521 910 2590 immortalitatem
951 2520 1164 2601 erecti,
1192 2543 1476 2607 vanaque
1518 2526 1737 2587 nostra
1778 2520 1932 2588 fides
1973 2521 2138 2589 foret
2171 2528 2238 2589 et
2275 2522 2346 2589 in
2383 2522 2655 2609 peccatis
2685 2519 2707 2555 ¹
2687 2506 2841 2637 7⁰⁰¹·
2828 2523 2929 2559 ‘¹'

256 2625 490 2692 nostris
517 2626 769 2691 adhue
742 2648 1110 2712 jaceremus·

257 3087 360 3151 Ex
396 3104 611 3151 umus
657 3087 898 3150 Savum
941 3104 1263 3152 Anmnsus
1309 3086 1352 3150 J
1354 3104 1652 3151 nmmum
1695 3103 1911 3150 mue.
1955 3103 2031 3150 m
2075 3101 2304 3151 comcs
2347 3101 2483 3149 sn.
2512 3101 2658 3148 var.

154 3371 234 3411 20
978 3351 1123 3401 Idem
1142 3351 1359 3417 cyrillus
1381 3350 1619 3401 adversus
1641 3350 1934 3402 Diodorum.

346 3492 526 3557 Haeo
559 3498 679 3571 est,
708 3513 747 3557 o
774 3497 989 3558 noster
1015 3492 1264 3572 sodalis,
1294 3497 1556 3558 naturae
1583 3492 1897 3557 humanae
1925 3491 2208 3557 definitio
2237 3514 2396 3577 quae
2423 3491 2658 3558 dieitur

259 3594 618 3660 substantia
645 3595 937 3662 animalis
966 3595 1294 3661 rationalis
1320 3601 1510 3681 atque
1538 3595 1844 3661 mortalis.

980 3885 1127 3936 Idem
1147 3885 1367 3952 cyrillus
1386 3885 1624 3936 adversus
1644 3885 1941 3940 Diodorum.

344 4023 566 4089 Audes
606 4024 800 4089 etiam
826 4025 1131 4091 herilibus
1159 4025 1378 4092 formis
1404 4024 1587 4090 illum
1615 4024 1895 4106 induere,
1925 4027 2054 4111 qui,
2098 4030 2175 4090 ut
2201 4024 2312 4105 ais,
2343 4027 2535 4091 homo
2563 4031 2662 4092 est

153 4149 235 4211 25
259 4125 339 4192 de
368 4126 584 4192 Maria
618 4132 685 4193 et
714 4128 823 4213 qui
857 4128 1044 4194 initio
1071 4152 1110 4194 a
1137 4129 1319 4194 nobis
1354 4129 1719 4194 nullatenus
1760 4128 2043 4194 diversus
2077 4134 2211 4194 erat
2240 4134 2353 4193 aut
2383 4130 2663 4215 superior

260 4230 371 4295 sed
413 4235 635 4314 postea
677 4231 882 4297 multo
932 4232 1258 4297 eonamine
1308 4232 1425 4296 filii
1474 4254 1707 4297 nomen
1756 4231 2146 4317 gloriamque
2189 4231 2473 4296 divinam
2516 4253 2659 4316 pro-

260 4332 531 4399 meritus
571 4338 688 4413 est,
734 4339 952 4418 postea
994 4355 1186 4419 quam
1232 4334 1472 4399 seilicet
1514 4334 1592 4400 de
1636 4339 1856 4400 ventre
1899 4333 2159 4399 exierat.
2258 4333 2477 4418 Igitur
2517 4332 2659 4412 due,

260 4444 328 4503 te
384 4442 702 4515 censente,
762 4442 914 4503 sunt
971 4435 1108 4514 filii,
1154 4458 1476 4521 novusque
1532 4438 1687 4503 deus
1743 4442 1839 4503 est
1901 4437 2213 4514 Christus,
2268 4435 2378 4520 qui
2435 4457 2474 4499 a
2524 4433 2660 4498 Deo

260 4540 723 4626 supernaturali
778 4541 1013 4605 honore
1069 4539 1352 4605 adfectus
1404 4547 1500 4604 est
1546 4540 1754 4625 magis
1800 4541 2122 4626 aliquanto
2159 4560 2349 4623 quam
2392 4534 2662 4619 reliquae
