3269 5166
625 346 756 410 336
959 343 1038 408 B.
1087 342 1464 407 CYRILLI
1516 343 2049 409 ALEXANDR.
2103 345 2672 412 FRAGMENTA
2801 347 2893 412 iii.
2927 367 3032 434 13·

402 461 421 496 1
453 446 528 496 M.

320 446 395 514 [9
556 446 579 512 ]
628 512 791 590 οὔτε
839 515 986 590 τῶν
1022 512 1391 613 ἀκροατῶν
1433 507 1518 588 τὸ
1573 508 1890 615 ἄσοφον·
1968 513 2086 589 καὶ
2139 509 2284 614 γὰρ
2330 511 2414 591 τὸ
2439 511 2684 613 Ἅγιον
2725 518 3034 611 Πνεῦμα

630 632 983 735 ἐνιδρυθὲν
1039 636 1114 713 ἐν
1165 640 1318 716 ταῖς
1376 639 1521 713 τῶν
1583 639 1868 714 πιστῶν
1929 637 2226 739 ψυχαῖς,
2279 643 2471 716 ποιεῖ
2527 634 2786 720 αὐτοὺς
2847 643 3035 716 νοεῖν

630 755 939 841 εὐκόλως
978 759 1094 836 καὶ
1130 756 1296 841 τοὺς
1327 763 1572 852 βαθεῖς
1607 755 1897 860 λόγους.

535 1017 606 1075 13
641 998 755 1064 Καὶ
801 1000 876 1064 οὐ
921 1002 1216 1091 καθάπερ
1250 1000 1501 1068 Μωσῆς
1545 999 1746 1067 ἐτίθει
1782 1000 2083 1077 κάλυμμα
2118 1001 2229 1067 ἐπὶ
2262 1001 2340 1069 τὸ
2375 1005 2733 1092 πρόσωπον
2767 1004 3035 1070 ἑαυτοῦ.
3251 984 3252 1057 ¹

750 1174 913 1252 Κάν
987 1172 1217 1279 τούτῳ
1281 1171 1506 1252 πάλιν
1574 1177 1641 1251 οἱ
1704 1177 2037 1275 Χριστοῦ
2098 1175 2413 1273 μαθηταὶ
2478 1174 3038 1279 διαφανέστεροι
3062 1206 3097 1267 5

636 1293 834 1402 δόξῃ,
873 1294 984 1375 ὅτι
1030 1295 1317 1397 γέγονεν
1353 1296 1590 1380 αὐτοῖς
1627 1296 1669 1373 5
1707 1303 1835 1374 τοῦ
1882 1295 2335 1396 κηρύγματος
2385 1295 2607 1398 λόγος
2653 1298 2909 1405 σαφής
2954 1332 3035 1377 τε

636 1423 752 1498 καὶ
807 1418 1304 1502 ἀνυπόστατος
1360 1421 1476 1499 καὶ
1525 1416 1729 1498 οὐδὲν
1777 1418 1961 1522 ἔχων
1998 1421 2360 1498 δύσκολον
2414 1417 2736 1519 καθάπερ
2790 1420 2876 1500 τὸ
2916 1418 3037 1500 διὰ

640 1543 999 1628 Μώσεως.
1063 1540 1299 1642 ἐπειδὴ
1352 1541 1495 1647 γὰρ
1546 1539 1740 1641 ἦσαν
1784 1539 2108 1640 ἀδόκιμοι
2162 1547 2228 1621 οἱ
2288 1545 2421 1621 υἱοὶ
2482 1542 2796 1647 Ἰσραὴλ
2848 1542 3038 1641 μετὰ

638 1665 997 1749 τοσαύτας
1035 1666 1535 1770 τερατουργίας
1582 1664 2277 1769 μοσχοποιήσαντες,
2319 1673 2780 1767 προσωπεῖον
2823 1668 3035 1746 ἐτίθει

640 1792 866 1895 ἑαυτῷ
911 1794 1241 1887 Μωυσῆς
1300 1792 1418 1870 καὶ
1471 1787 1598 1869 τὸν
1650 1794 1838 1869 θεῖον
1893 1788 2131 1871 αὐτοῖς
2189 1795 2443 1868 λαλῶν
2500 1789 2722 1887 νόμον
2769 1792 3034 1893 ἐχρῆτο
3067 1825 3141 1866 ιο

640 1913 1089 2010 καλύμμασι,
1120 1911 1205 1992 δι’
1236 1911 1672 2014 αἰνιγμάτων
1695 1909 2057 1991 διδάσκων
2086 1914 2182 1996 ὡς
2219 1911 2304 1991 τὸ
2339 1909 2603 2011 ἀληθὲς
2640 1921 2769 1993 τοῦ
2809 1912 3037 2012 νόμου

638 2034 1057 2137 πρόσωπον,
1114 2037 1443 2116 τουτέστι
1488 2035 1841 2139 Χριστὸν,
1896 2036 2023 2115 οὐκ
2074 2033 2163 2115 ἂν
2208 2034 2589 2140 ἱσχύσειαν
2635 2041 2827 2133 ἰδεῖν,
2865 2041 3029 2117 δευ-

638 2157 819 2265 τέρῳ
874 2156 949 2237 δὲ
1005 2158 1257 2262 ὥσπερ
1312 2160 1890 2263 προσβάλλουσι
1957 2162 2335 2267 προσώπῳ
2398 2160 2632 2257 μόλις,
2694 2162 2786 2264 τῇ
2851 2165 3038 2267 σκιᾷ

638 2283 860 2389 δόξαν
918 2284 1247 2383 οὐδεμίαν
1300 2282 1588 2390 ἐχούσῃ,
1632 2284 1786 2384 ἥτις
1841 2289 1959 2364 καὶ
2014 2290 2464 2386 καταργεῖται
2509 2266 2558 2384 ἦ
2596 2281 2772 2364 σκιὰ
2825 2289 2946 2364 καὶ
2993 2289 3037 2367 5

637 2406 882 2491 τύπος.
943 2406 1292 2488 πέπαυται
1330 2406 1474 2511 γὰρ
1501 2413 1744 2508 καινῆς
1783 2408 2120 2509 διαθήκης
2147 2408 2794 2509 εἰσκεκομισμένης,
2821 2408 3038 2496 τέλος
3070 2437 3146 2498 15

643 2529 718 2610 δὲ
773 2539 899 2612 τοῦ
958 2533 1530 2635 καταργουμένου
1581 2532 1802 2632 νόμου
1839 2536 1880 2613 5
1916 2529 2260 2636 Χριστός.
2336 2534 2591 2613 οὐκοῦν
2632 2532 2679 2633 ἡ
2725 2569 3034 2639 κεκρυμ-

717 2655 737 2681 Ι

640 2690 816 2755 μενη
863 2654 1041 2762 δόξα
1083 2657 1436 2754 Μωσέως,
1480 2659 1521 2736 5
1566 2656 1911 2761 Χριστὸς,
1960 2657 2049 2757 ἦν
2105 2658 2179 2740 τὶ
2235 2654 2427 2744 τέλος
2476 2661 2588 2739 ro&
2642 2694 3035 2768 καταργου-

642 2780 830 2885 μένου
905 2780 1147 2880 νόμου·
1237 2788 1296 2860 εἰ
1365 2781 1507 2887 γάρ
1572 2816 1679 2866 τις
1742 2782 1986 2888 ἀφέλῃ
2048 2782 2180 2880 τὴν
2250 2780 2469 2861 σκιὰν
2534 2786 2650 2862 καὶ
2724 2782 2880 2863 οἷον
2948 2783 3039 2865 τὸ

642 2903 951 3010 ἐμφανὲς
1005 2908 1122 2985 καὶ
1176 2904 1498 3008 δεύτερον
1531 2903 1929 3007 πρόσωπον
1965 2904 2049 2986 τὸ
2095 2909 2190 2990 ὡς
2233 2908 2309 2985 ἐν
2365 2905 2733 3008 γράμματι
2790 2943 3036 3011 περιε-

642 3034 794 3107 λεῖν
839 3028 1032 3126 αὐτὸ,
1070 3027 1330 3133 ὄψεται
1385 3028 1512 3109 τὸν
1545 3028 2015 3129 Ἐμμανουήλ
2067 3029 2543 3132 πολυτρόπως
2593 3031 2707 3136 ἐφ’
2748 3031 3041 3139 ἑκάστῳ
3069 3070 3149 3110 20

642 3150 1280 3257 διαμορφούμενον,
1304 3155 1420 3233 καὶ
1448 3151 1580 3252 τὴν
1614 3151 1789 3257 ὑπέρ
1824 3189 1909 3254 γε
1945 3161 2075 3233 τοῦ
2109 3151 2388 3247 κόσμου
2425 3153 2731 3256 σφαγὴν
2761 3156 3037 3255 ὑπομέ-

641 3310 856 3355 νοντα
907 3279 1023 3356 καὶ
1058 3276 1385 3380 σώζοντα
1436 3275 1568 3376 τὴν
1620 3279 1732 3358 ὑπ’
1775 3274 2095 3379 οὐρανὸν,
2131 3276 2248 3356 ἵνα
2286 3280 2402 3356 καὶ
2437 3276 2822 3382 δοξάζηται
2856 3278 3043 3383 πρὸς

640 3401 842 3499 ἡμῶν
898 3403 1014 3481 καὶ
1069 3408 1215 3481 τῶν
1263 3402 1486 3501 ἁγίων
1533 3399 1870 3503 ἀγγέλων
1916 3401 2557 3502 προσκυνούμενος.
2634 3401 3044 3504 ἀπρόσιτον

640 3526 767 3605 οὖν
804 3532 955 3611 ταῖς
989 3528 1351 3606 Ἰουδαίων
1389 3528 1724 3610 διανοίαις
1761 3529 1886 3623 τῆς
1921 3532 2050 3605 τοῦ
2087 3529 2423 3628 Σωτῆρος
2460 3521 2677 3632 δόξης
2725 3526 2812 3606 τὸ
2851 3534 3034 3633 φῶς.

639 3647 878 3747 ἐπειδὴ
905 3647 1048 3752 γὰρ
1082 3657 1289 3729 πᾶσα
1325 3650 1582 3751 θεωρία
1614 3648 2053 3748 πνευματικὴ
2080 3646 2261 3747 πρὸς
2297 3647 2382 3728 τὸ
2411 3654 2743 3748 Χριστοῦ
2782 3649 3040 3744 βλέπει
3069 3683 3142 3742 25

639 3773 1058 3876 μυστήριον,
1097 3774 1179 3852 οὐ
1218 3772 1631 3874 προσίενται
1669 3770 1743 3852 δὲ
1781 3770 1912 3871 τὴν
1949 3778 2047 3856 εἷς
2083 3771 2299 3852 αὑτὸν
2336 3774 2587 3852 πίστιν
2623 3778 2692 3852 οἱ
2727 3774 3042 3857 τάλανες

640 3899 987 3996 Ἰουδαῖοι,
1035 3896 1417 3996 μεμένηκεν
1452 3896 1558 3976 ἐπ’
1600 3897 1838 3979 αὐτοῖς
1887 3894 1970 3975 τὸ
2026 3894 2394 3995 κάλυμμα,
2448 3905 2912 3999 καταργεῖται
2965 3898 3042 3977 δὲ

640 4024 716 4102 ἐν
750 4027 1078 4129 Χριστῷ.

711 4250 764 4299 4.
805 4232 929 4288 Hoc
990 4249 1168 4303 noque
1191 4228 1434 4284 scholion
1457 4228 1615 4284 nobis
1641 4228 1943 4301 suppeditat
1969 4231 2025 4286 Η
2033 4270 2065 4300 .,
2088 4248 2199 4286 non
2223 4231 2388 4287 verba
2409 4240 2588 4286 tamen
2615 4231 2674 4288 S.
2701 4231 2895 4305 cyrilli
2919 4252 3046 4291 oon·

638 4303 815 4357 tineus
842 4302 934 4357 sed
983 4312 1095 4356 orte
1119 4318 1180 4355 ca
1218 4300 1567 4354 itulationem.
1871 4318 1958 4356 20.
1994 4301 2163 4373 αὐτὰ]
2189 4302 2480 4372 legendum
2505 4313 2565 4364 ut
2589 4302 2806 4358 videtur
2831 4346 2847 4369 ,
2873 4307 3046 4362 αὑτὸς.

642 4375 724 4427 28.
767 4373 1021 4444 Sequitur
1056 4370 1186 4426 echo
1207 4370 1295 4424 ion
1333 4370 1492 4424 breve
1526 4371 1583 4424 in
1620 4370 1782 4426 verba
1817 4371 1897 4426 ὅτι
1937 4373 1992 4426 ἐν
2027 4377 2239 4446 Χριστῷ
2276 4376 2601 4445 καταργεῖται
2637 4373 2722 4428 hie
2761 4377 2944 4431 verbis
2985 4379 3048 4431 οὗ

638 4446 851 4498 νοοῦσιν
873 4444 922 4495 οἱ
945 4441 1183 4496 Ἰουδαῖοι
1207 4446 1309 4495 τῶν
1332 4447 1547 4509 νομικῶν
1570 4441 1775 4497 ἐννοιῶν
1798 4444 1857 4497 τὸ
1879 4443 2061 4507 βάθος,
2085 4446 2232 4499 ὥσπε
2288 4446 2426 4499 τινὸς
2446 4445 2621 4500 αὐτοῖς
2654 4447 2749 4499 τὸν
2783 4449 2911 4501 νοῦν
2934 4447 3046 4501 ἐπι·

639 4513 1005 4568 καλύπτοντος·
1059 4513 1383 4598 καταργεῖται
1424 4513 1526 4600 γὰρ
1566 4511 1621 4565 ἐν
1653 4515 1795 4636 μόνιζ
1835 4517 2068 4586 Χριστῷ,
2105 4514 2195 4569 ε’πε
2214 4585 2225 4597 ¹
2250 4518 2279 4583 ἠ
2319 4517 2467 4596 πᾷσα
2503 4514 2692 4586 θεωρία
2725 4518 3048 4587 πνευματικὴ

635 4585 766 4654 πρὸς
787 4585 848 4637 τὸ
874 4589 1106 4652 Χριστου
1127 4584 1316 4646 βλεπει
1336 4603 1624 4652 μυστηριον
1648 4600 1677 4638 e
1702 4600 1759 4637 ec
1799 4584 1869 4638 ol.
1895 4583 2230 4654 praecedent!
2255 4594 2448 4655 partlm
2471 4594 2716 4655 repetens
2745 4586 2826 4643 H.
