3269 5166
614 342 747 407 214
834 342 911 407 Β.
956 341 1334 406 OYRILLI
1384 341 1913 408 ALEXANDR.
1962 343 2529 410 FRAGMENTA
2618 346 3026 432 viii.8,9,11.

307 444 419 508 [η
442 442 567 509 M]
618 509 744 588 οὐκ
780 508 1209 613 ἀνεχόμενον
1253 514 1397 591 τοῖς
1444 509 1656 592 θείοις
1704 510 2006 589 ὑπείκειν
2042 507 2308 606 νόμοις,
2353 504 2493 592 οὐδὲ
2527 509 2670 619 γοῖρ
2709 507 3020 591 δύναιτ-ιιι·

615 639 771 716 πῶς
814 630 957 736 γὰρ
994 631 1213 735 αἱρέσει
1252 638 1408 736 Θεῷ
1460 630 1757 734 μυσαρὰ
1793 635 1910 712 καὶ
1946 632 2266 732 βέβηλος
2311 633 2529 735 ἡδονή
2562 666 2584 730 3
2646 632 2942 716 πάντως
2979 634 3025 712 ὃ

619 754 924 858 καθαρὸς
970 755 1200 860 ῥύπου
1250 757 1366 833 καὶ
1416 759 1670 834 παθῶν
1706 764 1869 839 νοῦς
1906 755 2089 836 κατὰ
2124 754 2209 836 τὸ
2258 757 2563 838 δυνατὸν
2599 764 2692 864 τῇ
2728 757 3020 862 ἀνθρώ-

617 913 759 960 που
798 880 1013 986 φύσει
1049 876 1229 981 πρὸς
1268 875 1460 957 Θεὸν
1496 878 1846 982 εἶρηνεύει.

471 1127 528 1198 8,
558 1143 594 1202 9
624 1128 701 1197 Oi
746 1130 819 1197 δὲ
853 1131 924 1196 ὲν
962 1132 1152 1221 σαρκὶ
1186 1129 1373 1199 ὄντες
1411 1129 1567 1217 Θεῷ
1604 1130 1840 1219 ἀρέσαι
1877 1132 1952 1196 οὐ
1998 1129 2323 1197 δύνανται·
2380 1128 2564 1209 ῦμεῖε
2601 1131 2674 1197 δὲ
2713 1132 2835 1197 οὐκ
2871 1132 3026 1198 ἐστὲ
3057 1145 3092 1204 5

716 1257 786 1323 ὲν
824 1257 1014 1347 σαρκὶ
1050 1255 1188 1322 ἀλλ’
1234 1257 1304 1321 ὲν
1343 1256 1679 1336 πνεύματι,
1715 1252 1903 1344 εἴπερ
1940 1257 2204 1333 Πνεῦμα
2243 1256 2412 1322 Θεοῦ
2452 1254 2617 1323 οἰκεῖ
2652 1259 2722 1322 ἐν
2763 1252 2935 1333 ὑμῖν.

728 1427 1306 1533 Ἐπικρατούσης
1349 1426 1479 1526 μὲν
1513 1431 1642 1526 τῆς
1688 1435 1815 1507 τοῦ
1852 1430 2236 1531 ἀνθρώπου
2275 1429 2585 1512 διανοίας
2640 1433 2772 1525 τῆς
2829 1430 3021 1531 γεώ-

619 1558 783 1639 δους
821 1553 1097 1652 ἡδονῆς,
1131 1554 1206 1632 ἐν
1244 1552 1468 1655 σαρκί
1503 1586 1605 1636 τις
1654 1553 1854 1631 ἐστὶν
1891 1555 1987 1636 ὡς
2031 1551 2124 1631 τὰ
2171 1557 2299 1652 τῆς
2354 1549 2629 1656 σαρκὸς
2686 1559 3017 1656 φρονῶν·

620 1679 737 1756 καὶ
794 1677 834 1755 ὃ
888 1685 1203 1759 τοιοῦτος
1267 1677 1395 1754 οὐκ
1457 1672 1546 1755 ἂν
1601 1676 1829 1782 ἀρέσῃ
1885 1685 2060 1786 Θεῷ·
2142 1676 2880 1775 καταπλουτήσαντος
2944 1674 3028 1755 δὲ

620 1807 748 1880 τοῦ
809 1807 933 1878 νοῦ
994 1797 1126 1897 τὴν
1188 1797 1306 1877 διὰ
1368 1805 1698 1902 Χριστοῦ
1761 1798 1993 1903 χάριν,
2059 1803 2175 1879 καὶ
2237 1804 2366 1899 τῆς
2431 1799 2714 1879 ἄνωθεν
2765 1800 3027 1903 ἰσχύος
3061 1838 3135 1880 10

620 1921 1189 2024 μεμεστωμένου,
1266 1926 1383 2002 καὶ
1448 1921 1720 2025 ζέοντος
1790 1928 1891 2031 τῷ
1954 1922 2323 2022 πνεύματι,
2400 1925 2518 2002 καὶ
2580 1924 2697 2003 ἐπὶ
2758 1922 3028 2028 ἀρετὴν

622 2045 1083 2130 σπεύδοντος·
1155 2047 1237 2124 οὑ
1275 2053 1531 2125 νοεῖται
1570 2048 1610 2125 ὁ
1648 2053 1966 2131 τοιοῦτος
2003 2048 2062 2128 ἐν
2098 2051 2307 2158 σαρκὶ
2346 2053 2517 2127 ἀλλ’
2558 2049 2619 2127 ἐν
2658 2046 3025 2154 πνεύματι,

622 2173 736 2248 καὶ
776 2165 1085 2255 εὐκόλως
1121 2177 1313 2251 ποιεῖ
1338 2168 1431 2248 τὰ
1467 2169 1740 2273 ἀρεστὰ
1777 2176 1880 2278 τῷ
1917 2176 2107 2278 Θεῷ.

678 2408 749 2476 Εἰ
807 2410 879 2476 δέ
938 2435 1034 2478 τις
1086 2414 1349 2490 Πνεῦμα
1405 2415 1678 2504 Χριστοῦ
1734 2414 1852 2479 οὐκ
1903 2414 2056 2501 ἔχει,
2110 2411 2301 2480 οὗτος
2355 2415 2472 2480 οὐκ
2525 2414 2700 2481 ἔστιν
2759 2415 2989 2486 αὐτοῦ.

740 2582 840 2663 Εἴ
885 2619 993 2670 τις
1046 2587 1171 2666 οὖν
1205 2589 1404 2666 ἐστιν
1439 2589 1516 2666 ἐν
1550 2586 1917 2686 πνεύματι,
1953 2587 2157 2672 οὗτος
2205 2586 2409 2666 ἔσται
2463 2588 2580 2666 καὶ
2629 2588 2706 2665 ἐν
2744 2589 3014 2665 δικαιο-
3059 2628 3133 2685 15

626 2705 815 2814 σύνῃ
877 2711 993 2789 καὶ
1048 2713 1125 2789 ἐν
1187 2709 1357 2815 ζωῇ,
1418 2713 1797 2814 μονονουχὶ
1851 2717 2233 2794 τεθνεῶτος
2287 2719 2417 2790 τοῦ
2479 2714 2608 2809 τῆς
2667 2712 3026 2811 ἁμαρτίας

623 2830 961 2930 σώματος
1016 2836 1133 2912 καὶ
1185 2834 1432 2933 πάσης
1485 2831 1759 2914 ἀτόπου
1813 2835 2258 2934 σβεσθείσης·
2307 2835 2582 2934 ἡδονῆς·
2665 2834 3025 2913 ἀδύνατον

622 2952 767 3060 γὰρ
831 2959 907 3036 ἓν
970 2958 1207 3064 ταύτῷ
1261 2960 1379 3037 καὶ
1435 2959 1597 3038 καθ’
1666 2958 1790 3037 ἕνα
1847 2960 2093 3060 καιρὸν
2152 2958 2606 3058 δικαιοσύνην
2667 2954 2844 3037 εἶναι
2903 2960 3024 3036 καὶ

623 3081 921 3178 ἀδικίαν,
958 3081 1321 3183 ἁγιασμόν
1358 3116 1434 3161 τε
1488 3085 1605 3161 καὶ
1650 3082 2122 3184 ἀκαθαρσίαν.
2201 3090 2482 3180 πνεῦμα
2530 3082 2618 3161 δε’
2653 3089 2897 3186 φαμεν
2933 3082 3022 3162 τὸ

398 3249 500 3285 vor.
523 3246 600 3284 10.
623 3202 1096 3305 ἀνθρώπινον·
1165 3207 1240 3283 ἐν
1284 3201 1360 3284 δὲ
1398 3209 1501 3312 τῷ
1535 3207 1625 3286 Tb
1664 3208 1934 3313 πνεῦμα
1984 3203 2134 3315 ζωῆ,
2171 3209 2260 3311 τῇ
2313 3214 2441 3285 τοῦ
2497 3206 2731 3308 Ἀγίου
2774 3205 3013 3285 Πνεύ·
3055 3238 3138 3277 20

620 3361 848 3428 ματος
920 3327 1475 3430 ζωοποιούμενον
1540 3328 1800 3434 χάριτι,
1866 3333 1980 3410 καὶ
2048 3336 2137 3435 τῇ
2200 3330 2382 3432 πρὸς
2438 3327 2613 3410 αὐτὸ
2689 3332 3027 3436 κοινωνίᾳ

620 3460 986 3532 πλουτοῦν
1031 3453 1509 3551 δικαιοσύνην·
1571 3455 1758 3533 οὕτω
1814 3452 1958 3556 γὰρ
2009 3453 2226 3552 ἐσμὲν
2276 3440 2467 3537 θείας
2523 3453 2820 3558 φύσεως
2863 3488 3017 3533 κοι-

621 3577 855 3655 νωνοί·
933 3575 1331 3679 ἐνοικίζεται
1386 3575 1527 3681 γὰρ
1582 3580 1660 3657 ἐν
1715 3577 1882 3676 ἡμῖν
1937 3577 2054 3658 διὰ
2107 3586 2235 3658 τοῦ
2290 3578 2546 3680 Ἀγίου
2595 3577 3028 3677 Πνεύματος

620 3700 662 3778 ὁ
718 3698 1063 3804 Χριστός.

522 3956 590 3997 11
637 3940 707 4008 Εἰ
745 3942 818 4010 δὲ
856 3944 930 4010 τὸ
965 3944 1229 4020 Πνεῦμα
1268 3951 1380 4009 τοῦ
1420 3942 1793 4034 ἐτείμαντοο
1824 3946 2077 4012 ἸΗσοῦν
2115 3945 2190 4011 ὲκ
2229 3945 2479 4036 νεκρῶν
2518 3943 2684 4012 οἰκεῖ
2721 3948 2795 4013 ἐν
2835 3946 3004 4025 ὑμῖν.
3061 3966 3140 4024 25

730 4112 1162 4219 Ἐγήγερται
1211 4117 1250 4194 ὁ
1306 4116 1570 4219 Κύριος
1617 4118 1822 4216 ἡμῶν
1855 4119 2141 4219 Ἰησοῦς
2189 4120 2229 4198 ὁ
2278 4116 2604 4223 Χριστὸς
2652 4121 2857 4226 παρὰ
2901 4130 3032 4202 τοῦ

690 4376 777 4428 ²⁴·
816 4359 947 4417 Post
969 4362 1100 4417 haec
1134 4361 1337 4417 scholia
1365 4360 1492 4426 due,
1523 4380 1715 4433 nempe
1748 4364 2078 4429 δυσσεβοῦσι
2110 4368 2526 4447 τοιγαροῦνῑ-τῷ
2554 4368 2730 4438 nav-pl
2761 4387 2791 4422 e
2815 4369 2910 4424 lib.
2935 4371 3027 4427 vii.

615 4430 683 4486 ad
725 4431 915 4523 ῌετξιι.
953 4433 1060 4488 666
1096 4432 1300 4504 e-667
1330 4433 1398 4497 b3
1447 4433 1606 4504 δέχου
1645 4433 1735 4517 οὖν
1770 4454 1800 4489 e
1834 4437 1997 4519 'fh-es,
2023 4453 2128 4507 334
2153 4435 2187 4491 d
2217 4455 2247 4490 e
2283 4436 2497 4518 eylubet
2534 4438 2584 4491 Α
2623 4456 2658 4508 p
2702 4479 2715 4493 .
2751 4440 2871 4505 126,
2905 4456 3026 4524 ιη.

616 4502 1075 4631 ἓξέθῃξέἴιγερτω]
1124 4512 1179 4569 4-
1220 4503 1383 4575 γεμὴν
1418 4504 1486 4558 Α.
1568 4504 1769 4561 Parum
1805 4506 2058 4562 exhnbent
2093 4517 2146 4562 et
2181 4517 2221 4563 t.
2259 4508 2495 4579 ulnaeque
2530 4525 2646 4579 ejus
2688 4527 2773 4564 em
2811 4529 3027 4581 genens
