3269 5166
584 311 713 375 156
1187 308 1269 372 Β.
1313 305 1736 373 CYRILLI
1795 304 2380 370 ALEXANDR.
2674 303 2812 368 xxi.
2845 303 2994 367 1-6.

525 505 560 551 e
687 481 801 548 σὺν
840 479 964 547 σοί.
1031 480 1311 548 ὲξηλθον
1360 477 1460 545 καὶ
1508 478 1833 557 ἀνέβησαν
1871 475 1966 542 εἰσ
2011 477 2086 544 τὸ
2124 473 2356 543 πλοῖον
2396 476 2502 540 καί
2537 475 2607 541 ἒν
2645 472 2869 563 ἐκείνη
2905 479 2990 564 τῇ

688 604 865 671 νυκτὶ
916 603 1193 670 ἐπίασαν
1239 604 1448 671 οὐδὲν.
1520 598 1779 694 πρωΐαο
1827 601 1901 669 δὲ
1947 602 2073 669 ἤδη
2118 603 2471 678 Γενομένης
2524 601 2681 667 ἔστη
2727 599 2992 665 Ἰησοῦς

684 729 795 796 ἐπὶ
847 730 959 797 τὸν
1014 726 1331 811 αἰΓιαλόν,
1386 730 1460 795 οὐ
1516 730 1741 807 μέντοι
1791 728 2084 803 ἔΓνωσαν
2134 724 2197 793 οἶ
2242 725 2528 804 μαθηταὶ
2578 728 2682 794 ὅτι
2725 725 2990 790 Ἰησοῦς

522 866 559 926 5
688 855 846 922 ἐστι.
919 856 1095 931 λὲΓει
1147 852 1369 923 αὐτοῖο
1417 856 1453 923 ὀ
1492 856 1748 922 Ἰησοῦς
1791 853 2050 934 Παιδία,
2087 856 2175 931 μή
2213 879 2273 919 τι
2309 854 2716 941 προσφάΓιον
2761 840 2945 937 ἔχετε
2968 880 2989 931 ;

522 982 558 1037 6
685 979 1129 1070 ἀπεκρίθησαν
1167 983 1347 1067 αὐτῷ
1385 980 1496 1047 Οὔ.
1569 983 1605 1048 ὁ
1643 980 1714 1046 δὲ
1761 974 1942 1045 εἶπεν
1981 976 2201 1045 αὐτοῖς
2243 978 2492 1045 Βάλετε
2541 974 2636 1044 εἷο
2672 976 2751 1041 τὰ
2798 974 2987 1042 δεξιὰ
3017 1000 3054 1058 5

686 1106 851 1196 μέρη
904 1112 1019 1173 τοῦ
1073 1105 1305 1172 πλοίου
1359 1106 1434 1174 τὸ
1490 1105 1769 1187 δίκτυον,
1826 1105 1930 1171 καί
1986 1106 2318 1193 εὑρήσετε.
2388 1100 2450 1168 οἶ
2503 1102 2575 1168 δὲ
2629 1095 2815 1166 εἶπον
2869 1100 2976 1165 Δι’

683 1235 844 1301 ἕληο
898 1240 1015 1299 τηε
1071 1236 1301 1303 νυκτόε
1356 1237 1787 1301 κοπιάσαντες
1841 1233 2033 1300 οὐδὲν
2086 1232 2426 1311 ἐλάβομεν,
2471 1230 2581 1296 ἐπὶ
2623 1229 2696 1295 δὲ
2743 1233 2840 1314 τῷ
2888 1234 2991 1314 σῷ

684 1360 959 1437 ὀνόματι
1004 1366 1351 1440 βαλοῦμεν.
1414 1361 1654 1439 ἔβαλον
1692 1355 1826 1439 οὖν,
1865 1358 1978 1424 καὶ
2008 1359 2224 1425 οὐκέτι
2261 1357 2421 1424 αὐτὸ
2458 1356 2724 1422 ἑλκύσαι
2763 1350 2988 1441 ἴσχυον

685 1484 818 1551 ἀπὸ
867 1491 981 1551 τοῦ
1033 1484 1329 1552 πληθουε
1378 1484 1510 1550 τῶν
1558 1482 1819 1572 ἰχθύων.

248 1687 392 1742 1113
415 1686 491 1743 Δ.
524 1702 561 1742 ιι
641 1702 646 1706 ·
692 1670 1332 1774 Ἐπιδαψιλεύεται
1373 1671 1598 1754 πάλιν
1637 1675 1677 1753 ὁ
1722 1672 1985 1775 Κύριος
2020 1674 2223 1774 ἡμῶν
2256 1674 2541 1772 Ἰησοῦς
2580 1672 2621 1750 ὁ
2658 1667 2989 1771 Χριστὸς
3023 1707 3098 1748 ιο

582 1800 730 1878 τοῖς
767 1794 1019 1874 ἑαυτοῦ
1064 1801 1416 1895 μαθηταῖς·
1467 1801 1594 1898 τῆς
1645 1799 1898 1878 ἑαυτοῦ
1948 1795 2389 1877 πολυεύκτου
2425 1795 2589 1878 θέας
2624 1791 2756 1887 τὴν
2793 1789 2986 1872 ἀπό-

583 1928 869 2015 λαυσιν,
910 1921 1025 1997 καὶ
1074 1920 1320 2021 τρίτην
1354 1922 1596 2005 ,αὐτοῖς
1631 1923 1745 2025 ἐφ’
1785 1921 2053 2024 ἑτέραις
2097 1921 2234 2021 ἤδη
2273 1923 2440 2000 δυσὶ
2480 1923 2802 2018 δωρεῖται
2855 1916 2992 2017 τὴν

574 2041 1060 2151 ίε’πιφοίτησιν,
1114 2042 1232 2121 ’ἵνα
1287 2043 1625 2144 δηλονότι
1667 2043 1967 2139 βέβαιόν
2021 2079 2098 2125 τε
2155 2046 2273 2123 καὶ
2328 2046 2405 2121 ἐν
2458 2044 2701 2123 πίστει
2749 2042 2839 2144 τῇ
2891 2046 2992 2124 εἷς

571 2162 800 2270 ,αὐτὸν
837 2166 1146 2250 ἀκλινῶς
1197 2167 1565 2269 ἱδρυμένον
1599 2168 2075 2270 ἐνεργάσηται
2125 2165 2488 2275 φρόνημα.
2557 2171 2624 2246 οἶ
2673 2163 2817 2267 γὰρ
2852 2164 2994 2268 οὐχ
3061 2255 3072 2259 -

582 2285 804 2393 ἅπαξ,
841 2287 1011 2366 ἀλλ’
1049 2290 1185 2390 ἤδη
1222 2294 1339 2370 καὶ
1376 2291 1617 2394 τρίτον
1654 2292 2085 2391 τεθεαμένοι,
2125 2299 2280 2376 πῶς
2319 2293 2447 2371 οὐκ
2482 2288 2991 2392 ὀλιγοπιστίας
3019 2322 3093 2382 15

583 2410 874 2510 ἀπάσης
939 2412 1067 2491 τὸν
1130 2419 1380 2493 οἶκεΐον
1453 2416 2017 2524 ἀπαλλάξαντες
2082 2423 2268 2513 νοῦν,
2339 2418 2456 2496 καὶ
2519 2422 2666 2497 τοῖς
2723 2412 2990 2496 ἅλλοις

581 2531 860 2614 ἅπασιν
905 2538 1219 2640 ἀκριβεῖς
1255 2535 1348 2617 ἀν
1384 2539 1712 2641 ἐγένοντο
1747 2542 2218 2645 μυσταγωγοὶ
2256 2546 2405 2621 τῶν
2445 2543 2573 2640 τῆς
2610 2538 2985 2631 εὐσεβείας

513 2676 556 2740 b
583 2658 1017 2762 δογμάτωνς
1111 2661 1337 2766 ἔξεισι
1399 2663 1636 2743 τοίνυν
1702 2666 1744 2743 ὃ
1807 2665 2082 2769 Πέτρος
2149 2665 2453 2744 ἁλιεύων
2514 2669 2660 2746 τοῖς
2724 2662 2987 2745 ἄλλοις

581 2784 786 2881 ὁμοῦ·
855 2785 1240 2866 συνθέουσι
1290 2785 1437 2888 γὰρ
1473 2790 1592 2867 καὶ
1628 2788 1812 2891 πρὸς
1861 2798 2073 2869 τοῦτο
2118 2786 2498 2890 βαδίζοντι,
2535 2784 2723 2891 τάχα
2757 2819 2827 2864 τι
2868 2789 2990 2864 καὶ

580 2905 697 2987 διὰ
779 2907 1051 2989 τούτων
1127 2914 1666 3008 οἶκονομοῦντος
1736 2911 2099 3017 χρήσιμον
2170 2920 2299 2992 τοῦ
2373 2914 2709 3011 Σωτῆρος
2782 2910 2989 3008 ἡμῶν
3020 2957 3100 2999 20

579 3037 934 3130 Χριστοῦ.
1012 3034 1153 3139 ἔφη
1189 3032 1320 3130 μὲν
1356 3034 1500 3138 γάρ
1536 3069 1681 3115 που
1717 3034 1900 3139 πρὸς
1944 3034 2217 3136 αὐτοὺς,
2254 3035 2374 3115 ὅτε
2411 3032 2539 3115 τὸν
2574 3038 2702 3133 τῆς
2737 3040 2983 3134 μαθη-

580 3156 768 3239 τείας
830 3158 1130 3236 ἐπετίθει
1195 3156 1409 3260 ζυγὸν
1473 3161 1587 3237 καὶ
1650 3158 1830 3262 πρὸς
1904 3157 2037 3258 τὴν
2094 3163 2222 3259 τῆς
2281 3162 2704 3257 ἀποστολῆς
2770 3157 2990 3264 ἀξίαν

242 3301 491 3381 §.Mam
583 3277 821 3359 ἐκάλει
876 3290 920 3326 “
943 3287 1170 3360 Δεῦτε
1221 3281 1459 3360 ὀπίσω
1509 3315 1649 3380 μου
1687 3285 1804 3362 καὶ
1847 3281 2132 3383 ποιήσω
2171 3286 2353 3382 ὑμᾶς
2390 3280 2724 3385 γενέσθαι
2759 3284 2990 3365 ἁλιεῖς

241 3383 310 3418 nr.
342 3382 415 3434 '⁹‘
584 3410 630 3446 “
658 3403 1124 3503 ἀνθρώπων.”
1219 3404 1335 3482 ἵνα
1396 3404 1471 3484 δὲ
1534 3403 1760 3486 πάλιν
1822 3404 2076 3490 αὐτοὺς
2136 3409 2232 3491 ὡς
2288 3409 2364 3486 ἐν
2428 3408 2630 3515 τύπῳ
2693 3416 2981 3509 πληρο-

583 3522 880 3631 φορήσῃ
932 3532 1168 3631 παχεῖ,
1216 3560 1326 3606 οτι
1381 3524 1471 3626 δὴ
1525 3525 1813 3613 πάντως
1867 3527 1952 3609 τὸ
2008 3529 2370 3632 εἰρημένον
2423 3530 2829 3631 ἐκβήσεται,
2865 3533 2986 3609 καὶ
3022 3571 3104 3632 25

582 3654 679 3732 εἷς
748 3647 881 3748 τὴν
935 3653 1062 3750 τῆς
1124 3651 1463 3749 ἀληθείας
1523 3651 2018 3752 ἐκτελευτήσει
2077 3652 2376 3752 δύναμιν
2438 3654 2484 3753 ἡ
2561 3650 2987 3758 ὑπόσχεσις,

581 3772 671 3879 ἐξ
732 3773 950 3852 αὐτοῦ
1009 3780 1138 3852 τοῦ
1198 3771 1378 3870 μετὰ
1445 3781 1686 3878 χεῖρας
1745 3773 1949 3859 ὄντος
2006 3776 2560 3875 ἐπιτηδεύματος
2622 3778 2987 3857 ἀναπείθει

581 3901 867 4002 σαφῶς.
953 3930 1020 3975 οι
1078 3930 1208 3994 μεν
1270 3895 1412 4000 γὰρ
1477 3897 1809 3999 μακάριοι
1869 3905 2183 3999 μαθηταὶ
2244 3900 2339 3980 τὰ
2401 3904 2478 3981 ἐκ
2536 3905 2663 4000 τῆς
2728 3903 2986 3987 οἰκείας

522 4053 560 4099 ο
582 4016 1093 4122 ἐνεργήσαντες
1163 4018 1436 4125 τέχνης,
1503 4026 1920 4126 ἰχθυοθῆραι
1989 4022 2064 4103 δὲ
2139 4022 2349 4125 ἦσαν,
2415 4026 2715 4105 ἐπίασαν
2784 4021 2985 4118 οὐδὲν,

655 4296 703 4335 1.
740 4227 1003 4349 ἀντὲἕξιῒαν
1022 4279 1082 4335 F.
1153 4282 1340 4337 πλοιον
1364 4282 1428 4337 Ε.
1434 4282 1493 4337 F.-
1517 4283 1668 4341 εὐθὺς
1689 4284 1901 4340 rubrioe
1914 4285 2130 4341 exbibet
2148 4287 2191 4342 F
2212 4306 2324 4360 mg.
2339 4286 2484 4343 unde
2500 4290 2688 4343 πλοῖον
2710 4287 2984 4347 εὖθὺςΕᾶ.

678 4347 738 4394 εἷς
758 4352 927 4392 rubrica

617 4441 632 4455 .
668 4400 753 4456 ε’πὶ
938 4400 998 4456 F.
1255 4401 1308 4457 6.
1344 4403 1406 4458 οὔ
1430 4405 1590 4459 κεῖται
1612 4404 1670 4460 ἐν
1692 4405 1876 4462 ἄλλοις
1899 4408 1949 4460 οἷ
1972 4406 2029 4461 δὲ
2055 4404 2534 4479 εἷπον-βαλοῦμεν
2556 4407 2778 4464 adnotat
2802 4409 2847 4464 F

757 4470 905 4544 ματι]
936 4469 1252 4555 Legendum
1276 4482 1338 4528 ut
1361 4473 1470 4530 vid.
1493 4474 1682 4547 ῥήματι
1707 4485 1769 4530 ut
1792 4474 1959 4532 bisin
1983 4495 2179 4534 comm.
2485 4499 2568 4535 10.
2606 4483 2638 4534 ὁ
2660 4482 2752 4536 alt.
2777 4497 2885 4535 om.

578 4556 666 4610 25.
667 4472 761 4598 ὀδὶ
785 4560 884 4616 pro
908 4543 970 4612 δὴ
998 4542 1207 4614 Migne.
