3269 5166
305 431 567 498 [vu]

280 759 414 811 neb.
435 760 521 811 xii.
540 775 587 812 α.

281 1109 361 1160 Ib.
386 1109 442 1161 ii.
466 1125 540 1172 14,

285 1187 361 1239 15.

283 2111 380 2191 ,¹..S‘
397 2111 436 2161 J
436 2127 549 2163 oan.

280 2193 351 2226 ιιι.
372 2191 417 2225 a.

280 2243 429 2293 Rom.
449 2241 554 2292 viii.

284 2320 366 2371 23.

283 2607 416 2659 Phil.
430 2609 499 2659 iii.
518 2623 594 2659 τι.

614 332 745 395 300
960 329 1041 395 B.
1088 328 1465 395 CYRILLI
1518 328 2053 396 ALEXANDB..
2103 330 2677 397 FRAGMENTA
2770 355 2883 397 xv.
2922 351 3016 399 ια.

615 499 880 596 νεκρῶν
910 491 1381 578 ἀναστάσεως
1432 492 1516 573 τὸ
1564 493 1987 595 μυστήριον,
2022 494 2425 597 ἠγνοήκασι
2472 501 2854 580 παντελῶς
2889 499 3020 595 τῆς
3129 598 3138 605 ,

613 615 1216 721 ἐνανθρωπήσεως
1243 624 1373 697 τοῦ
1410 620 1869 718 Μονογενοῧς
1901 615 2030 697 τὸν
2064 618 2367 699 σκοπήν
2419 616 2671 721 γέγονε
2703 616 2855 722 γὰρ
2892 619 3019 698 ἀν-

617 746 902 843 θρωπος
929 741 1014 820 οὐ
1049 741 1132 819 δι’
1158 738 1408 821 ἑαυτὸν
1442 740 1483 819 5
1515 739 1702 824 Θεὸς
1729 736 1993 841 Λόγος,
2021 750 2072 788 “
2094 743 2250 821 ἀντὶ
2278 740 2354 822 δὲ
2387 745 2518 842 τῆς
2551 741 3019 845 προκειμένης

619 873 663 912 “
696 863 890 970 αὐτῷ
943 869 1170 968 χαρᾶς
1227 863 1543 961 ὑπέμεινε
1587 859 1929 965 σταυρὸν,
1979 863 2328 968 αἰσχύνης
2381 863 3015 970 καταφρονήσης·”

617 984 733 1066 διά
781 993 994 1066 ποῖαν
1029 985 1280 1087 αἰτίαν,
1318 983 1586 1093 διδάξει
1636 985 1874 1088 λέγων
1908 985 2120 1072 αὐτὸς
2163 989 2205 1067 5
2241 986 2673 1095 σοφώτατος
2711 992 3019 1072 Παῦλος
3041 1016 3079 1077 5

619 1120 662 1157 “
699 1107 994 1209 Ἐπειδὴ
1030 1109 1176 1213 γάρ
1209 1108 1301 1190 τὰ
1349 1109 1597 1190 παιδία
1645 1110 2143 1210 κεκοινόνηκεν
2178 1109 2475 1210 αἵματος
2530 1114 2647 1191 καὶ
2701 1111 3013 1213 σαρκὸς,

619 1243 663 1281 “
695 1236 813 1313 καὶ
862 1230 1074 1318 αὐτὸς
1117 1233 1650 1336 παραπλησίως
1697 1233 2046 1338 μετέσχεν
2081 1239 2227 1313 τῶν
2263 1235 2518 1332 αὐτῶν,
2551 1234 2671 1313 ἵνα
2717 1232 2839 1313 διὰ
2888 1243 3018 1314 τοῦ

618 1366 661 1405 “
697 1354 1006 1436 θανάτου
1063 1354 1488 1460 καταργήσῃ
1545 1352 1674 1435 τὸν
1730 1353 1815 1435 τὸ
1875 1354 2132 1458 κράτος
2191 1355 2448 1460 ἔχοντα
2504 1364 2635 1437 τοῦ
2678 1355 3017 1455 θανᾶτου,

617 1488 662 1526 “
696 1476 1023 1559 τουτέστι
1057 1478 1186 1558 τὸν
1223 1479 1591 1576 διάβολον,
1630 1482 1747 1558 καὶ
1782 1479 2181 1586 ἀπαλλάξῃ
2235 1479 2529 1564 τούτους
2575 1479 2743 1561 ὅσοι
2799 1480 3018 1589 φόβῳ

618 1611 662 1650 “
699 1601 1008 1681 θανάτου
1037 1599 1152 1680 διὰ
1185 1598 1453 1684 παντὸς
1485 1608 1615 1680 τοῦ
1646 1598 1781 1703 ζῆν
1816 1599 2050 1705 ἔνοχοι
2087 1600 2280 1701 ἦσαν
2318 1601 2714 1687 δουλείας·”
2760 1606 3020 1684 οὐκοῦν
3047 1637 3124 1678 10

619 1729 678 1803 εἶ
713 1721 813 1822 μὴ
853 1728 1268 1829 καταργηθῇ
1305 1721 1632 1821 θάνατος,
1669 1729 1931 1804 εἰκαῖον
1965 1726 2160 1833 αὐτῷ
2195 1725 2280 1805 τὸ
2316 1726 2629 1825 σκέμμα,
2668 1725 3021 1827 ἀνόνητον
3093 1815 3110 1828 .

619 1846 708 1927 δὲ·
731 1851 848 1928 καὶ
885 1849 1051 1948 ἡμῖν
1077 1850 1314 1931 αὐτοῖς
1348 1852 1476 1947 τῆς
1508 1845 1687 1946 μετὰ
1721 1846 1996 1947 σαρκὸς
2033 1851 2434 1949 οἰκονομίας
2469 1847 2556 1929 τὸ
2589 1849 3017 1952 μυστήριον·

621 1971 1195 2074 διημαρτήκαμεν
1230 1969 1306 2050 δὲ
1327 1974 1445 2051 καὶ
1471 1975 1598 2070 τῆς
1634 1976 1732 2055 εἰς
1759 1969 1945 2075 ζωὴν
1971 1972 2286 2057 ἐλπίδος·
2328 1971 2732 2073 κεκλήμεθα
2761 1972 2837 2054 δὲ
2863 1981 3022 2060 πῶς

620 2099 718 2179 εἷς
770 2095 1128 2175 υἱοθεσίαν
1171 2094 1292 2175 καί
1341 2097 1560 2191 ἐσμεν
1617 2094 1829 2174 τέκνα
1883 2099 2097 2191 Θεοῦ,
2148 2094 2338 2175 καθά
2390 2106 2621 2202 φησιν
2676 2095 3019 2198 Ἰωάννης

621 2219 663 2297 5
701 2217 989 2324 σοφόςς
1052 2217 1247 2320 εἴπερ
1299 2220 1500 2297 ἐστὶν
1533 2217 1798 2317 ἀληθὲς
1848 2221 1945 2302 ὡς
1999 2228 2044 2266 “
2071 2220 2432 2299 υἱοθεσίαν
2481 2220 3019 2326 ἀπεκδεχόμεθα
3055 2260 3128 2316 15

618 2339 751 2440 τὴν
808 2341 1318 2444 ἀπολύτρωσιν
1390 2348 1518 2420 τοῦ
1593 2341 1933 2440 σώματος
1997 2342 2262 2441 ἡμῶν,”
2328 2349 2501 2424 ποῖα
2566 2342 2642 2423 δὲ
2707 2342 2904 2429 ὅλως
2967 2345 3018 2444 ἦ

618 2462 1146 2566 ἀπολύτρωσις,
1215 2470 1272 2543 εἶ
1336 2461 1438 2562 μὴ
1500 2462 1814 2545 θανάτου
1879 2466 2232 2571 κρείττους
2295 2467 2480 2567 ἡμᾶς
2544 2469 2917 2575 ἀπέφηνεν
2974 2470 3018 2549 5

617 2586 987 2690 Χριστόςς
1049 2585 1096 2688 ἢ
1135 2595 1289 2672 πῶς
1345 2598 1388 2634 “
1414 2590 2033 2694 μετασχηματίσει
2081 2589 2167 2671 τὸ
2210 2598 2430 2690 σῶμα
2482 2596 2609 2691 τῆς
2665 2594 3020 2674 ταπεινό-

617 2723 661 2761 “
696 2748 885 2799 σεως
942 2714 1144 2814 ἡμῶν
1202 2714 1643 2824 σύμμορφον
1701 2720 1804 2822 τῷ
1868 2714 2157 2816 σώματι
2217 2720 2346 2816 τῆς
2408 2714 2624 2824 δόξης
2689 2719 2916 2799 αὐτοῦ
2942 2718 3016 2816 ;”

615 2844 818 2922 ποῖος
872 2836 1015 2941 γὰρ
1053 2836 1243 2924 ὅλως
1278 2840 1321 2919 5
1357 2844 1564 2919 τοῦδε
1601 2836 1866 2942 καιρὸς,
1903 2844 1962 2919 εἰ
2012 2836 2114 2940 μὴ
2153 2839 2587 2946 ἀπρακτήσῃ
2636 2839 3010 2940 θάνατος;
3050 2879 3131 2921 20

616 2958 663 3061 ἢ
708 2968 911 3046 ποῖος
965 2960 1172 3042 ἔσται
1226 2961 1939 3067 μετασχηματισμὸς,
1974 2970 2122 3048 τοῖς
2167 2964 2242 3043 ἐν
2283 2963 2679 3064 ταυτότητι,
2717 2973 3019 3065 μᾶλλον

618 3083 694 3165 δὲ
728 3088 848 3165 καὶ
881 3088 958 3165 ἐν
991 3087 1313 3191 χείροσιν
1347 3084 1714 3185 ἐσομένας
1743 3118 1764 3184 3

720 3206 983 3314 Ἀθρει
1032 3207 1107 3289 δὲ
1142 3208 1335 3294 ὅπως
1376 3209 1835 3312 περιίστησιν
1872 3210 2212 3315 εὐτέχνως
2248 3217 2345 3295 εἰς
2395 3211 2791 3314 ἀναγκαίαν
2827 3214 3010 3313 ὁμο-

617 3332 875 3435 λογίαν
928 3341 1057 3413 τοῦ
1112 3337 1368 3438 χρῆναι
1435 3331 1675 3435 λέγειν
1735 3336 1831 3418 ὦς
1890 3334 2423 3430 ἀναβιῶσονται
2481 3334 2665 3415 κατὰ
2728 3335 3019 3440 καιροὺς

617 3453 712 3535 τά
764 3458 842 3535 ἐκ
888 3461 1023 3558 γῆς
1073 3457 1275 3557 ἡμῶν
1309 3455 1644 3555 σώματα.
1730 3464 1781 3536 εἰ
1825 3455 1970 3560 γὰρ
2008 3455 2119 3558 δὴ,
2155 3462 2369 3566 φησὶ,
2411 3456 2529 3539 διὰ
2581 3457 2829 3560 πάσης
2884 3464 3018 3562 τῆς
3050 3493 3128 3554 ²5

617 3579 1098 3661 θεοπνεύστου
1161 3583 1452 3687 γραφῆς
1505 3579 1977 3684 ἐγηγερμένος
2043 3582 2123 3662 ἐκ
2190 3617 2412 3689 νεκρων
2477 3582 3018 3685 διακεκήρυκται

615 3703 915 3814 Χριστος,
954 3702 1102 3790 πῶς
1157 3703 1461 3806 λέγουσιν
1515 3705 1574 3785 ἓν
1620 3709 1770 3810 υμῖν
1819 3738 1977 3791 τινες
2032 3703 2127 3785 ὅτι
2182 3706 2563 3792 ἀνάστασις
2616 3706 2838 3857 νεκρὶιῖν
2898 3714 3019 3790 οὐκ

616 3861 838 3909 εστιν·
819 3890 840 3926 ,
904 3828 1254 3909 ἀπέθανεν
1287 3826 1464 3930 γὰρ,
1506 3830 1604 3913 ὡς
1642 3826 1777 3928 ἤδη
1814 3827 2232 3934 φθάσαντες
2268 3863 2574 3926 ειπομεν,
2610 3830 2750 3935 οὐχ
2786 3832 3022 3940 ἑαυτῷ

613 3959 905 4065 μᾶλλον
958 3951 1128 4032 ἀλλ’
1182 3951 1373 4051 ἡμῖν·
1467 3952 1552 4030 ἵν’
1611 3951 1895 4054 ἐπείπερ
1959 3954 2117 4032 ἐστὶ
2178 3950 2319 4056 ζωὴ
2380 3951 2562 4032 κατά
2624 3956 2858 4059 φύσιν
2920 3959 3021 4040 ὡς

615 4073 823 4172 Θεὸς,
859 4079 961 4182 τῷ
1015 4074 1300 4183 θανάτῳ
1352 4079 1480 4174 τῆς
1537 4075 1716 4160 ἰδίας
1753 4074 2028 4178 σαρκὸς
2066 4074 2492 4182 καταργήσῃ
2543 4076 2879 4178 θάνατον,
2918 4082 3021 4165 ὡς
3049 4120 3130 4179 30

768 4277 1016 4344 αγνοοῦσι
1043 4273 1118 4328 Η.
1194 4275 1387 4331 Statim
1409 4281 1676 4335 παντελῶς
1698 4294 1807 4333 om.
1836 4277 1913 4334 H.
1971 4229 1984 4246 ·
2282 4295 2336 4350 3.
2372 4282 2466 4334 τοῦ
2490 4283 2628 4335 Θεοῦ
2651 4298 2751 4351 pro
2776 4284 2913 4340 Θεὸς
2939 4282 3018 4338 H.

614 4342 806 4415 Λόγος]
834 4345 1007 4415 pergit
1027 4343 1257 4400 ἀλλ’ἵνα
1252 4347 1410 4436 ἡμᾶς
1432 4348 1709 4419 ἀπαλλάξῃ
1732 4349 1969 4405 θανάτου.
2007 4349 2055 4404 εἷ
2077 4350 2133 4404 δὲ
2156 4348 2226 4417 μὴ
2253 4348 2370 4420 (11)
2400 4350 2475 4404 H.
2710 4369 2766 4422 9.
2802 4354 3021 4410 τούτους

611 4430 721 4468 om.
747 4415 816 4470 A.
1029 4434 1109 4471 11.
1147 4438 1271 4486 κατ-η
1177 4416 1456 4560 ἐῖήρζιςται
1483 4417 1558 4474 H.
1767 4434 1851 4474 12.
1886 4418 2335 4488 τῆς-μυστῆριον
2356 4437 2467 4474 om.
2494 4418 2569 4475 H.
2793 4438 2879 4514 13.
2913 4424 3019 4494 γὰρ

611 4502 711 4575 pro
735 4486 791 4540 δὲ
803 4486 965 4576 prius
994 4486 1068 4542 H.
1192 4488 1297 4543 ’λπι
1386 4487 1613 4628 ]ἶ)ει·3ἰ1;
1638 4484 1743 4544 εἶτα
1770 4490 1926 4545 εῐπών
1942 4499 2087 4548 Τινες
2107 4492 2314 4559 μᾶλλον
2337 4489 2712 4548 σαδδουκαίους
2734 4493 3020 4550 aberro-m

612 4555 732 4613 τοὺς
752 4555 824 4627 μὴ
847 4555 1148 4628 λέγοντας’
1117 4560 1405 4615 ανάστασιν
1452 4577 1489 4630 p
1533 4576 1660 4630 301,
1687 4560 1744 4630 8)
1773 4559 1846 4614 H.
2118 4574 2204 4632 25.
2243 4563 2331 4631 τῆς
2354 4577 2462 4617 om.
2490 4560 2702 4633 Migne.
