3269 5166
233 345 301 409 ii.
329 358 390 427 7,
417 345 477 409 8.
718 345 826 411 IN
882 344 1401 412 EPISTOLAM
1459 343 1587 407 AD
1651 342 2153 409 HEBRAEOS.
2503 344 2686 510 383[
2829 443 2890 494 M

2713 456 2808 494 110
2894 445 2956 511 .]

232 512 367 609 Τῆς
399 510 513 617 ἐφ’
551 509 723 610 ἡμῖν
757 508 1185 612 ἡμερότητος
1219 508 1352 608 τὴν
1388 505 1823 611 ὑπερβολήν·
1881 518 1925 555 “
1954 508 2055 589 Τι’
2086 504 2229 611 γάρ
2264 509 2466 587 ἐστιν
2502 506 2628 586 ἄν·
2659 527 2823 643 ὀδυΡη
2843 543 2948 576 ver.

235 644 282 679 “
319 639 629 737 θρωπος,
668 634 921 738 φησὶν,
960 631 1069 712 ὅτι
1111 631 1483 736 μιμνήσκῃ
1538 632 1778 730 αὐτοῦ,
1813 629 1860 733 ἢ
1916 629 2063 714 υἱὸς
2107 631 2489 735 ἀνθρώπου
2524 628 2636 710 ὅτι
2699 630 2710 642 ’

235 765 283 803 “
318 754 718 862 ἐπισκέπτῃ
744 753 962 835 αὐτόν
993 757 1059 853 ;”
1117 755 1203 835 τὸ
1239 755 1493 858 μικρὸν
1520 756 1708 834 οὕτω
1737 759 1853 834 καὶ
1881 752 2158 839 εὐτελὲς
2184 757 2301 835 καὶ
2329 751 2473 834 ἀπὸ
2501 751 2635 856 γὴς

234 877 440 987 ζῷον.
512 878 893 978 ἠλάττωσε
930 876 1075 982 γὰρ
1118 876 1336 959 αὐτὸν
1383 876 1626 982 βραχύ
1671 912 1742 957 τι
1781 877 1952 981 παρ’
1992 877 2371 980 ἀγγέλους,
2411 876 2626 976 ἦττή·
2660 896 2741 946 Ib-
2763 908 2806 960 7·

172 1027 208 1087 5
234 1008 426 1102 μεθα
479 1000 623 1103 γὰρ
676 1003 1282 1105 ὡμολογουμένως
1337 1005 1466 1100 τῆς
1514 1007 1662 1080 τῶν
1708 1002 1935 1103 ἁγίων
1971 1001 2306 1103 ἀγγέλων
2345 1000 2636 1105 φύσεώς

237 1160 315 1205 τε
372 1130 491 1206 καὶ
548 1124 790 1232 δόξης.
869 1128 1124 1204 οὐκοῦν
1179 1132 1339 1239 τιμῇ
1392 1159 1469 1204 τε
1530 1135 1652 1205 καὶ
1713 1121 1864 1241 δόξῃ
1916 1131 2329 1232 στεφανοῦν
2365 1124 2636 1231 ἠξίωσε

238 1252 359 1329 καὶ
416 1247 794 1350 λαμπροὺς
851 1248 1217 1356 ἀπέδειξεν
1274 1250 1315 1329 ὃ
1374 1256 1519 1329 τῶν
1576 1248 1770 1328 ὅλων
1816 1249 2029 1331 Sede·
2110 1246 2634 1353 κεχειροτόνηκε

238 1371 390 1476 γάρ
442 1377 540 1457 εἰς
594 1370 825 1477 ἀρχὴν
870 1379 1017 1452 τῶν
1052 1374 1168 1452 ἐπὶ
1212 1375 1340 1472 τῆς
1384 1377 1517 1473 γῆς
1555 1375 1673 1452 καί
1711 1372 2155 1469 κατέστησεν
2192 1381 2236 1419 “
2272 1370 2489 1451 αὐτὸν
2523 1371 2636 1451 ἐπὶ
2662 1385 2747 1434 1³⁸·
2769 1384 2873 1435 viii.
2897 1398 2941 1450 7·

242 1508 285 1544 “
319 1494 414 1576 τὰ
448 1496 627 1598 ἔργα
661 1503 807 1575 τῶν
845 1502 1100 1601 χειρῶν
1111 1496 1151 1523 ”
1190 1498 1434 1576 αὐτοῦ.

142 1653 214 1694 ιο
354 1623 505 1699 Καὶ
538 1619 928 1718 τεθαύμακε
965 1618 1094 1718 μὲν
1131 1618 1416 1705 εἰκότως
1451 1617 1544 1701 τὰ
1581 1621 1693 1725 ἐφ’
1724 1619 1893 1718 ἡμῖν
1920 1621 1961 1699 ὃ
1982 1616 2325 1722 μακάριος
2349 1617 2635 1698 Δαυείδ·

234 1742 562 1848 τεχνίτης
609 1742 685 1823 δὲ
734 1743 903 1822 λίαν
940 1743 1282 1849 ὑπάρχων
1316 1747 1414 1827 εἰς
1462 1744 1732 1826 ἐννοίας
1774 1740 2255 1840 πνευματικὰς
2290 1743 2331 1822 ὃ
2370 1741 2630 1847 σοφώ·

231 1900 456 1951 τατος
495 1873 815 1966 Παῦλος,
848 1866 1243 1971 περιτρέπει
1282 1866 1411 1967 μὲν
1447 1869 1732 1950 ἀστεῖος
1769 1872 1864 1951 εἰς
1898 1865 2249 1973 ἐξήγησιν
2279 1864 2636 1967 μυστικὴν

233 1996 388 2071 τῶν
442 1989 823 2093 εἰρημένων
874 1989 1006 2090 τὴν
1062 1989 1383 2090 δύναμιν,
1425 1989 1838 2091 οἰκουμένην
1881 1989 1956 2069 δὲ
2010 1990 2442 2087 μέλλουσαν
2476 1991 2634 2070 ὀνο-
2658 2005 2823 2072 Supra
2843 2023 2948 2057 ver.

235 2112 441 2217 μάζει
492 2123 619 2193 τοῦ
662 2113 843 2213 μετὰ
888 2122 1141 2194 τοῦτον
1176 2120 1428 2199 αἰῶνος
1462 2112 1594 2213 τὴν
1630 2111 2106 2208 κατάστασιν,
2143 2116 2259 2193 καί
2296 2110 2428 2213 τὴν
2464 2114 2631 2193 ἐσο-
2660 2084 2708 2136 ⁵⁶

140 2267 209 2327 15
236 2239 460 2337 μένην
509 2235 693 2317 κατὰ
746 2237 1029 2342 καιροὺς
1082 2243 1229 2318 τῶν
1284 2236 1634 2318 δοθέντων
1690 2237 1858 2336 ἡμῖν
1912 2236 2375 2342 ἐπανάληψιν
2415 2236 2639 2339 ἤγουν

237 2359 725 2464 ἐκπλήρωσιν.
808 2362 1394 2460 διαπεπτώκαμεν
1445 2360 1613 2464 γὰρ,
1657 2364 1752 2445 ὡς
1796 2361 2008 2467 ἔφην,
2055 2365 2182 2460 τῆς
2230 2357 2519 2465 χάριτος
2565 2361 2641 2439 ἐν

235 2483 508 2585 Ἀδάμ·
590 2485 858 2589 εἴρηται
907 2483 1037 2585 μὲν
1072 2483 1216 2589 γάρ
1253 2488 1347 2568 ὡς
1386 2484 1621 2593 ἐκείνῳ
1662 2487 1780 2564 καὶ
1826 2484 2091 2595 πρώτῳ
2129 2491 2218 2592 τῇ
2258 2482 2640 2588 ἀνθρώπου

239 2608 463 2714 φύσει
514 2608 607 2689 το’
654 2619 699 2656 “
732 2609 1151 2716 Αὐξάνεσθε
1195 2612 1312 2689 καὶ
1362 2608 1821 2709 πληθύνεσθε
1874 2612 1991 2689 καὶ
2046 2609 2641 2713 κατακυριεύσατε
2666 2626 2795 2678 Gen.
2815 2627 2849 2677 i.
2874 2629 2952 2678 ²8·

237 2741 282 2778 “
314 2733 607 2832 αὐτῆς·”
689 2735 782 2813 νῧν
820 2729 892 2814 δὲ
945 2735 1128 2813 οὔπω
1173 2735 1405 2841 φησὶν
1443 2733 1680 2841 ὁρᾶμεν
1717 2739 1900 2843 αὐτῷ
1950 2732 2044 2815 ra
2101 2734 2337 2816 πάντα
2390 2739 2632 2814 ὑποτε-
2665 2765 2770 2800 vor.
2796 2750 2844 2800 8·

142 2895 215 2936 20
237 2854 580 2958 ταγμένα.
672 2858 926 2937 οὐκοῦν
987 2854 1116 2937 τὸν
1174 2865 1302 2937 τοῦ
1374 2856 1800 2960 πράγματος
1864 2857 2110 2961 καιρὸν
2171 2859 2410 2963 ἕτερον
2469 2857 2644 2938 ὄντα

237 2978 659 3082 ζητήσωμεν
695 2983 859 3060 καθ’
914 2978 997 3060 ὃν
1032 2979 1237 3061 ἔσται
1295 2984 1412 3061 καὶ
1466 2980 1731 3081 ἀληθὲς
1785 2981 1871 3062 τὸ
1928 2983 2039 3087 ἐφ’
2079 2982 2247 3080 ἡμῖν
2281 2980 2645 3082 εἰρημένον

234 3101 435 3207 παρὰ
490 3111 620 3183 τοῦ
674 3103 1074 3210 ψεύδεσθαι
1129 3103 1229 3205 μὴ
1280 3101 1550 3189 εἰδότος
1588 3109 1800 3189 Θεοῦ.
1877 3105 2217 3210 ταύτῃτοί
2265 3113 2455 3211 φησι
2511 3103 2643 3203 τὴν

235 3226 652 3327 οἰκουμένην
715 3227 848 3328 τὴν
900 3229 1335 3330 μέλλουσαν
1405 3229 1534 3308 οὐκ
1609 3228 1954 3330 ἀγγέλοις
2027 3235 2322 3328 μᾶλλον
2381 3228 2638 3308 ὑποτε-

234 3350 499 3456 τάχθαι
532 3351 703 3453 παρ’
745 3352 983 3448 αὐτοῦ,
1022 3353 1473 3454 δεδωρῆσθαι
1511 3350 1603 3443 δὲ,
1621 3360 1835 3431 τοῦτο
1871 3360 2018 3435 τοῖς
2055 3352 2167 3432 ἐπὶ
2204 3355 2332 3450 τῆς
2368 3355 2526 3453 γῆς.

138 3504 210 3564 25
332 3474 515 3555 Ὅτι
565 3474 643 3554 δὲ
677 3480 838 3577 περὶ
892 3478 1021 3573 τῆς
1076 3473 1497 3574 μελλούσης
1552 3473 1721 3573 ἡμῖν
1767 3475 2175 3575 οἰκουμένης
2229 3480 2296 3555 οὶ
2349 3510 2638 3573 μυστα-

237 3600 466 3699 γωγοὶ
502 3599 978 3700 διαλέγονται,
1013 3604 1169 3682 πῶς
1214 3595 1306 3677 ἂν
1349 3597 1745 3678 ἐνδοιάσειέ
1786 3633 1894 3683 τις
1924 3631 1944 3693 ;
2004 3596 2442 3706 ἀφιστάντες
2496 3598 2642 3705 γὰρ

233 3729 378 3803 τῶν
426 3720 938 3821 ἐνεστηκότων,
982 3719 1206 3823 ζητεῖν
1255 3723 1725 3802 ἀναπείθουσι
1781 3720 1873 3803 τὰ
1920 3721 2229 3823 ἐσόμενα
2285 3725 2402 3803 καὶ
2458 3734 2503 3771 “
2527 3726 2641 3804 ε’πί
2667 3743 2797 3793 Phil
2813 3744 2980 3806 iii-14·

237 3858 279 3894 “
311 3844 399 3927 τὸ
455 3853 802 3949 βραβεῖον
844 3849 971 3945 τῆς
1009 3845 1158 3925 ἅνω
1197 3843 1582 3946 κλήσεως”
1631 3847 2042 3950 ἐπείγεσθαι
2099 3851 2243 3927 δεῖν
2299 3855 2633 3944 συμβου-

232 3972 533 4052 λεύουσι
583 3972 701 4051 καὶ
746 3968 879 4069 τὴν
910 3976 1057 4050 τῶν
1093 3971 1319 4073 ἁγίων
1355 3971 1616 4050 ἐλπίδα
1668 3974 1894 4077 διψῆν
1931 3971 2098 4050 καθ’
2138 3968 2227 4070 ἣν
2261 3967 2355 4050 τὰ
2400 3970 2642 4052 πάντα

135 4119 212 4175 30
232 4096 473 4178 αὐτοῖς
540 4092 1120 4199 ὑποταχθήσεται
1184 4095 1301 4173 καὶ
1367 4094 2011 4198 κατακυριεύσουσι
2077 4098 2203 4193 τῆς
2262 4099 2418 4197 γῆς.
2525 4098 2642 4175 καὶ

233 4216 446 4302 αὐτὸς
483 4219 525 4297 ὃ
566 4217 826 4320 Σωτὴρ
862 4218 1281 4319 διεμέμνητο
1329 4218 1569 4320 λέγων
1621 4227 1668 4265 “
1698 4216 2065 4320 Μακάριοι
2112 4223 2180 4297 οὶ
2233 4226 2483 4321 πραεῖς
2533 4216 2927 4359 &cg-21⁸&

236 4353 279 4391 “
314 4344 514 4424 αὐτοὶ
572 4339 1210 4445 κληρονομήσουσι
1266 4338 1398 4441 τὴν
1436 4343 1645 4442 γῆν.”
1718 4341 1823 4426 τίς
1873 4342 2000 4422 οὖν
2044 4341 2185 4446 ἄρα
2238 4344 2439 4423 ἐστὶν
2475 4343 2515 4421 ὃ
2554 4343 2638 4422 δι’
2704 4331 2717 4345 ’
2773 4330 2786 4343 ’

1164 4517 1213 4573 6.
1252 4540 1309 4573 τε
1334 4518 1483 4589 prius
1507 4535 1616 4573 om.
1645 4516 1738 4573 Cr.
