3269 5166
597 336 686 401 34
1206 344 1286 409 B.
1335 342 1760 408 CYRILLI
1819 341 2402 408 ALEXANDR.
2691 338 2871 405 xviii.
2899 358 3008 405 21.

596 501 843 585 τύπων
898 503 1178 613 ἔρχεται
1242 509 1359 588 καὶ
1426 514 1660 607 σκιᾶς,
1719 510 1838 588 καὶ
1903 507 2318 615 ἀναφανδὸν
2377 507 2461 587 οὐ
2525 502 2846 587 διδάσκει
2917 501 3010 583 τὸ

597 627 854 710 δοκοῦν
912 637 1016 740 τῷ
1074 637 1262 741 Θεῷ,
1321 630 1718 715 πλάττεται
1785 630 1862 714 δὲ
1926 639 2221 732 μᾶλλον
2282 634 2409 732 τῆς
2474 628 2815 730 ἀληθείας
2885 627 3005 733 ἐφ’

258 764 520 821 1025Δ-
539 777 574 818 a
596 751 870 839 ἑαυτοῖς
941 755 1073 857 τὴν
1139 755 1537 864 ὑπόληψιν,
1602 760 1720 838 καὶ
1793 763 1885 864 τῇ
1957 756 2316 862 παχύτητι
2389 762 2520 836 τοῦ
2581 752 3008 858 γράμματος

595 879 1188 984 κατημφιεσμένα
1262 880 1540 983 γυμνὴν
1606 881 1735 961 οὐκ
1807 880 2125 988 εἰσφέρει
2191 886 2337 961 τῶν
2399 878 2810 981 ἀναγκαίων
2866 873 3009 976 τὴν

591 998 890 1101 εἴδησιν·
962 1002 1100 1108 ἐγῶ
1151 1005 1212 1087 ἐν
1251 1006 1590 1118 παρῥησία
1639 1004 2018 1100 λελάληκα
2066 1013 2159 1115 τῷ
2211 1005 2472 1114 κόσμῳ·
2559 999 3006 1103 αἰνιγμάτων
3034 1023 3074 1085 5

590 1122 737 1227 γὰρ
791 1126 958 1233 δίχα
1012 1133 1131 1209 καὶ
1184 1136 1398 1214 σκιᾶς
1454 1133 1583 1230 τῆς
1637 1135 1786 1210 τῶν
1833 1131 2130 1231 ἀγαθῶν
2186 1127 2372 1214 ἰδέας
2426 1125 2815 1234 παρέδειξα
2866 1122 3006 1225 τὴν

591 1250 1065 1355 κατόρθωσιν,
1109 1257 1227 1335 καὶ
1282 1256 1604 1357 πλαγίας
1660 1251 1955 1353 ἀπάσης
2005 1252 2445 1360 ἐξῃρημένης
2492 1253 2824 1350 εὖθυτενῆ
2870 1253 3005 1350 τῆς

589 1380 687 1458 εἶς
743 1374 936 1457 Θεὸν
985 1379 1355 1474 εὐσεβείας
1412 1378 1752 1485 ἀπέδειξα
1804 1375 1939 1477 τὴν
1997 1375 2189 1458 ὁδόν.
2276 1376 2414 1482 ἐγὼ
2471 1376 2849 1470 λελάληκα
2906 1387 3008 1485 τῷ

593 1505 852 1609 κόσμῳ,
911 1503 1047 1608 οὐχ
1121 1503 1231 1583 ἑνί
1290 1509 1481 1609 φησι
1540 1501 1727 1604 γένει
1793 1507 1939 1582 τῶν
1994 1502 2083 1609 ἐξ
2132 1500 2469 1606 Ἰσραήλ·
2556 1506 2615 1580 εἶ
2674 1497 2821 1604 γὰρ
2877 1500 3004 1579 καὶ

586 1622 804 1723 μήπω
859 1625 1082 1730 τυχὸν
1125 1633 1273 1711 τοῖς
1329 1623 1468 1706 ἀνὰ
1518 1633 1774 1708 πᾶσαν
1818 1621 1951 1726 τὴν
1998 1624 2416 1727 οἱκουμένην
2466 1621 2794 1706 ἕκπυστά
2840 1656 3004 1707 πως
3038 1654 3114 1696 10

586 1750 747 1829 ἐστὶ
805 1747 897 1829 τὰ
961 1750 1287 1855 ἡμέτερα,
1347 1752 1519 1831 ἀλλ’
1579 1750 1785 1832 ἔσται
1852 1750 2038 1832 κατὰ
2098 1751 2401 1855 καιρούς.
2502 1747 2640 1853 ἐγῶ
2707 1745 3003 1829 πάντοτε

586 1868 874 1982 ἐδίδαξα
911 1876 971 1955 ἐν
1007 1878 1397 1986 συναγωγῇ.
1480 1877 1598 1956 καὶ
1644 1874 1722 1955 τί
1756 1874 1970 1956 τοῦτό
2006 1877 2184 1975 ἐστι,
2220 1881 2377 1959 πῶς
2430 1875 2560 1954 οὐκ
2606 1874 3002 1973 ἀναγκαῖον

519 2008 563 2075 b
587 2001 805 2097 ἰδεῖν,
875 2003 975 2085 εἰς
1024 1996 1451 2101 ἀνάμνησιν,
1488 2003 1585 2083 ὡς
1633 1999 1837 2099 ἔοικε,
1876 2001 1993 2080 καὶ
2043 2000 2178 2105 οὐχ
2232 1998 2523 2082 ἑκόντας
2571 2001 2783 2076 καλεῖ
2826 1993 3000 2079 τοὺς

586 2128 733 2202 τῶν
767 2123 1132 2204 Ἰουδαίων
1179 2121 1723 2228 προεστηκότας
1780 2125 2224 2231 προφητείας
2279 2122 2588 2229 ἐχούσης
2642 2117 2779 2199 ὧδε
2830 2120 3000 2223 περὶ

587 2246 825 2328 αὐτοῦ.
925 2248 1003 2329 τί
1057 2246 1201 2352 γὰρ
1266 2249 1407 2356 ἔφη
1477 2246 1707 2328 πάλιν
1764 2248 1936 2349 ἡμῖν
2001 2250 2041 2327 ὁ
2109 2255 2293 2332 θεῖος
2348 2245 2694 2343 Ησαΐας,
2753 2246 2851 2326 ὦς
2915 2243 2996 2323 ἐκ
3033 2272 3109 2332 15

248 2367 336 2417 ΕΒ·
355 2366 458 2419 xlv.
584 2371 986 2473 προσώπου
1050 2377 1386 2476 Χριστοῦ
1446 2382 1491 2419 “
1527 2373 1693 2452 Οὐκ
1768 2373 1843 2452 ἐν
1908 2378 2149 2479 κρυφῇ
2227 2370 2609 2472 λελάληκα
2683 2364 2842 2449 οὐδὲ
2918 2369 2996 2447 ἐν

245 2448 865 2605 Ῑξ·1”·“τόπῳ
936 2501 1071 2600 γῆς
1143 2494 1551 2605 σκοτεινῷ,”
1629 2498 1749 2576 καὶ
1822 2495 2049 2578 πάλιν
2122 2509 2164 2544 “
2191 2496 2441 2598 Ὅλην
2515 2491 2648 2597 τὴν
2722 2492 2995 2596 ἡμέραν

584 2630 629 2667 “
665 2621 1070 2728 ἐξεπέτασα
1143 2619 1273 2705 τὰς
1345 2618 1586 2726 χεῖράς
1654 2656 1798 2721 μου
1862 2620 2044 2726 πρὸς
2118 2622 2305 2702 λαὸν
2368 2623 2800 2703 ἀπειθοῦντα
2873 2618 2993 2697 καὶ

585 2757 626 2793 “
665 2744 1210 2847 ἀντιλέγοντα.”
1268 2743 1354 2826 τὸ
1390 2744 1534 2848 γὰρ
1571 2743 1753 2846 μήτε
1790 2749 1866 2827 ἐν
1902 2752 2143 2854 κρυφῇ
2180 2747 2359 2848 μήτε
2385 2749 2463 2827 ἐν
2497 2744 2699 2854 τόπῳ
2734 2749 2993 2823 λαλεῖν

582 2875 951 2979 σκοτεινῷ,
1007 2871 1085 2951 τί
1132 2867 1225 2951 ἀν
1279 2870 1518 2974 ἕτερον
1574 2870 1680 2973 εἴη
1746 2868 2028 2970 λοιπὸν,
2083 2869 2129 2972 ἢ
2188 2870 2272 2952 τὸ
2329 2876 2689 2953 ποιεῖσθαι
2741 2867 2874 2968 μὲν
2930 2868 2991 2948 ἐν
3024 2910 3109 2952 20

579 2997 918 3108 παρῥησία
982 2992 1112 3079 τὰς
1187 2995 1557 3147 διαλέξεις,
1623 3003 1878 3076 λαλεῖν
1942 2994 2018 3075 δὲ
2084 2998 2159 3076 ἐν
2218 2995 2464 3080 τόποις
2537 2996 2666 3075 οὐκ
2728 2993 2991 3095 ὀλίγην

520 3162 557 3206 ο
574 3119 828 3226 ἔχουσι
890 3126 1038 3201 τῶν
1093 3121 1566 3225 ἀκροωμένων
1618 3118 1753 3221 τὴν
1807 3117 2164 3201 σύνοδον·
2143 3181 2165 3217 ,
2251 3127 2494 3205 καλῶς
2556 3118 2631 3199 δὲ
2690 3116 2992 3225 σφόδρα

579 3247 697 3324 καὶ
770 3245 1176 3347 ἀναγκαίως
1249 3250 1378 3346 τῆς
1450 3253 1582 3325 τοῦ
1650 3242 2052 3351 προφήτου
2104 3279 2288 3350 προς
2358 3241 2762 3343 ἀνάμνησιν
2829 3244 2991 3346 οἶγει

580 3370 848 3475 φωνῆς,
918 3368 1036 3447 ἵνα
1118 3365 1208 3468 δὴ
1293 3366 1611 3467 μάθοιεν,
1687 3403 1797 3448 οτι
1869 3369 2193 3472 κρίνουσι
2262 3374 2646 3464 δυσσεβῶς
2715 3403 2845 3449 τον
2913 3369 2993 3449 ἐν

578 3490 875 3571 ἐλπίσιν
910 3492 1146 3575 αὐτοῖς
1194 3489 1806 3595 χρεωστούμενον.
1885 3490 2249 3575 Ἰουδαίων
2285 3491 2429 3599 γὰρ
2469 3494 2515 3594 ἡ
2553 3495 2985 3599 ἐπαγγελία,
3024 3527 3109 3588 25

731 3615 756 3642 ἱ
861 3612 884 3642 ἱ
1068 3623 1102 3640 Α
1293 3612 1314 3641 Ι
1678 3613 1699 3642 Ι

578 3650 765 3696 κατα
801 3649 937 3716 την
972 3649 1102 3696 του
1143 3619 1452 3695 Παυλου
1491 3622 1768 3722 φωνην.

240 3485 390 3536 Rom.
417 3484 489 3536 ix.

242 3569 290 3615 4.

480 3952 549 3992 21
581 3924 660 3990 Τί
712 3949 792 4002 με
843 3927 1103 4021 ἐρωτᾷς
1131 3958 1148 4010 3
1219 3925 1556 4017 ἐρώτησον
1613 3928 1766 3994 τοὺς
1819 3929 2210 4012 ἀκηκοότας,
2263 3931 2323 3997 τί
2382 3931 2676 3998 ἐλάλησα
2741 3927 2985 3998 αὐτοῖς·

1186 4049 1285 4120 ἴδε
1338 4050 1520 4122 οὗτοι
1573 4051 1830 4124 οἴδασιν
1885 4058 1927 4122 ἅ
1982 4050 2167 4123 εἶπον
2219 4057 2374 4132 ὲΓώ.

695 4242 1171 4345 Ἐπιπλήττει
1226 4251 1374 4330 τοῖς
1439 4248 1948 4345 νομομαθέσιν,
2005 4250 2103 4332 ὡς
2165 4251 2282 4328 καὶ
2338 4247 2557 4329 αὐτὸν
2611 4248 2992 4350 ἠδικηκόσι

578 4365 703 4449 τὸν
740 4370 858 4476 ἐφ’
898 4365 957 4478 ᾧ
994 4370 1467 4471 σεμνύνονται
1507 4369 1751 4469 νόμον.
1831 4377 1935 4479 τῷ
1984 4370 2130 4475 γὰρ
2181 4374 2379 4453 οὔπω
2416 4374 2990 4484 κατεγνωσμένφ
3021 4409 3105 4466 30

1309 4605 1359 4658 5.
1400 4590 1502 4661 ἐγὼ
1529 4587 1609 4661 ἐν]
1641 4589 1743 4661 ἐγὼ
1770 4589 1836 4644 Ε.
1863 4590 1965 4661 ἐγὼ
1990 4591 2045 4645 δὲ
2072 4591 2126 4646 ἐν
2153 4591 2254 4646 Ed.
