3269 5166
637 346 769 408 416
987 344 1067 408 Β.
1106 342 1493 409 CYRILLI
1546 342 2086 408 ALEXANDR.
2140 343 2700 410 FRAGMENTA
2781 345 2884 410 xii.
2913 344 3001 409 28.

328 443 353 509 [
381 454 471 506 ηδ
496 442 572 493 Μ
597 445 848 588 1οὖν’
806 510 1065 607 ἀμείνω
1100 517 1229 589 τοῦ
1262 510 1726 608 μεταπίπτειν
1763 504 1945 588 εἷναί
1974 515 2165 615 φασι
2211 507 2345 609 τήν
2379 543 2457 589 τε
2506 513 2876 604 βασιλείαν
2907 509 3008 586 καὶ

644 629 1003 737 ὑπεροχὴν
1037 641 1165 712 τοῦ
1194 638 1395 729 Υἱοῦ,
1424 630 2028 736 πεφλυαρηκότας
2057 637 2206 732 εἶκῆ
2243 607 2815 737 κατερυθριάσειν
2839 627 3011 782 οἶμαι

641 754 806 839 τοὺς
844 753 931 834 δι’
967 757 1312 840 ἐναντίας·
1392 763 1450 836 εἱ
1497 755 1573 836 δὲ
1620 754 1708 856 δὴ
1743 756 2070 856 μεθέντες
2104 754 2234 835 τὸν
2269 755 2473 854 Υιὸν,
2510 757 3013 859 ἀπαραποίητον

644 879 944 959 ἔσεσθαι
970 885 1117 965 τοῖς
1144 881 1372 982 ἁγίοις
1400 878 1483 959 τὸ
1512 877 1931 976 βασιλεύειν
1953 882 2220 982 ἐροῦσι,
2241 887 2531 982 πρῶτον
2557 878 2687 978 μὲν
2722 879 3015 978 ἀμείνους

645 1008 760 1082 καὶ
808 1003 1027 1083 αὐτοῦ
1073 1003 1527 1108 φανήσονται
1574 1012 1706 1084 τοῦ
1740 1010 2092 1106 Χριστοῦ,
2134 1008 2249 1083 καὶ
2305 1011 2562 1106 μοῖραν
2596 1004 2731 1103 ἤδη
2766 998 3012 1107 λαχόν·
3041 1031 3071 1091 5

645 1160 760 1209 τες
813 1126 947 1222 τὴν
995 1126 1312 1207 ἐπέκεινα
1365 1134 1510 1208 τῶν
1546 1129 1785 1226 αὐτοῦ,
1826 1133 1885 1207 εἶ
1937 1128 1977 1206 5
2026 1125 2159 1228 μὲν
2203 1125 2627 1225 ἀπόβλητον
2670 1124 3020 1225 ποιήσεται

647 1249 778 1349 τὴν
833 1250 1083 1355 ἀρχὴν,
1143 1255 1211 1330 οὶ
1267 1251 1340 1331 δὲ
1387 1250 1753 1353 ἀμήρυτον
1808 1249 2155 1355 λαχόντες
2217 1249 2351 1350 τὴν
2403 1251 2741 1349 εὐθυμίαν
2789 1252 2901 1329 καὶ
2948 1247 3022 1326 τὸ

648 1378 722 1453 ἐν
766 1376 1041 1483 βεβαίῳ
1085 1380 1363 1455 κεῖσθαι
1413 1379 1539 1474 τῆς
1584 1374 1804 1481 δόξης
1855 1373 2457 1474 διακεκτήσονται·
2532 1372 2618 1453 τὸ
2666 1373 2742 1454 δὲ
2791 1370 2876 1471 δὴ
2921 1376 3024 1452 καὶ

651 1498 991 1600 ἄγροικον
1049 1504 1411 1578 ποιεῖσθαι
1470 1497 1603 1598 τὴν
1657 1498 2173 1603 συκοφαντίαν,
2231 1504 2386 1582 πῶς
2442 1499 2569 1577 οὐκ
2624 1494 3026 1596 ἀπόβλητον

651 1624 951 1720 κομιδῆ;
1033 1619 1117 1703 τὸ
1179 1622 1311 1721 μὲν
1375 1622 1518 1726 γὰρ
1580 1626 1840 1726 χρῆναι
1905 1628 2186 1725 κρατεῖν
2243 1624 2361 1700 καὶ
2425 1621 2844 1717 βασιλεύειν
2900 1628 3027 1699 τῶν
3053 1653 3106 1693 10

650 1746 866 1843 ὅλων,
900 1744 1260 1848 προσήκοι
1308 1746 1400 1827 ἀν
1454 1748 1590 1851 οὐχ
1644 1747 1859 1854 ἑτέρῳ
1913 1752 2203 1844 μᾶλλον
2246 1743 2292 1845 ἢ
2336 1747 2528 1852 αὐτῷ
2582 1751 2689 1853 τῷ
2745 1749 3028 1851 Χριστῷ

652 1871 780 1950 οῦκ
817 1872 1192 1972 ἐπίκτητον
1226 1869 1274 1973 ἢ
1313 1871 1523 1952 δοτὸν
1558 1878 1994 1951 πλουτοῦντι
2031 1868 2116 1949 τὸ
2160 1876 2423 2018 χρῆμα,
2462 1869 2788 1973 καθάπερ
2833 1870 3027 1968 ἡμεῖς,

653 1993 853 2074 ἀλλὰ
903 2002 1046 2078 τοῖς
1104 2000 1231 2095 τῆς
1277 2000 1591 2102 φυσικῆς
1648 1994 2057 2098 κυριότητος
2102 1991 2448 2093 ἑπόμενον
2503 1991 2784 2095 λόγοις·
2850 1995 2915 2072 οἱ
2963 1992 3038 2070 δέ

319 2131 482 2245 ffim·
500 2130 552 2181 ὶί·
652 2153 735 2219 γε
773 2118 1331 2224 συμπάσχοντες
1379 2123 1494 2199 καὶ
1531 2118 2227 2218 συμβασιλεύσομεν
2264 2120 2477 2224 αὐτῷ,
2514 2116 2754 2201 καθὼς
2786 2117 3026 2218 γέγρα-

385 2233 396 2247 ’
651 2276 847 2324 πται.
928 2243 1181 2322 οὐκοῦν
1245 2244 1286 2322 5
1348 2241 1480 2341 μὲν
1541 2251 1671 2323 τοῦ
1730 2227 2111 2346 κατάρχειν
2177 2241 2436 2344 κύριος,
2502 2243 2900 2341 εἶσποίητοι
2964 2235 3030 2316 δὲ
3061 2261 3111 2320 ¹5

653 2366 852 2464 ἡμεῖς
905 2369 1019 2445 καὶ
1071 2367 1316 2474 τρόπῳ
1351 2373 1455 2474 τῷ
1502 2364 1688 2447 κατὰ
1734 2366 2090 2472 με”θεξιν
2053 2364 2599 2465 εκτετιμημένοι·
2665 2372 3028 2462 συμβασι·

654 2487 1005 2569 λεύσουσι
1042 2488 1183 2593 γὰρ
1219 2489 1683 2587 βασιλεύοντι
1727 2494 1831 2597 τῷ
1865 2494 2191 2596 Χριστῷ.
2269 2485 2417 2568 εἶτα
2452 2495 2607 2574 πῶς
2644 2489 3034 2568 ἀσάλευτον

655 2614 902 2721 ἕξουσι
938 2613 1072 2713 τὴν
1106 2617 1222 2695 ἐπὶ
1256 2618 1435 2721 τῷδε
1473 2615 1892 2721 φιλοτιμίαν
1929 2620 2046 2694 καὶ
2085 2617 2413 2713 διηνεκῶς
2449 2614 3037 2710 βασιλεύσουσιν,

656 2744 714 2818 εἶ
769 2736 1420 2838 κατασεισθήσεται
1466 2742 1581 2819 καὶ
1639 2738 2026 2844 καταλήξει
2080 2738 2165 2818 τὸ
2217 2747 2346 2818 τοῦ
2383 2745 2723 2840 Χριστοῦ
2778 2735 3036 2841 κράτος,

658 2860 742 2941 οὗ
776 2860 1118 2966 μετόχους
1146 2860 1401 2946 αὐτοὺς
1439 2859 1618 2941 εἷναί
1651 2874 1934 2965 φαμεν;
1994 2862 2110 2941 καὶ
2147 2867 2206 2940 εἰ
2243 2866 2370 2960 τῆς
2399 2863 2787 2954 βασιλείας
2822 2862 3038 2942 αὐτοῖς
3061 2880 3118 2921 20

659 2986 700 3064 5
739 2985 1051 3091 χορηγὸς
1107 2990 1221 3066 καὶ
1274 2986 1614 3090 πρύτανις
1671 2984 2260 3065 ἀποπεπαύσεται
2314 2989 2443 3084 τῆς
2495 2987 2747 3088 ἀρχῆς,
2783 2992 2922 3065 ποῦ
2960 2980 3041 3061 τὰ

658 3110 894 3189 αὐτῶν
948 3110 1049 3191 ἔτι
1114 3112 1423 3191 κείσεται
1485 3116 1681 3189 τοῖον
1737 3108 1993 3213 ἔχοντα
2048 3107 2418 3211 βάραθρον
2454 3140 2476 3205 3
2557 3117 2704 3189 ποῦ
2761 3107 2902 3210 γὰρ
2951 3106 3042 3185 ἔτι

658 3233 1264 3339 συμμεθέξουσιν,
1322 3239 1381 3313 εὶ
1428 3230 1512 3313 τὸ
1569 3229 1914 3332 κεκληκὸς
1968 3239 2065 3317 εἷς
2122 3230 2346 3338 δόξαν
2398 3234 2749 3328 ἀσθενεῖς
2829 3230 2877 3330 ἢ
2928 3231 3042 3310 οὐκ

659 3354 934 3458 ἀνάγκη
993 3363 1601 3456 συγκατολισθεῖν
1665 3364 1811 3442 τοῖς
1879 3357 2216 3460 ἀνέχουσι
2278 3353 2362 3435 τὸ
2424 3353 2876 3460 ἀνεχόμενον,
2936 3353 3040 3432 καὶ

658 3485 805 3562 τοῖς
861 3478 1292 3565 κατωτάτοις
1352 3480 1647 3584 βόθροις
1700 3479 2025 3583 ἐνιζῆσαι
2086 3477 2176 3560 τὰ
2231 3481 2821 3581 ἐπερηρεισμένα,
2883 3480 3036 3557 ὑπο·
3065 3504 3122 3561 25

658 3603 1121 3689 σπασθέντος
1168 3612 1295 3684 τοῦ
1343 3604 1778 3708 ἐρείδοντος·
1759 3663 1781 3700 ,
1846 3603 1962 3684 ὅτε
1999 3602 2235 3683 τοίνυν
2274 3605 2317 3703 ἡ
2356 3607 2483 3703 τῆς
2520 3605 2843 3688 εὐκλείας
2879 3635 3033 3703 κρη·

657 3730 777 3812 πὶς
844 3730 959 3807 καὶ
1034 3729 1075 3807 5
1144 3732 1272 3828 τῆς
1344 3728 1712 3831 εὐημερίας
1776 3725 2101 3825 θεμέλιος
2174 3726 2834 3827 κατασεισθήσεται
2903 3721 3040 3804 κατ’

661 3847 936 3948 αὐτοὺς,
974 3850 1491 3957 συνοιχήσεταί
1525 3886 1671 3932 που
1713 3850 2001 3934 πάντως
2036 3856 2134 3935 εἶς
2180 3848 2266 3930 τὸ
2317 3848 2660 3933 δυσκλεές
2696 3884 2777 3930 τε
2821 3884 2935 3929 και
2978 3847 3046 3923 ἐν

333 4004 351 4038 ¹
376 3990 491 4038 Cor·
517 4006 599 4039 xv.
662 3974 915 4078 ὑφέσει
954 3978 1070 4054 καὶ
1109 3977 1152 4076 ἡ
1189 3983 1335 4055 τῶν
1371 3975 1626 4055 ἄλλων
1663 3976 1890 4058 ἐλπίς·
1945 3972 2031 4054 τὸ
2069 3974 2194 4054 οὖν
2244 3985 2288 4021 “
2312 3974 2555 4053 Ὅταν
2588 3976 2895 4080 παραδῷ
2931 3966 3045 4067 τὴν

325 4121 403 4169 Cf·
427 4136 578 4184 supra
666 4108 708 4145 ‘⁶
743 4098 1193 4198 βασιλείαν,”
1252 4100 1336 4180 οῦ
1385 4097 1707 4179 τοιοῦτόν
1754 4100 1976 4196 ἐστιν,
2014 4096 2123 4178 ὅτι
2171 4098 2437 4198 ταύτην
2476 4095 2854 4195 ἀποθήσει,
2887 4088 3042 4173 ἀλλ’
3067 4124 3126 4185 30

362 4223 375 4236 ⁰
665 4219 773 4299 ὅτι
840 4222 958 4326 ὑφ’
1027 4223 1285 4326 ἑτέρων
1350 4224 1693 4328 ἐχομένην
1756 4222 2138 4306 ἐκσπιίσας
2193 4220 2548 4329 προσάξει
2611 4225 2716 4328 τῷ
2786 4215 3037 4318 Πατρί·

661 4345 1147 4453 συγκατάρξει
1202 4345 1430 4451 γεμὴν
1482 4347 1716 4454 τούτῳ
1773 4349 1888 4426 καὶ
1944 4346 2174 4429 αὐτός.

738 4541 820 4590 14.
857 4524 1025 4581 καθὼς
1047 4523 1209 4580 babet
1234 4524 1371 4580 Cod.
1594 4538 1675 4595 17.
1713 4533 1791 4593 Χρ
1900 4523 2091 4578 Cod.
2117 4524 2274 4597 κυρίῳ
2301 4523 2497 4578 Maius.
2741 4520 2822 4575 18.
2860 4520 2937 4571 καὶ
2961 4515 3040 4569 vit

661 4593 966 4663 legendum,
993 4596 1215 4652 fortasse
1240 4595 1270 4664 ἢ
1296 4596 1395 4651 καὶ.
1540 4612 1625 4650 22.
1664 4598 1805 4651 τοῖον
1828 4595 1898 4649 ha
1936 4604 1988 4649 et
2012 4593 2148 4650 Cod.
2300 4610 2387 4661 24.
2422 4595 2482 4648 τὸ
2509 4591 2645 4648 eod.
2667 4593 2756 4646 τὸν
2784 4589 2974 4645 Maius.
