3269 5166
220 346 311 412 vii.
334 363 388 432 5.
695 351 804 414 IN
854 350 1378 416 EPISTOLAM
1428 353 1556 417 AD
1609 352 2583 421 ROMANOS.195

215 509 441 613 ἑτέροις
477 515 714 619 φησίν
767 523 813 562 “
839 520 940 594 Οἱ
978 516 1053 595 δὲ
1095 519 1171 595 ἐν
1206 519 1427 618 σαρκὶ
1462 517 1660 602 ὄντες
1700 523 1866 626 Θεῷ
1902 518 2158 620 ἀρέσαι
2195 520 2279 598 οῦ
2316 519 2575 599 δύναν-
2607 456 2893 599 &¹:⁵21

213 638 427 714 “·’ται
519 639 749 718 καίτοι
802 646 955 724 πῶς
1011 641 1140 720 οὐκ
1198 639 1461 741 ἀληθὲς
1508 646 1605 725 ὡς
1659 643 1787 722 οὐκ
1842 642 1985 750 ἔξω
2040 640 2381 745 γεγονόσι
2433 650 2581 729 τοῖς
2606 614 2654 664 8'

211 761 357 861 παρ’
411 762 627 842 αὐτοῦ
681 764 1402 866 μυσταγωγουμένοις
1456 763 1549 845 τὰ
1604 766 1839 845 τοιάδε
1891 768 2316 872 παρεγγυᾷ;
2382 767 2460 846 τί
2509 767 2585 847 δὲ

207 884 525 975 βούλεται
598 889 887 985 δηλοῦν,
945 895 1581 991 πολυπραγμονεῖν
1646 890 2057 989 ἀναγκαῖον·
2156 889 2274 969 ὅτε
2347 893 2585 971 τοίνυν

155 1023 188 1085 5
206 1015 545 1109 σαρκικῶς
599 1008 1181 1109 ἐπολιτευόμεθα,
1225 1014 1437 1117 φησὶ,
1475 1016 1592 1091 καὶ
1647 1009 1733 1092 τὸ
1788 1017 2049 1114 γεῶδες
2104 1016 2181 1093 ἐν
2236 1014 2404 1113 ἡμῖν
2458 1017 2578 1094 ἐκ·

203 1131 380 1231 ράτει
432 1130 793 1237 φρόνημα,
836 1130 997 1212 τότε
1054 1137 1172 1213 καὶ
1229 1136 1588 1237 ἐνηργεῖτο
1644 1137 1719 1214 ἐν
1774 1135 1943 1234 ἡμῖν
1996 1135 2089 1216 τὰ
2139 1142 2266 1236 τῆς
2313 1136 2586 1240 σαρκὸς

199 1254 380 1355 πάθη
416 1251 538 1336 διαὶ
573 1258 684 1337 τοῦ
721 1258 911 1362 νόμου
945 1256 1127 1359 πρὸς
1159 1254 1232 1338 τί
1273 1257 1784 1367 καρποφορῆσαι
1820 1268 1917 1368 τῷ
1949 1258 2235 1369 θανάτῳ·
2298 1260 2375 1339 τί
2403 1262 2576 1358 οὖν,

202 1380 363 1483 φαίη
423 1381 535 1464 τίς
595 1378 710 1458 ἅν·
792 1377 883 1460 τὰ
946 1378 1145 1480 πάθη
1211 1384 1338 1480 τῆς
1403 1380 1677 1484 σαρκὸς
1740 1385 2204 1483 εἰσεκομίσθη
2275 1380 2392 1462 διὰ
2455 1390 2584 1462 τοῦ

199 1499 444 1600 νόμους
505 1499 659 1586 εἶτα
700 1510 854 1588 πῶς
903 1503 1120 1585 αὐτὸν
1163 1503 1636 1607 ἐγκλημάτων
1674 1505 2268 1613 ἀπαλλάξωμενς
2331 1505 2409 1585 τί
2455 1506 2582 1586 οὖν

115 1656 178 1699 10
196 1623 361 1728 πρὸς
404 1613 622 1708 τοῦτό
678 1633 963 1735 φαμεν;
1037 1629 1122 1708 οὐ
1178 1627 1296 1708 διὰ
1353 1627 1573 1727 νόμου
1626 1628 1721 1709 τὰ
1774 1634 1901 1730 τῆς
1956 1630 2230 1734 σαρκὸς
2284 1633 2360 1710 ἐν
2415 1630 2586 1729 ἡμῖν

196 1752 532 1852 κεκίνηται
597 1758 815 1852 πάθη,
875 1752 1184 1832 τίκτεται
1250 1752 1325 1832 δὲ
1383 1760 1675 1850 μᾶλλον
1744 1756 1860 1833 καὶ
1925 1753 2015 1861 ἐξ
2067 1752 2390 1860 ἐμφύτου
2451 1751 2585 1853 μὲν

193 1872 451 1975 ἡδονῆς,
508 1909 643 1955 τον
690 1873 766 1954 δὲ
821 1876 1090 1976 ἀσθενῆ
1147 1876 1642 1981 καταληΐζεται
1697 1886 1888 1958 νοῦν·
1971 1880 2089 1956 καὶ
2144 1885 2355 1958 τοῦτο
2416 1877 2584 1976 ἡμῖν

192 1996 483 2104 ἐμφανες
554 2001 945 2099 καθίστησι
1010 2000 1248 2101 λέγων
1315 2012 1357 2047 “
1384 2001 1487 2081 H
1555 2000 1762 2108 σὰρξ
1820 2003 2148 2099 ἐπιθυμεῖ
2205 2034 2389 2081 κατα
2455 2008 2583 2080 τοῦ
2606 2036 2721 2088 Gal
2742 2052 2790 2088 v
2818 2051 2894 2102 17

195 2122 675 2275 “πνεύματος,
714 2157 798 2202 το
851 2123 926 2203 δὲ
976 2133 1257 2223 πνεῦμα
1308 2158 1494 2204 κατα
1538 2130 1670 2225 τῆς
1715 2159 2010 2227 σαρκος,
2053 2133 2280 2205 ταῦτα
2326 2123 2400 2204 δὲ
2440 2128 2578 2205 ἀλ-

110 2275 171 2336 15
192 2252 232 2290 “
262 2247 512 2345 λήλοις
571 2247 995 2328 ἀντίκειται.’
1096 2283 1247 2328 νυνι
1292 2248 1368 2329 δὲ
1405 2257 1627 2329 τοῦτο
1676 2253 1945 2353 παρεὶς,
1988 2248 2405 2356 ἀντεξάγειν
2449 2249 2584 2350 τὴν

188 2366 414 2473 σάρκα
469 2373 582 2480 τῷ
628 2369 986 2471 πνεύματί
1031 2379 1241 2478 φησι,
1300 2372 1415 2453 διὰ
1469 2373 1699 2471 μὲσου
1754 2375 1966 2457 τιθεὶς
2020 2373 2244 2454 οὐδέν.
2329 2375 2585 2454 οὐκοῦν

188 2494 263 2572 οὐ
296 2496 412 2575 διά
461 2530 557 2600 γε
614 2504 743 2575 τοῦ
799 2493 1020 2595 νόμου
1067 2496 1161 2576 τὰ
1215 2501 1342 2599 τῆς
1379 2495 1650 2599 σαρκὸς
1703 2500 1778 2576 ἐν
1815 2497 1984 2597 ἡμῖν
2039 2505 2328 2578 κινεῖται
2362 2496 2583 2600 πάθη,

185 2626 461 2714 μᾶλλον
518 2620 605 2702 δὲ
659 2626 1013 2727 φυσικῶς·
1091 2626 1210 2702 καὶ
1263 2622 1348 2702 τό
1402 2657 1513 2771 γε
1539 2620 1952 2729 παράδοξον
1989 2630 2137 2707 τοῖς
2180 2633 2309 2704 τοῦ
2363 2622 2584 2721 νόμον

182 2742 667 2842 θελήμασιν’
623 2744 1155 2843 αντανίσταται,
1196 2749 1293 2830 ὡς
1342 2743 1553 2829 αὐτός
1598 2780 1742 2825 που
1782 2749 2081 2850 φησὶν
2049 2782 2089 2827 ο
2135 2746 2510 2830 Παῦλος“’
2470 2782 2582 2828 οτι
2606 2777 2684 2832 16
2715 2777 2810 2835 u.

101 2874 224 2942 20“
254 2900 336 2946 το
389 2867 742 2975 φρόνημα
795 2872 922 2967 τῆς
976 2902 1249 2971 σαρκος
1304 2869 1529 2973 ἔχθρα
1585 2876 1683 2953 εἰς
1738 2869 1952 2949 Θεόν·
2033 2872 2134 2977 τῷ
2188 2904 2332 2972 γαρ
2389 2868 2639 3022 νόμῳ7
2607 2893 2749 2944 Infra
2768 2896 2873 2946 viii.

185 2998 377 3072 “τοῦ
442 2997 644 3072 Θεοῦ
710 2995 846 3097 οὐχ
918 2991 1431 3091 ὑποτάσσεται,
1498 2992 1659 3073 οὐδὲ
1734 3026 1879 3094 γαρ
1945 2992 2307 3073 δύναται.”
2386 3026 2445 3072 ει
2506 2971 2656 3071 δὲ7

182 3114 475 3221 μα’χεται
533 3121 645 3223 τῷ
706 3114 901 3224 νόμῳ
950 3149 1035 3195 το
1083 3114 1422 3222 φρόνημα
1465 3121 1593 3215 τῆς
1651 3149 1947 3219 σαρκος,
1996 3121 2152 3199 πῶς
2207 3116 2334 3194 οῦκ
2390 3114 2575 3195 ἀπό·

179 3249 493 3340 πληκτον
525 3242 797 3319 ἐννοεῖν
833 3240 917 3317 δι’
958 3239 1177 3318 αὑτοῦ
1220 3245 1568 3319 κινεῖσθαι
1618 3236 1800 3342 πρὸς
1838 3237 2191 3341 ἐνέργειαν
2226 3236 2319 3317 τὰ
2357 3238 2582 3321 οὕτως

179 3360 724 3464 ἀνθεστηκότας
814 3362 890 3441 τί
942 3362 1066 3441 οὖν
1122 3363 1163 3440 ὁ
1222 3362 1522 3448 Παῦλός
1584 3369 1865 3468 φησιν;
1951 3364 2048 3447 ὡς
2102 3368 2442 3443 τεθνεῶσι
2490 3360 2582 3467 τῇ

100 3510 163 3571 ²5
182 3483 480 3595 ἁμαρτίᾳ
549 3484 961 3586 διαλέγεται
1024 3492 1170 3569 τοῖς
1229 3485 1346 3566 διὰ
1410 3494 1537 3565 τοῦ
1599 3486 2106 3585 βαπτίσματος
2164 3491 2573 3585 συντεθαμ-

179 3608 398 3703 μένοις
448 3614 793 3715 Χριστῷ,
850 3611 967 3688 καὶ
1022 3611 1118 3693 ὡς
1173 3607 1310 3710 ἤδη
1364 3608 1501 3709 τὴν
1551 3615 1699 3689 τῶν
1747 3615 2001 3689 παθῶν
2052 3610 2401 3712 νέκρωσιν
2454 3644 2583 3690 πε-

179 3734 700 3835 πλουτηκόσιν,
737 3729 842 3815 οἷς
880 3729 970 3810 ἂν
1003 3732 1263 3834 πρέποι
1316 3736 1433 3812 καὶ
1481 3731 1566 3812 τὸ
1602 3730 1743 3837 ἔξω
1781 3736 1924 3812 δεῖν
1963 3732 2139 3812 ἰέναι
2171 3742 2301 3813 τοῦ
2339 3733 2581 3831 νόμου,

182 3857 287 3935 διά
333 3892 419 3959 γε
463 3865 601 3937 τοῦ
641 3854 1120 3961 ἀπηλλάχθαι
1155 3862 1411 3936 παθῶν
1445 3863 1590 3936 τῶν
1628 3855 1748 3936 διὰ
1782 3864 1911 3936 τοῦ
1951 3855 2169 3955 νόμου
2219 3862 2582 3936 καταδεδι-

181 3982 578 4081 κασμένων.
660 3978 917 4057 οὐκοῦν
960 3977 1060 4059 ἔτι
1103 3981 1466 4078 μενόντων
1502 3979 1704 4078 ἡμῶν
1737 3980 1814 4058 ἐν
1849 3986 1953 4087 τῷ
2000 3978 2407 4085 φρονήματι
2456 3983 2582 4080 τῆς

96 4133 162 4192 30
179 4105 460 4208 σαρκὸς,
501 4102 715 4202 πάθη
771 4098 865 4182 τὶ
919 4097 1037 4182 δαὶ
1080 4105 1190 4183 τοῦ
1239 4106 1430 4208 νὸμου
1478 4103 1942 4205 κατειρημένα
1995 4137 2072 4182 τε
2132 4106 2249 4183 καὶ
2305 4107 2582 4201 ὠνομα-

181 4231 422 4327 σμένα,
459 4228 730 4336 φησὶν,
776 4226 1083 4331 ἐνηργεῖτο
1139 4228 1200 4306 ἐν
1253 4226 1446 4326 ἡμῖν·
1529 4222 1706 4325 ἦμεν
1761 4226 1836 4305 δὲ
1893 4228 2010 4306 καὶ
2066 4226 2440 4307 ὑπεύθυνοι
2495 4226 2580 4305 τὸ

179 4351 493 4450 τηνικάδε
540 4354 655 4457 τῷ
715 4345 933 4456 νόμῳ,
969 4347 1089 4428 ἅτε
1133 4347 1221 4449 δὴ
1258 4353 1376 4430 καὶ
1427 4347 1664 4451 ζώσης
1707 4351 1781 4428 ἐν
1834 4350 2000 4448 ἡμῖν
2055 4353 2183 4450 τῆς
2232 4349 2581 4453 ἁμαρτίας

179 4474 294 4557 ἔτι.

791 4597 842 4637 2.
879 4582 947 4639 ὥς
969 4583 1061 4638 οὐκ
1085 4581 1364 4640 omittebat
1388 4586 1453 4636 ut
1475 4582 1696 4638 adnotat
1719 4582 1833 4654 ipse
1858 4581 1991 4638 Mai.

1299 4684 1334 4727 c
1366 4686 1399 4728 o
1431 4682 1468 4729 2
