3269 5166
263 359 443 424 xviii.
470 376 577 447 37,
602 361 706 448 38.
821 362 937 427 IN
1000 361 1627 429 S.JOANNEM.
1721 363 2124 429 LIB.X11.
2589 362 2672 424 55

2700 497 3013 556 aloaeA.

484 575 677 648 Εἶπεν
734 579 850 649 οὖν
905 584 1088 670 αὐτῷ
1129 584 1168 650 ὁ
1221 584 1506 652 Πιλάτοε
1560 583 1815 650 Οὐκοῦν
1872 581 2172 663 βασιλεὺς
2227 574 2287 646 εἶ
2339 581 2456 662 ⁶¹33
2703 619 2778 683 37

362 751 771 857 Ἕγκλημα
806 764 1113 837 ποιεῖται
1150 757 1336 839 κατὰ
1372 763 1706 862 Χριστοῦ
1743 756 1877 858 τὴν
1912 754 2277 856 ἀλήθειαν.
2354 751 2675 837 ἀκούσας

261 876 462 959 δὲὸτ
464 889 561 958 ι“
583 881 762 960 ’Ἠ
725 879 862 982 εμὴ
897 885 1244 979 βασιλεία
1282 883 1410 963 οὐκ
1447 881 1648 963 ἔστιν
1683 882 2074 975 ἐντεῦθεν,”
2100 878 2339 987 φόβου
2374 879 2505 978 μὲν
2534 878 2673 980 ἤδη
2765 908 2931 974 Supra

261 1011 395 1083 τοῦ
449 1002 631 1084 κατὰ
683 1002 818 1105 τὴν
862 1005 1213 1121 ἅνταρσιν
1259 1006 1832 1088 ἀπαλλάττεται·
1898 1005 2156 1106 ἵστησι
2203 1007 2271 1085 δ’
2310 1003 2520 1085 οῧν“
2481 1038 2674 1102 ομως
2764 991 2869 1026 ver.
2886 974 2968 1037 ‘³⁶'

196 1153 236 1214 5
262 1132 365 1212 εἰς
431 1129 831 1232 ὁμολογίαν
886 1140 1017 1211 τοῦ
1079 1129 1529 1235 πράγματος,
1584 1135 1704 1211 καὶ
1775 1137 1873 1214 εἶς
1945 1129 2402 1231 ἐγκλήματος
2465 1127 2675 1231 ὁρίζει

262 1251 568 1351 δύναμιν
632 1252 718 1334 τὸ
783 1257 901 1336 καὶ
964 1255 1155 1340 ὅλως
1220 1263 1459 1355 εἰπεῖν,
1520 1254 1631 1337 ὅτι
1691 1257 2082 1351 βασιλείαν
2145 1253 2309 1360 ἔχει,
2374 1251 2510 1334 κᾶν
2574 1252 2675 1352 μὴ

263 1376 580 1480 ἐπίγειον
641 1373 817 1458 εἶναι
892 1381 1430 1485 διισχυρίζηται.
1537 1379 2005 1462 συνελαύνων
2066 1379 2194 1458 οὖν
2256 1375 2504 1480 ὥσπερ
2579 1383 2677 1462 εἰς

262 1509 484 1583 τοῦτο
529 1537 658 1584 τον
694 1504 988 1605 Ἰησοῦν
1022 1502 1653 1609 Συνωμολόγηκας
1688 1504 1849 1605 ηδη,
1888 1502 2220 1610 φησὶν,”
2179 1537 2288 1584 οτι
2324 1500 2679 1600 βασιλεῦς

260 1623 335 1706 εἷ
372 1626 496 1708 σύ.

154 1845 617 1934 1οἈπεκρίθκ
668 1845 850 1931 αὐτῷ
893 1848 930 1911 ὁ
968 1845 1225 1914 Ἰησοῦς
1271 1846 1363 1913 Σὺ
1415 1849 1623 1923 &ks-etc
1672 1849 1772 1915 ὅτι
1825 1846 2123 1927 βασιλεύς.
2173 1841 2326 1924 εἶμι.
2396 1845 2529 1920 &ab
2581 1842 2747 1912 εἰεί)

369 1978 563 2039 τοῦτο
620 1974 1001 2049 ΓεΓὲννΗμαι
1056 1971 1163 2039 καὶ
1215 1970 1308 2039 εἰς
1361 1979 1558 2041 τοῦτο
1608 1973 1900 2040 ἐλήλυθα
1956 1968 2049 2037 εἰς
2102 1971 2215 2039 τὸν
2267 1971 2532 2052 κόσμον,
2567 1971 2676 2036 ἵνα

369 2101 775 2191 μαρτυρήσω
827 2104 907 2191 τῷ
964 2100 1261 2192 ἀληθείᾳ.
1350 2105 1479 2167 ufic
1533 2101 1570 2168 ό
1624 2099 1720 2166 ὢν
1773 2099 1847 2166 ὲκ
1903 2106 2017 2166 τῆς
2075 2096 2389 2165 ἀληθείας
2447 2095 2674 2162 ἀκούει

369 2245 494 2299 μου
547 2231 668 2291 τῆς
721 2227 978 2311 φωνῆς.
1048 2226 1222 2299 λὲΓει
1275 2223 1457 2310 αὐτῷ
1510 2223 1547 2290 ό
1602 2224 1885 2290 Πιλάτοε
1933 2222 2015 2287 Τί
2063 2223 2240 2290 ἐστιν
2286 2220 2608 2302 ἀλήθειας
2703 2233 2782 2307 38

381 2396 547 2477 Οὐκ
590 2397 904 2499 ἀρνεῖται
955 2401 1086 2496 τῆς
1132 2398 1386 2478 ἑαυτοῦ
1436 2397 1824 2493 βασιλείας
1872 2393 2004 2490 τὴν
2041 2392 2285 2502 δόξαν,
2323 2391 2485 2473 οὐδὲ
2518 2399 2675 2477 ταῖς

160 2540 237 2603 ¹5
262 2526 397 2600 τοῦ
437 2520 771 2602 Πιλάτου
813 2526 1090 2630 φωναῖς
1136 2520 1471 2619 ἀπονέμει
1519 2519 1772 2623 μόναις
1821 2518 1955 2621 τὴν
1990 2522 2109 2601 ἐπὶ
2143 2519 2376 2627 τούτῳ
2410 2518 2665 2616 βεβαί-

263 2675 479 2724 ωσιν·
562 2643 919 2740 βασιλεὺς
957 2646 1104 2751 γοῖρ
1139 2648 1364 2744 ἐστιν,
1403 2650 1499 2731 ὡς
1536 2645 1745 2744 Θεὸς,
1782 2648 1899 2727 καὶ
1945 2652 2002 2726 εἰ
2048 2644 2149 2744 μή
2187 2680 2294 2729 τις
2330 2643 2675 2741 βούλοιτο

262 2766 511 2873 τυχόν·
568 2767 740 2849 ἀλλ’
778 2769 999 2878 ἔδειξε
1034 2770 1266 2851 πάλιν
1299 2774 1428 2871 τῆς
1464 2771 1805 2871 ἀληθείας
1854 2765 1987 2869 τὴν
2024 2770 2346 2868 δύναμιν,
2385 2771 2504 2848 καὶ
2540 2769 2676 2873 οὐχ

262 2891 522 2971 ἑκόντα
588 2898 662 2973 Π
667 2892 920 2974 ιλοῖτον
982 2894 1508 2995 ἀναπειθούσης
1572 2900 1793 2975 εἰπεῖν
1852 2901 1979 2975 τοῦ
2054 2893 2468 2996 κρινομένου
2540 2891 2674 2992 τὴν

263 3014 521 3123 δόξαν·
579 3013 666 3098 cb
720 3017 863 3122 γὰρ
918 3017 1220 3122 εἴρηκας,
1269 3023 1521 3125 φησὶν,
1567 3019 1662 3099 ’ὄτι
1719 3017 2061 3114 βασιλεύς
2120 3025 2256 3124 εἰμι
2315 3016 2474 3120 ἐγώ.
2557 3013 2675 3094 διά
2698 3043 2736 3087 0

157 3168 239 3209 20
263 3175 351 3243 γε
396 3175 509 3221 τοι
559 3143 742 3223 τοῦτο
791 3143 1277 3245 γεγεννῆσθαί
1312 3177 1390 3223 τε
1443 3146 1561 3223 καὶ
1608 3141 2000 3249 ἀφικέσθαι
2046 3143 2278 3250 φησὶν
2327 3148 2419 3227 εἰς
2468 3137 2673 3220 τόνδε

263 3265 602 3364 δηλονότι
652 3265 757 3346 τὶν
797 3265 1062 3373 κόσμον,
1102 3266 1220 3347 ὅτε
1267 3266 1560 3370 γέγονεν
1596 3266 1997 3369 ἅνθρωπος,
2029 3265 2141 3346 ’ἵνα
2177 3265 2562 3371 μαρτυρήσῃ
2597 3266 2678 3371 τῇ

260 3386 569 3499 ἀληθεία,
616 3390 1010 3490 τουτέστιν,
1054 3392 1171 3471 ἵνα
1226 3400 1355 3472 τοῦ
1410 3389 1695 3492 κόσμου
1747 3389 1832 3471 τὸ
1888 3394 2161 3497 ψεῦδος
2212 3388 2506 3497 ἐξελὼν,
2553 3390 2670 3468 καὶ

260 3512 392 3593 τὸν
442 3512 532 3620 ἐξ
574 3513 853 3615 ἀπάτης
903 3513 1455 3618 τυραννήσαντα
1511 3515 2026 3622 καταστρέψας
2076 3516 2399 3615 δαίμονα,
2436 3520 2662 3608 βασι·

260 3637 627 3718 λεύουσαν
681 3646 827 3719 τῶν
883 3638 1080 3720 ὅλων
1134 3640 1452 3748 ἐπιδείξῃ
1506 3637 1640 3739 τὴν
1696 3638 2067 3740 ἀλήθειαν,
2128 3638 2482 3738 τουτέστι,
2538 3636 2672 3737 τὴν

160 3788 234 3849 25
260 3762 556 3861 ἀληθῶς
590 3797 669 3842 τε
706 3767 825 3844 καὶ
863 3768 1192 3870 φυσικῶς
1226 3763 1585 3859 βασιλίδα
1623 3766 1872 3871 φύσιν,
1910 3762 1957 3871 ᾗ
2009 3766 2126 3845 καὶ
2165 3763 2250 3844 τὸ
2289 3761 2670 3868 κατάρχειν

258 3885 617 3966 δύνασθαι
654 3890 773 3967 καὶ
809 3895 1090 3991 κρατεῖν
1129 3890 1434 3991 οὐρανοῦ
1470 3922 1548 3970 τε
1586 3891 1706 3969 καὶ
1755 3893 1892 3993 γῆς
1939 3891 2058 3970 καὶ
2104 3886 2376 3971 παντὸς
2421 3887 2662 3994 ἀπαξ-

256 4018 518 4096 απλῶς
578 4019 707 4092 τοῦ
769 4013 1292 4116 παροισθεντος
1348 4019 1445 4098 εἰς
1525 4013 1830 4117 γένεσιν,
1906 4014 2035 4094 οὐκ
2107 4048 2185 4094 εκ
2245 4012 2669 4119 πλεονεξίας

253 4133 714 4238 πεπόρισται,
752 4136 925 4216 ἀλλ’
975 4135 1136 4217 οὐδὲ
1191 4134 1501 4218 ἔπακτον
1555 4136 1601 4239 ἢ
1659 4137 1947 4245 ἔξωθεν,
1995 4139 2362 4221 οὐσιωδῶς
2418 4134 2494 4218 δὲ
2552 4140 2668 4215 καὶ

254 4267 591 4366 φυσικῶς
641 4261 1046 4366 ε’νυπιίρχον
1091 4262 1445 4369 φαίνεται.
1524 4263 1644 4344 ἵνα
1691 4263 1768 4344 δὲ
1817 4261 2046 4344 πάλιν
2090 4260 2432 4369 ἀποφήνῃ
2478 4267 2740 4364 Χρι-(Ῑ

156 4413 231 4471 30
253 4383 434 4470 στὸς
483 4384 596 4465 ὅτι
649 4388 778 4484 τῆς
824 4383 1156 4466 Πιλάτου
1210 4384 1596 4487 δυσηκοΐας
1652 4387 1780 4468 οὐκ
1833 4384 2151 4490 ἠγνόησε
2201 4384 2287 4467 τὸ
2336 4382 2669 4488 σκληρὸν

693 4620 777 4670 24.
812 4607 874 4673 τῇ
900 4602 1116 4674 ἀληθείᾳ
1144 4603 1209 4659 Ε.
2043 4601 2131 4657 26.
2170 4626 2224 4658 τε
2251 4621 2359 4658 om.
2385 4602 2451 4657 E.
