3269 5166
223 314 313 377 iii.
350 315 449 378 18.
614 315 719 378 IN
770 315 898 379 ΕΡ.
949 315 1044 379 11.
1099 316 1225 379 AD
1278 315 1866 381 CORINTHIOS.
1942 318 2115 383 LIB.
2168 319 2259 383 II.
2492 323 2622 384 339

2755 437 2772 470 ι
2802 422 2882 471 Μ.

223 486 301 562 ἐκ
340 477 532 588 δόξης
578 479 828 584 ὥσπερ
859 486 984 581 τῆς
1032 481 1323 584 πρώτης
1378 492 1470 569 εἷς
1526 479 1722 589 δόξαν
1761 482 1981 569 ἰόντες
2034 485 2276 587 ἑτέραν
2315 490 2622 583 νοηθεῖεν
2667 422 2745 487 [9
2902 422 2928 486 1

225 602 337 700 ἂν,
391 607 510 683 καὶ
569 603 720 684 οἷον
771 604 953 707 πρὸς
1007 604 1099 685 τὰ
1156 607 1416 703 ἀμείνω
1475 605 2159 705 μεταπλαττόμενοι.
2245 608 2331 687 τὸ
2391 605 2466 686 δὲ
2533 605 2621 707 δὴ

225 734 582 825 μεθιστᾶν
617 735 714 812 εἶς
748 737 961 809 τοῦτο
995 727 1247 813 αὐτοῦς
1281 729 1366 809 τὸ
1405 727 1704 828 Πνεῦμᾶ
1740 731 1926 827 ε’στι,
1970 729 2054 809 τὸ
2100 734 2226 830 τῆς
2273 733 2351 810 ἐκ
2403 729 2626 826 νόμου

228 853 556 934 δουλείας
618 854 1054 953 ἐλευθεροῦν·
1146 855 1221 932 ἐν
1293 855 1487 960 αὐτῷ
1560 853 1705 957 γὰρ
1780 864 1825 900 “
1848 851 2190 957 κράζομεν
2258 857 2508 950 Ἀββᾶ
2581 857 2621 933 5
2649 869 2795 918 Rom.
2825 866 2928 917 *ffi-

165 1005 199 1064 5
229 986 272 1022 ‘⁶
293 975 538 1078 πατὴρ
560 977 601 1001 ”
643 979 738 1059 ὡς
773 981 905 1057 υἱοὶ
943 980 1056 1055 καὶ
1093 977 1468 1079 ἐλεύθεροι.
1523 977 1682 1056 ἔστι
1718 975 1793 1057 δὲ
1830 979 1960 1081 οὐχ
1992 978 2243 1080 ἑτέρως
2278 983 2405 1076 τῆς
2442 980 2625 1059 κατὰ
2655 946 2730 996 '⁵'

226 1100 355 1179 τὸν
413 1101 636 1195 νόμον
673 1101 1140 1204 ἱσχνολογῖας
1189 1097 1273 1179 τὸ
1321 1100 1549 1196 βάθος
1596 1106 1784 1198 ἰδεῖν,
1822 1100 2019 1200 πλὴν
2067 1100 2177 1180 ὅτι
2233 1101 2348 1181 διὰ
2402 1102 2625 1200 μόνου

226 1233 356 1303 τοῦ
391 1224 647 1325 Ἀγίου
688 1224 1130 1321 Πνεύματος’
1200 1213 1373 1302 αὑτό
1423 1222 1564 1327 γάρ
1601 1226 1759 1303 ἐστι
1798 1227 1913 1303 καὶ
1950 1224 2034 1303 τὸ
2070 1227 2392 1327 ε’ρευνοῦν
2435 1237 2477 1271 “
2508 1227 2623 1304 καὶ
2655 1230 2810 1342 1:3⁰¹*
2837 1229 2892 1278 ἢ·

230 1360 272 1394 “
308 1346 404 1427 τὰ
448 1346 646 1447 βάθη
704 1354 832 1426 τοῦ
890 1349 1141 1428 Θεοῦ.”
1217 1346 1413 1447 βάθη
1474 1346 1549 1427 δὲ
1606 1352 1819 1444 Θεοῦ,
1876 1347 2008 1445 τὴν
2066 1351 2140 1426 ἐν
2206 1356 2352 1431 τοῖς
2419 1352 2628 1450 ἱεροῖς
2719 1332 2730 1343 ⁶

227 1472 614 1573 γράμμασι
647 1472 1312 1573 τεθησαυρισμένην
1349 1477 1624 1573 γνῶσιν
1655 1469 2074 1570 ὠνομάσθαι
2107 1472 2363 1576 φαμέν·
2402 1471 2626 1577 ταύτῃ

131 1639 202 1676 ιο
228 1630 338 1674 τοι
398 1599 516 1674 καὶ
573 1596 613 1672 5
669 1595 1055 1678 θεσπέσιος
1094 1598 1359 1674 Δαυεὶδ
1413 1594 1540 1678 τὰς
1596 1593 1772 1696 πρὸς
1817 1596 2007 1676 Θεὸν
2064 1597 2364 1675 ε’ποιεῖτο
2423 1593 2628 1680 λιτὰς

227 1721 415 1798 οὕτω
453 1717 690 1819 λε’γων
744 1730 786 1765 “
820 1718 1351 1825 Ἀποκιίλυψον
1387 1717 1552 1802 τοὺς
1597 1717 2022 1823 ὀφθαλμούς
2067 1752 2207 1817 μου
2245 1722 2360 1798 καὶ
2396 1753 2620 1798 κατα·
2653 1738 2735 1851 P}
2758 1737 2932 1786 cxviii·

228 1854 271 1889 ‘⁴
304 1841 554 1941 νοήσω
608 1841 702 1920 τὰ
754 1840 1122 1939 θαυμάσιοί
1176 1877 1317 1923 σου
1361 1845 1439 1922 ἐκ
1485 1851 1613 1922 τοῦ
1661 1840 1882 1940 νόμου
1923 1844 2134 1921 σου·”
2205 1845 2502 1922 ἐποιεῖτο
2553 1841 2629 1921 δὲ
2660 1818 2677 1850 ¹
2719 1839 2732 1850 ”

231 1969 346 2045 καὶ
386 1965 600 2050 αὐτὸς
636 1967 676 2043 5
715 1964 972 2068 Σωτὴρ
1009 1968 1135 2046 οὐκ
1181 1966 1652 2065 ἀθαύμαστον
1687 1964 1815 2044 τὸν
1853 1967 1931 2045 ἐκ
1970 1970 2257 2065 νομικῆς
2295 1964 2629 2064 εἶδήσεως

230 2090 714 2183 ἀναβαίνοντα
766 2087 949 2190 πρὸς
1011 2088 1492 2188 πνευματικὴν
1545 2089 1875 2169 τουτέστι
1940 2088 2073 2188 τὴν
2128 2087 2621 2190 εὐαγγελικήν*

134 2251 203 2308 ι5
231 2216 374 2318 ἔφη
429 2213 575 2315 γὰρ
630 2216 739 2293 ὅτι
798 2224 839 2260 “
872 2213 1017 2292 Διὰ
1070 2221 1284 2292 τοῦτο
1342 2214 1537 2315 λε’γω
1594 2215 1757 2311 ὑμῖν
1817 2211 1926 2292 ὅτι
1986 2219 2128 2296 πᾶς
2171 2211 2626 2315 γραμματεὺς
2651 2242 2910 2320 8.μαιιιι.

232 2351 275 2384 “
309 2342 774 2436 μαθητευθεὶς
826 2344 917 2442 τῇ
973 2339 1319 2444 βασιλείᾳ
1365 2343 1510 2416 τῶν
1564 2338 1905 2440 οὐρανῶν,
1954 2335 2190 2433 ὅμοιός
2234 2339 2435 2415 ἐστιν
2490 2338 2621 2415 ἄν·
2651 2309 2755 2358 '¹³¹¹'
2781 2322 2859 2371 ⁵²³

231 2475 273 2510 “
308 2462 580 2568 θρώπῳ
633 2460 966 2567 πλουσίῳ
1014 2460 1216 2571 ὅστις
1266 2462 1607 2555 ἐκβάλλει
1664 2463 1741 2539 ἐκ
1794 2469 1922 2540 τοῦ
1986 2465 2354 2562 θησαυροῦ
2414 2460 2631 2539 αὐτοῦ

231 2599 275 2634 “
312 2588 436 2665 νεά
478 2592 595 2664 καὶ
633 2581 971 2667 παλαιά.”
1026 2585 1303 2665 παλαιὰ
1336 2586 1466 2684 μὲν
1502 2583 1666 2687 γὰρ,
1703 2585 1794 2664 τὰ
1835 2589 1910 2665 ἐν
1948 2583 2162 2693 νόμῳ·
2222 2587 2344 2664 νέα
2382 2582 2629 2687 γεμὴν,

233 2710 322 2790 τὰ
360 2714 436 2789 ἐν
476 2715 805 2815 Χριστῷ.
876 2714 934 2788 εἰ
975 2709 1050 2788 δὲ
1099 2710 1187 2808 δή
1235 2744 1342 2792 τις
1397 2708 1739 2805 βούλοιτο
1778 2713 1895 2788 καὶ
1950 2711 2109 2790 καθ’
2151 2710 2388 2807 ἕτερον
2444 2714 2622 2787 νοεῖ-

136 2879 207 2916 20
233 2839 409 2914 σθαι
460 2830 731 2935 τρόπον
766 2831 898 2933 τὴν
932 2835 1009 2913 ἐκ
1060 2828 1248 2939 δοξης
1289 2841 1381 2919 εἰς
1427 2828 1619 2940 δόξαν
1655 2832 2220 2936 μεταμόρφωσιν
2253 2834 2379 2928 τῆς
2416 2832 2631 2928 αὐτῆς

234 2959 436 3056 ἡμῶν
503 2959 771 3054 εἰκόνος,
834 2956 1318 3063 παραδέξεταί
1372 2992 1442 3036 τι
1499 2964 1823 3036 τοιοῦτον
1882 2962 1980 3041 εἰς
2046 2963 2234 3051 νοῦν,
2300 2952 2408 3032 ὅτι
2468 2951 2630 3031 ὅσοι
2658 2975 2746 3028 92
2775 2973 2869 3030 Μ.

237 3080 571 3182 Χριστὸν
608 3079 1033 3180 ἐγνώκαμεν,
1063 3079 1738 3183 καταλελογῖσμεθα
1773 3078 1848 3158 δὲ
1875 3083 1990 3159 καὶ
2019 3081 2092 3158 ἐν
2128 3077 2391 3160 τέκνοις
2419 3081 2630 3172 Θεοῦ,

236 3204 474 3302 πάντη
531 3238 610 3282 τε
666 3206 780 3283 καὶ
834 3202 1119 3287 πάντως
1173 3201 1390 3300 ἐσμὲν
1433 3206 1508 3283 ἐν
1546 3201 1750 3309 δόξῃ·
1828 3202 2011 3283 κατὰ
2066 3201 2150 3283 δέ
2194 3235 2278 3304 γε
2332 3199 2458 3280 τὸν
2506 3204 2633 3298 τῆς

239 3325 717 3410 ἀναστάσεως
790 3325 1033 3430 καιρὸν
1100 3328 1205 3421 τὴν
1264 3325 1461 3421 αὐτῆν
1528 3330 1749 3408 εἰκόνα,
1812 3311 2432 3433 μεταμορφούμεθα.
2486 3326 2631 3404 ἀπὶ

142 3490 211 3549 25
241 3449 425 3560 δόξης
497 3459 589 3536 εἰς
647 3444 847 3557 ὃόξαν
908 3449 1213 3559 καθάπερ
1267 3452 1409 3531 ἀπὶ
1476 3456 1684 3557 κυρίου
1746 3449 2143 3555 πνεύματος·
2224 3447 2433 3532 αὐτὸς
2490 3448 2632 3551 γὰρ

237 3578 400 3675 ἡμῖν
440 3578 484 3654 5
521 3573 869 3677 Χριστὸς,
919 3576 959 3653 5
1016 3585 1059 3620 “
1095 3573 1223 3654 τὸν
1271 3576 1658 3678 ἆῤῥαβῶνα
1712 3582 1839 3653 τοῦ
1880 3571 2354 3671 Πνεῦματος”
2418 3605 2621 3676 χαρι-
2653 3594 2861 3660 Suprai.
2886 3609 2964 3645 υ.

237 3701 577 3799 σάμενος,
619 3696 1028 3801 προσθήσει
1076 3695 1161 3778 τὸ
1206 3706 1455 3778 λεῖπον
1492 3698 1643 3776 κατ’
1685 3700 1902 3776 ε’κεΐνο
1940 3706 2064 3777 τοῦ
2102 3703 2368 3799 καιροῦ,
2405 3729 2621 3794 μετα·

237 3822 678 3929 σχηματίσει
734 3821 808 3900 δὲ
865 3826 981 3901 καὶ
1039 3831 1081 3870 “
1108 3821 1190 3901 τὸ
1226 3828 1445 3916 σῶμα
1486 3825 1612 3918 τῆς
1659 3819 2151 3904 ταπεινώσεως
2197 3821 2394 3919 ἡμῶν
2429 3817 2622 3917 σύμ·
2656 3840 2965 3890 P11i1.iii.21.

238 3960 278 3993 “
312 3954 606 4053 μορφον
642 3950 747 4053 τῷ
784 3946 1068 4041 σώματι
1111 3949 1236 4044 τῆς
1276 3943 1492 4051 δόξης
1530 3941 1814 4022 αὐτοῦ.”

308 4260 356 4297 2.
393 4245 454 4297 τὸ
480 4258 581 4313 pro
605 4241 670 4295 τὰ
698 4240 773 4294 H.
885 4240 947 4308 δὴ
985 4249 1036 4293 et
1062 4237 1243 4294 αὐτοὺς
1268 4256 1375 4292 om.
1404 4236 1479 4291 H.
1881 4255 1933 4302 4.
1970 4236 2272 4302 ἐλευθεροῦν
2328 4237 2499 4306 pergit
2523 4239 2633 4304 ἤτοι

238 4316 285 4366 οἱ
307 4315 445 4384 ἅγιοι
470 4314 599 4367 κατὰ
624 4310 716 4364 τὸν
744 4308 869 4381 (23)
900 4311 973 4364 H.
1298 4325 1383 4374 24.
1421 4309 1596 4377 καιρὸν
1655 4314 1708 4370 4
1741 4306 2087 4376 ἐκλάμποντες
2117 4308 2190 4360 H.
2307 4307 2454 4360 tatim
2480 4327 2633 4370 μετα-

238 4388 555 4452 μορφοῦνται
580 4382 677 4447 τὴν
699 4382 857 4450 αὐτὴν
880 4381 1046 4434 εἰκόνα
1070 4383 1163 4433 τοῦ
1187 4382 1425 4448 σώματος
1448 4379 1549 4433 ἀπὸ
1641 4419 1653 4432 .
2153 4377 2237 4431 26.
2273 4377 2392 4443 ἡμῖν
2419 4395 2527 4428 om.
2559 4375 2631 4427 H.

241 4455 407 4523 κύριος
432 4473 528 4524 pro
555 4452 787 4520 Χριστὸς
820 4451 890 4506 H.
964 4451 1153 4504 Statim
1182 4453 1210 4504 ὁ
1235 4468 1341 4504 om.
1372 4449 1445 4503 H.
1764 4461 1847 4517 27.
1888 4446 2103 4518 τὸ-δὲ]
2133 4451 2246 4501 τότε
2273 4449 2457 4499 λοιπὸν
2481 4465 2632 4513 μετα·

242 4528 567 4595 σχηματίζων
599 4522 675 4577 Η.

1341 4609 1383 4651 X
1418 4613 1455 4651 X
1492 4608 1527 4654 2
