3269 5166
280 3417 487 3469 oms.

281 3483 471 3535 Penii.

282 3563 366 3613 23·

610 341 697 403 22
1216 341 1297 405 Β.
1343 340 1768 406 CYRILLI
1829 339 2405 405 ALEXANDR.
2707 334 2885 399 xviii.
2917 351 3022 399 10.

513 634 588 673 10
616 610 840 689 Σίμων
898 608 1013 680 οὖν
1073 613 1322 704 Πὲτροε
1383 612 1555 701 ἔχων
1617 614 1942 702 μάχαιραν
2002 612 2301 679 εἵλκυσεν
2357 610 2560 676 αὐτὴν
2625 609 2732 673 καὶ
2784 606 3022 675 ἔπαισε

716 736 830 807 τὸν
883 745 998 805 τοῦ
1053 738 1410 829 ἀρχιερέως
1465 739 1704 804 δοῦλον
1761 740 1868 805 καί
1921 738 2260 818 ἀπέκοψεν
2315 737 2514 803 αὐτοῦ
2567 735 2644 805 τὸ
2690 732 2889 800 ὠτίον
2942 730 3025 799 τὸ

717 864 952 933 δεξιόν·
1022 860 1101 930 ἦν
1155 864 1228 932 δὲ
1282 866 1491 942 ὄνομα
1544 868 1643 950 τῷ
1697 863 1915 949 δούλῳ
1965 864 2258 951 Μάλχος.

729 1037 914 1117 Εἶτα
961 1039 1041 1117 τί
1082 1037 1167 1118 τὸ
1211 1035 1641 1140 ἀναγκάζον,
1683 1040 1830 1142 ἐρεῖ
1858 1072 1967 1121 τις
2001 1034 2241 1142 τυχὸν,
2277 1036 2405 1116 τὸν
2443 1036 2839 1116 θεσπέσιον
2877 1035 3026 1113 Εὐ-

618 1161 1071 1265 αγγελιστὴν
1123 1167 1530 1263 μεμνῆσθαι
1588 1164 1704 1242 καὶ
1767 1163 2060 1260 τούτων,
2116 1165 2211 1246 ὡς
2260 1164 2376 1240 καὶ
2435 1162 2765 1267 μαχαίρᾳ
2820 1157 3027 1260 παρά
3053 1183 3091 1246 5

618 1321 703 1390 γε
756 1285 837 1366 τὸ
883 1285 1128 1372 εἰωθὸς
1180 1287 1615 1392 κεχρημένον
1672 1287 2013 1393 ἐπιδεῇ
2069 1286 2196 1366 τὸν
2249 1284 2580 1386 μαθητὴν
2635 1280 2818 1363 κατὰ
2872 1290 3024 1364 τῶν

544 1429 588 1494 b
620 1410 938 1511 ἡκόντων
1007 1418 1105 1496 εἶς
1168 1413 1561 1517 σύλληψιν
1629 1419 1758 1491 τοῦ
1829 1415 2182 1513 Χριστοῦ,
2254 1408 2682 1513 θερμότερόν
2756 1443 2835 1488 τε
2902 1408 3026 1488 καὶ

619 1534 1108 1638 ἀπηνέστερον
1157 1534 1338 1639 ἤπερ
1376 1536 1514 1615 ἔδει
1550 1533 2019 1635 κεκινημένον,
2059 1536 2182 1615 ἐπί
2217 1568 2294 1615 τε
2349 1533 2627 1618 τούτοις
2660 1534 2854 1640 αὐτῷ
2905 1536 3026 1612 καὶ

617 1661 1049 1757 ἐπιτιμῶντα
1092 1656 1446 1762 Χριστόν.
1528 1661 1647 1739 καὶ
1704 1657 1997 1761 περιττὴ
2051 1657 2183 1758 μὲν
2236 1660 2414 1744 ἴσως
2453 1660 2787 1764 φανεῖταί
2827 1691 3026 1737 τισιν

616 1784 663 1885 ἡ
700 1784 974 1864 τούτων
1017 1782 1387 1891 ἐξήγησις,
1441 1783 1583 1890 ἔχει
1634 1782 1710 1864 δὲ
1749 1785 1883 1889 οὐχ
1933 1785 2181 1868 οὕτως.
2263 1786 2345 1863 οὐ
2393 1782 2537 1887 γὰρ
2585 1787 2714 1883 τῆς
2761 1779 3024 1886 τυχού-
3051 1821 3131 1863 10

617 1942 761 2010 σης
791 1908 960 2010 ἡμῖν
997 1907 1348 2018 ὠφελείας
1390 1907 1870 2009 εἰσκεκόμικεν
1906 1908 2074 2009 ἡμῖν
2111 1907 2606 2012 ὐπογραμμόν.
2681 1904 3026 2007 εἰσόμεθα

619 2031 765 2138 γὰρ
839 2031 957 2113 διὰ
1024 2042 1156 2114 τοῦ
1240 2031 1645 2135 γεγονότος,
1718 2033 1929 2138 με’χρι
2000 2030 2132 2131 μὲν
2204 2033 2393 2116 τίνος
2467 2029 3025 2134 ἀκατηγορήτως

616 2158 899 2260 πρόεισι
950 2162 1078 2257 τῆς
1127 2163 1224 2243 εἶς
1271 2157 1604 2262 Χριστὸν
1654 2158 2020 2251 εὐσεβείας
2064 2159 2104 2237 ὁ
2161 2157 2402 2261 ζῆλος,
2453 2158 2530 2238 τί
2573 2157 2650 2238 δὲ
2703 2155 2793 2257 δὴ
2843 2162 3027 2259 δρᾶν

618 2281 986 2368 ἐθέλοντες
1020 2286 1097 2363 ἐν
1134 2289 1283 2367 τοῖς
1326 2282 1668 2366 τοιούτοις
1717 2285 2021 2384 ἀγῶσιν,
2059 2284 2188 2363 οὐκ
2232 2283 2323 2363 ἀν
2358 2318 2429 2364 τι
2476 2282 3019 2385 προσπταίσαι-

617 2443 750 2505 μεν
804 2415 951 2488 τῶν
1003 2409 1116 2513 ἐφ’
1157 2405 1263 2492 οἷς
1317 2412 1649 2487 λυπεῖται
1701 2406 1913 2493 Θεός.
1998 2408 2083 2487 οὐ
2138 2406 2283 2511 γάρ
2338 2406 2427 2508 δὴ
2482 2409 2783 2509 σίδηρον
2839 2408 3016 2486 ἀνα-
3053 2439 3132 2500 15

559 2562 595 2606 c
619 2533 885 2630 τείνειν,
917 2530 965 2632 ἢ
1011 2533 1258 2617 λίθους
1312 2530 1616 2639 ἐξαίρειν
1662 2531 1848 2612 κατά
1888 2566 2121 2631 τινων,
2158 2532 2383 2634 ἤγουν
2428 2532 2631 2641 ξύλῳ
2683 2530 3027 2615 παίοντας

623 2654 787 2741 τοὺς
842 2658 927 2736 δι’
966 2656 1314 2753 ἐναντίας,
1355 2662 1447 2761 τῇ
1505 2663 1605 2740 εἰς
1652 2655 1982 2760 Χριστὸν
2019 2658 2351 2765 εὐσεβείᾳ
2393 2664 2784 2739 συναθλεῖν
2821 2658 2862 2735 ὁ
2898 2664 3028 2737 τοῦ

507 2840 520 2853 ·
621 2781 1050 2886 πράγματος
1120 2782 1309 2882 ἡμᾶς
1378 2782 1629 2889 ἐφίησι
1691 2782 1942 2867 τύπος·
2031 2780 2126 2862 τὰ
2188 2781 2333 2885 γὰρ
2392 2781 2591 2863 ὅπλα
2664 2781 2869 2882 ἡμῶν
2942 2783 3029 2860 οὐ

621 2905 954 3009 σαρκικὰ,
1029 2904 1211 2985 κατὰ
1285 2901 1417 3005 τὴν
1487 2914 1617 2986 τοῦ
1696 2906 2001 2987 Παύλου
2067 2906 2341 3014 φωνήν·
2448 2909 2623 2986 ἀλλ’
2698 2904 3029 3007 ἠπιότητι

620 3038 916 3131 μᾶλλον
953 3034 1069 3112 καὶ
1120 3036 1268 3113 τοῖς
1325 3037 1612 3138 φονῶσι
1667 3031 2242 3137 προσφέρεσθαι,
2282 3032 2455 3112 ὅταν
2511 3033 2680 3132 ἡμῖν
2733 3030 2819 3110 τὸ
2876 3035 3023 3110 δια.
3054 3063 3140 3107 20

622 3155 913 3264 φεύγειν
968 3152 1221 3240 αὐτοὺς
1277 3156 1768 3236 ἀποκλείωσιν
1823 3159 1889 3234 οἶ
1931 3157 2180 3259 καιροί.
2261 3154 2457 3236 πολύ
2490 3153 2633 3259 γάρ
2671 3155 2760 3256 δή
2815 3190 2887 3235 τι
2940 3155 3026 3236 τὸ

623 3280 931 3378 ἄμεινον,
969 3278 1146 3382 ὑπὲρ
1194 3285 1339 3359 τῶν
1392 3284 1489 3362 εἰς
1539 3280 1725 3378 ἡμᾶς
1774 3281 2230 3380 ἀδικημάτων
2277 3279 2555 3383 ἑτέρους
2605 3281 3029 3360 εὐθύνεσθαι

622 3403 823 3506 παρὰ
879 3411 1004 3482 τοῦ
1053 3403 1146 3482 τὰ
1197 3402 1433 3481 δίκαια
1491 3402 1878 3504 κρίνοντος,
1930 3403 2111 3508 ἤπερ
2164 3404 2291 3484 οὖν
2346 3405 2531 3504 ἡμᾶς
2590 3404 2844 3489 αὐτοὺς
2902 3402 3032 3484 τὸν

623 3527 736 3634 ἐφ’
787 3526 1090 3626 αἵμασιν
1144 3525 1583 3633 ἐξαιτεῖσθαι
1645 3526 1893 3630 λόγον,
1939 3528 2317 3635 πρόφασιν
2378 3529 2838 3627 ποιουμένους
2898 3527 3033 3629 τὴν
3127 3567 3138 3572 ·

624 3650 1018 3744 εὐσέβειαν.
1085 3651 1266 3755 φαίη
1304 3650 1374 3729 δ’
1415 3649 1506 3729 ἅν
1542 3684 1652 3734 τις
1695 3653 1812 3730 καὶ
1849 3652 2100 3754 ἑτέρως
2134 3648 2308 3731 εἶναι
2345 3658 2490 3731 τῶν
2525 3650 3030 3751 ἀτοπωτάτων,
3057 3689 3143 3751 25

554 3787 598 3855 d
623 3776 727 3884 τῷ
770 3780 917 3854 τῶν
963 3770 1362 3854 διωκόντων
1401 3772 1690 3882 θανάτῳ
1727 3781 1939 3874 τιμᾶν
1974 3773 2101 3855 τὸν
2138 3777 2253 3856 ἐπὶ
2298 3774 2609 3856 θανάτου
2653 3776 2865 3856 λύσει
2912 3780 3033 3857 καὶ

623 3896 842 3980 αὐτὸν
906 3897 1125 4001 ἡδέως
1177 3894 1505 3978 παθόντα
1563 3897 1691 3978 τὸν
1745 3897 2080 3979 θάνατον.
2161 3901 2277 3978 καὶ
2339 3900 2533 4008 αὐτῷ
2591 3900 2683 3980 δέ
2725 3934 2882 3985 πως
2941 3899 3036 4001 ἦν

622 4025 1029 4126 ἀναγκαίως
1084 4022 1385 4103 ἕπεσθαι
1440 4021 1623 4102 κατὰ
1679 4032 1892 4103 τοῦτο
1943 4027 2273 4130 Χριστῷ.
2354 4028 2415 4102 εἰ
2470 4022 2601 4122 μὲν
2656 4021 2802 4127 γὰρ
2857 4026 3029 4104 ε’κα-

621 4156 818 4228 λεΐτο
866 4145 1048 4251 πρὸς
1098 4145 1436 4243 θάνατον,
1479 4151 1576 4230 ὡς
1624 4147 1714 4254 ἐξ
1759 4146 2076 4249 ἀνάγκης
2128 4149 2244 4225 καὶ
2289 4148 2475 4243 βίας,
2515 4150 2613 4232 ὡς
2665 4149 2794 4227 οὐκ
2845 4147 3037 4253 ἔχων

621 4272 1039 4379 ἀνατρέπειν
1073 4270 1163 4380 ἐξ
1201 4273 1380 4357 ἰδίας
1419 4269 1674 4376 ἰσχύος
1713 4267 2276 4372 ἀπλεονέκτητον
2312 4271 2545 4350 οὖσαν
2582 4270 2701 4351 διὰ
2736 4269 3033 4374 πληθύν
3059 4312 3147 4371 30

692 4539 745 4595 9.
781 4544 870 4595 γρ.
895 4526 1108 4649 Χρισέᾢ
1133 4520 1237 4578 Ed.
1262 4540 1374 4594 mg.
1400 4520 1633 4592 Χριστὸν
1655 4519 1818 4576 habet
1844 4519 1904 4575 F.
2567 4534 2649 4590 15.
2685 4521 2939 4580 ἀνατίνειν
2964 4524 3035 4584 Ε.
