3269 5166
565 342 684 398 638

647 524 897 582 revelata
916 525 1058 582 facie
1081 523 1144 602 (2
1169 522 1302 583 Cor.
1323 525 1398 583 iii.
1428 522 1530 604 18)
1553 524 1715 583 Chri·

649 632 772 681 stus
798 620 882 682 11.
913 627 986 682 91
1023 625 1142 699 [pp.
1165 626 1302 691 336,
1336 626 1501 699 33η.

565 721 805 778 Liberos
853 741 1053 779 omnes
1095 723 1257 779 initio
1305 722 1518 782 creavit
1563 723 1724 781 Deus

649 819 712 876 M
745 823 823 878 60
882 839 918 877 a
957 821 1232 879 servitute
1272 831 1466 880 tamen
1515 822 1623 880 bac
1663 824 1723 880 in

647 918 764 976 vita
790 937 908 975 non
934 918 1271 995 fugiendum
1302 921 1375 978 ib.

565 1016 768 1092 Ligna,
825 1017 1062 1074 Divinae
1119 1016 1446 1094 Scripturae
1503 1004 1721 1096 cogita-

645 1115 831 1172 tiones
861 1116 896 1171 2
919 1115 974 1187 b,
1006 1119 1041 1174 3
1066 1116 1221 1181 abe,
1242 1121 1295 1174 4.

565 1210 755 1289 Ligna
782 1213 1131 1289 infrugifera,
1160 1214 1537 1272 hereticorum
1582 1215 1721 1273 scri-

644 1320 746 1386 pta
775 1316 809 1369 4
831 1312 869 1369 b
891 1331 940 1370 c.

567 1407 832 1485 Linguae
859 1410 1061 1485 igneae
1090 1430 1204 1469 non
1228 1407 1451 1469 initium
1475 1411 1724 1488 Spiritus

650 1507 839 1565 Sancti
864 1509 1053 1575 dandi,
1077 1508 1176 1566 sed
1207 1509 1470 1585 loquendi
1502 1511 1723 1569 initium

658 1610 814 1666 1099
837 1608 874 1664 b
896 1627 928 1664 c
946 1608 1003 1664 d.

568 1701 850 1780 Linguam
881 1704 1104 1762 frenare
1146 1705 1422 1781 imprimis
1462 1724 1721 1765 necessa·

650 1802 794 1859 rium
827 1802 898 1859 iii.
933 1807 1073 1869 446,
1106 1808 1225 1861 447
1257 1804 1352 1861 fin.

569 1909 608 1933 “
628 1900 845 1958 Littera
873 1901 1131 1959 occidit''
1163 1921 1306 1977 quae
1335 1902 1417 1960 M.
1450 1905 1531 1962 90
1558 1905 1652 1961 fin.

566 1997 851 2074 Locuples
866 2000 1095 2074 juvenis
1118 2000 1173 2057 in
1195 2001 1521 2077 Evangeliis
1542 2006 1660 2061 307
1672 2021 1721 2060 e.

567 2096 937 2172 Longanimis
979 2097 1135 2155 Deus
1178 2099 1285 2156 etsi
1325 2101 1516 2158 omnia
1559 2120 1721 2176 prae·

648 2194 832 2251 sciens
864 2199 982 2255 725
1006 2196 1060 2268 d,
1089 2197 1167 2254 iii.
1200 2203 1317 2256 447
1341 2198 1461 2258 init.

567 2291 760 2349 Lucas
789 2291 848 2352 S.
881 2294 1088 2352 citatur
1112 2298 1269 2355 1067
1292 2314 1340 2354 c.

566 2388 823 2447 Lucerna
881 2400 1040 2449 extra
1106 2393 1451 2451 tabernaculi
1514 2394 1723 2468 velum,

647 2487 779 2543 Divi
805 2486 1044 2545 Joannis
1073 2489 1366 2565 Baptistae
1399 2500 1571 2568 typus
1601 2498 1714 2553 251

646 2603 700 2653 e,
732 2587 870 2657 252,
901 2590 1039 2645 356.

565 2681 861 2740 Lucet-nae
899 2685 1221 2743 candelabri
1263 2688 1577 2763 gratiarum
1622 2691 1723 2748 Di-

647 2780 902 2838 vinarum
931 2791 1101 2859 typus
1133 2788 1254 2843 390
1275 2805 1307 2843 c
1329 2786 1368 2843 d
1389 2804 1438 2844 e.

1098 3023 1166 3081 M

565 3165 737 3225 Mam
767 3167 826 3225 in
851 3170 1114 3245 Aegypto
1135 3185 1426 3247 serpentes
1454 3191 1572 3231 non
1599 3192 1722 3232 cre-

646 3274 885 3324 averunt
913 3271 1031 3326 628
1051 3288 1085 3325 a
1100 3268 1139 3325 b
1157 3288 1204 3327 c.

565 3364 719 3422 Male
741 3365 1076 3441 intelligitur
1092 3387 1125 3424 a
1144 3367 1478 3443 quibusdam
1501 3393 1515 3428 z
1550 3380 1583 3405 ‘⁸
1601 3372 1719 3441 Qui

645 3472 776 3538 post
806 3483 896 3521 me
913 3465 1070 3522 venit
1090 3476 1223 3524 ante
1244 3486 1336 3526 me
1363 3468 1549 3526 factus
1577 3478 1667 3527 est
1684 3469 1721 3492 ’⁹

647 3565 723 3619 97
748 3560 837 3620 bis
855 3563 908 3619 d.

564 3658 734 3717 Malis
775 3668 836 3716 et
874 3659 1195 3720 infidelibus
1239 3665 1561 3722 conversari
1605 3683 1721 3722 non

645 3755 766 3813 sine
795 3756 1042 3830 periculo
1071 3757 1152 3817 M.
1180 3764 1253 3819 61
1281 3760 1366 3838 [p.
1393 3759 1563 3840 2⁷9}

565 3854 905 3913 Mandatum
938 3854 1081 3913 Filio
1109 3858 1279 3922 Pater
1306 3860 1405 3917 dat
1433 3862 1721 3936 quomodo

603 3987 614 3998 -
652 3958 764 4013 167
787 3977 836 4015 e.

564 4054 964 4114 Mandatornm
1006 4055 1280 4132 Deoalogi
1320 4064 1563 4131 quatuor
1601 4057 1717 4132 pri·

645 4171 808 4211 orum
838 4174 1000 4212 mens
1031 4160 1148 4214 442
1169 4175 1219 4220 e,
1250 4158 1368 4213 423
1424 4172 1527 4211 cur
1555 4173 1714 4212 man·

644 4251 840 4309 datum
871 4261 1154 4328 quartum,
1187 4251 1421 4327 Requiei
1456 4262 1721 4310 aeternae

644 4359 815 4426 typus
852 4351 1120 4407 mandata
1162 4359 1452 4424 postrema
1490 4369 1721 4427 praece-

645 4447 730 4503 dit
759 4452 876 4505 424
901 4448 955 4505 d.

1367 340 1694 400 INDEX
1781 338 2151 399 RERUM.

2736 358 2797 396 u
2804 355 2992 396 ⁸310·

1904 524 2041 583 bato
2086 542 2224 590 non,
2268 542 2502 599 operum
2545 523 2833 581 bonorum
2881 523 2989 581 boc

1907 624 2100 681 seculo
2146 622 2532 681 faciendorum
2579 631 2757 698 typos
2801 625 2921 680 426
2938 640 2987 692 e,

1910 726 2028 780 427
2096 722 2168 778 ab
2196 738 2539 796 unoquoque
2580 728 2642 777 et
2678 721 2984 777 contuber-

1909 820 2133 878 nalibus
2201 818 2607 895 colligendum,
2666 819 2806 894 quid
2869 818 2987 894 sig·

1908 918 2103 975 nificet
2132 922 2249 976 742
2274 917 2313 974 d
2334 936 2385 975 e.

1829 1012 2045 1074 Kanna
2071 1016 2181 1074 Dei
2211 1015 2387 1073 Filius
2408 1015 2759 1091 Unigenitus
2789 1020 2909 1075 312
2934 1016 2989 1088 d,

1914 1118 2031 1172 314
2061 1132 2095 1171 c
2120 1132 2175 1184 e,
2221 1117 2338 1173 316
2369 1132 2420 1182 a,
2468 1117 2586 1173 317
2618 1114 2674 1180 d,
2724 1118 2846 1173 319
2875 1132 2909 1173 c
2936 1133 2989 1185 e,

1912 1216 2031 1271 320
2060 1232 2113 1278 a,
2172 1216 2290 1271 323
2320 1231 2357 1269 a
2452 1211 2745 1271 doctrinae
2799 1214 2991 1270 Evan-

1908 1311 2125 1387 gelicae
2152 1320 2322 1387 typus
2352 1313 2469 1369 318
2500 1329 2536 1368 a
2603 1311 2702 1385 qui
2730 1311 2993 1386 Angelo-

1909 1428 2035 1466 rum
2064 1408 2279 1465 Vernm
2323 1418 2413 1466 est
2452 1408 2662 1466 Cibum
2698 1412 2839 1475 350,
2872 1414 2985 1468 351

1908 1522 2014 1561 cur
2039 1504 2098 1561 in
2127 1505 2366 1562 sabbato
2398 1524 2514 1562 non
2544 1504 2840 1581 colligitur
2871 1508 2989 1563 316

1908 1603 2000 1660 od
2061 1603 2157 1677 qui
2201 1612 2385 1660 morte
2429 1603 2757 1679 superiores
2802 1604 2992 1661 reddit

1910 1703 2023 1759 351
2051 1701 2088 1758 d
2110 1720 2157 1757 e.

1827 1798 2042 1856 Manna
2086 1799 2158 1856 ab
2187 1798 2432 1875 Eulogia
2466 1799 2841 1875 distinguitur
2870 1806 2988 1861 364

1906 1898 2014 1966 ab,
2048 1898 2158 1957 371
2185 1917 2236 1969 e,
2261 1900 2376 1958 372
2408 1914 2443 1955 a
2468 1897 2508 1954 b
2530 1914 2562 1955 c
2624 1898 2782 1956 unde
2812 1899 2988 1957 Eulo-

1908 1995 2037 2070 giae
2064 2008 2233 2072 typus
2260 1995 2468 2053 dieitur
2496 1998 2614 2055 372
2635 2017 2683 2056 c.

1824 2091 2126 2164 Iansueti,
2191 2095 2381 2151 animo
2437 2103 2710 2169 tanquam
2771 2094 2991 2153 Christi

1907 2190 2161 2267 patienti,
2203 2211 2310 2250 nec
2352 2193 2512 2264 irato,
2552 2210 2679 2250 esse
2714 2193 2989 2251 debemus

1908 2294 2026 2348 463
2050 2290 2105 2348 d.

1823 2382 2282 2445 Hanmetudinis
2359 2389 2651 2464 exemplar
2720 2388 2991 2447 Christus

1914 2486 2066 2543 1028
2092 2484 2145 2555 d,
2182 2488 2337 2543 1029
2360 2505 2410 2543 c.

1825 2580 2058 2640 Marcus
2086 2581 2146 2641 S.
2177 2583 2385 2642 citatur
2411 2589 2565 2644 1067
2590 2603 2637 2643 c.

1823 2680 2008 2740 Maria
2028 2680 2373 2758 Magdalena
2390 2683 2684 2741 Christum
2714 2684 2804 2742 vel
2836 2704 2985 2744 mor-

1903 2788 2065 2837 tuum
2100 2779 2411 2838 Dominum
2450 2783 2709 2840 nominat
2743 2786 2904 2842 1078
2926 2784 2984 2849 d,

1911 2881 2063 2936 1082
2086 2878 2125 2935 b
2195 2898 2232 2936 a
2270 2879 2411 2938 fietu
2459 2880 2711 2938 cohibita
2757 2889 2823 2938 ut
2876 2900 2983 2958 ge·

1902 2976 2055 3033 neris
2082 2975 2349 3035 foeminei
2380 2978 2663 3053 primitiae
2691 2982 2847 3037 1083
2872 2979 2912 3036 b
2933 2998 2983 3044 c,

1909 3077 2063 3133 1087
2134 3075 2559 3133 infirmitatibus
2603 3075 2983 3134 foeminarum

1902 3172 2155 3247 pristinis
2177 3173 2490 3231 exsolvitur
2503 3178 2659 3232 1086
2680 3191 2715 3232 e
2762 3193 2799 3231 a
2818 3175 2981 3231 Chri·

1905 3270 1977 3326 sti
2016 3279 2194 3341 tactu,
2223 3269 2440 3347 Spiritu
2467 3269 2683 3329 Sancto
2722 3272 2981 3331 nondum

1900 3376 2138 3444 accepto
2165 3369 2449 3444 prohibita
2480 3373 2653 3440 1085,
2682 3373 2838 3429 1086
2896 3388 2981 3428 re·

1902 3484 2032 3523 rurn
2074 3466 2353 3524 bonarum
2396 3450 2704 3544 fiiscipnlis
2745 3470 2979 3526 nuntius

1908 3568 2063 3624 1087
2086 3584 2119 3622 c
2140 3565 2195 3636 d,
2230 3568 2386 3626 1088
2409 3586 2458 3637 a,
2495 3571 2650 3625 1090
2673 3586 2723 3624 a.

1820 3661 2004 3720 Maria
2026 3663 2212 3739 Virgo
2250 3663 2430 3722 Beata
2470 3665 2781 3722 Dominum
2812 3664 2977 3724 Chri-

1901 3769 2053 3818 stum
2081 3769 2286 3838 utpote
2306 3762 2486 3819 filium
2516 3779 2680 3820 suum
2710 3764 2782 3820 ad
2814 3764 2978 3821 mira-

1900 3857 2158 3916 culorum
2206 3859 2427 3917 initium
2469 3860 2791 3919 faciendum
2847 3881 2974 3937 per·

1900 3957 2077 4015 suasit
2124 3962 2239 4017 136
2269 3978 2320 4026 a,
2375 3963 2494 4018 458
2524 3979 2559 4017 a
2645 3960 2975 4018 Passionem

1900 4056 2130 4113 Domini
2159 4057 2359 4123 nostri,
2385 4068 2448 4115 ut
2469 4057 2789 4128 verisimile,
2813 4077 2970 4116 scan-

1902 4153 2091 4211 dalum
2163 4155 2341 4211 sensit
2390 4159 2543 4213 1064
2590 4155 2678 4212 cd
2696 4174 2744 4226 e,
2798 4159 2972 4220 1065.

1910 4256 2064 4312 1066
2087 4271 2120 4309 c
2141 4252 2180 4309 d
2232 4252 2557 4311 Theotocos
2586 4252 2661 4311 iii.
2693 4258 2832 4312 532.

1820 4348 2060 4407 Mariam
2117 4349 2320 4407 Lazari
2379 4369 2634 4408 sororem
2689 4352 2971 4426 quomodo

1902 4449 2126 4505 vocavit
2152 4449 2433 4506 Dominus
2460 4451 2579 4509 684
2599 4450 2652 4507 b.

561 4541 777 4601 Manna
805 4562 905 4600 sex
935 4543 1136 4602 diebus
1163 4544 1568 4619 colligendum,
1592 4545 1721 4603 sab-
1821 4543 2052 4603 Martha
2106 4545 2451 4613 ministrans,
2498 4546 2681 4604 Maria
2732 4565 2965 4623 ungens,
