3269 5166
299 413 558 480 [ΨΜ]

606 304 736 367 340
954 300 1032 364 Β.
1080 298 1455 364 CYRILLI
1508 297 2035 362 ALEXANDR.
2093 297 2659 362 FRAGMENTA
2833 296 2919 359 iv.
2941 318 3004 373 4.

717 473 1011 574 Ἐπειδὴ
1091 477 1183 555 δέ
1238 481 1471 581 φησιν
1535 476 1576 553 ὁ
1642 472 2120 576 μυσταγωγός
2185 471 2510 579 Καθάπερ
2569 472 2710 554 ἀπὶ
2795 476 3009 582 κυρίου

1174 601 1194 629 Ι

751 600 775 629 Ι
1242 609 1286 647 ‘⁶
1398 600 1431 634 9
1543 597 1562 626 ἱ
1668 596 1690 622 ἱ
1892 606 1922 621 Α
2242 599 2261 626 Ι
2415 599 2433 624 9
2697 598 2716 628 Ι
2779 598 2819 623 90
2935 600 2968 617 Α

276 620 440 684 Supra
461 635 564 670 ver.
613 635 1014 707 πνευματος,
1069 634 1186 679 και
1315 604 1434 678 Ου
1488 602 1563 678 δε
1616 633 1703 677 το
1747 631 2027 696 πνευμα
2067 601 2362 699 Κυριου,
2396 604 2779 699 ελευθερια,
2880 630 3009 696 της

280 696 356 748 17.

609 731 753 805 τῶν
816 723 1126 802 ἀνοσίων
1190 725 1556 825 αἱρετικῶν
1620 720 2109 825 συκοφαντίας
2176 721 2305 800 οὐκ
2367 718 2790 827 ἀνεξόμεθα,
2859 728 3008 804 τοῖς

609 855 922 950 γενητοῖς
979 847 1382 946 ἐναρίθμιον
1424 850 1786 926 ποιεῖσθαι
1839 844 1924 924 τὸ
1965 849 2284 939 Πνεῦμα·
2346 850 2404 923 εἰ
2450 842 2593 947 γὰρ
2635 844 2808 924 ἔνθα
2864 879 3010 926 που

608 975 765 1051 ε’στὶ
821 969 904 1051 τὸ
946 976 1263 1068 Πνεῦμα,
1301 973 1445 1049 ε’κεΐ
1491 1003 1633 1049 που
1688 968 1977 1052 πάντως
2023 972 2139 1048 καὶ
2190 970 2234 1068 ἡ
2287 967 2635 1075 ἐλευθερία,
2674 976 2833 1053 πῶς
2880 970 3010 1050 οὐκ
3039 994 3074 1054 5

608 1094 979 1197 ἐλεύθερον
1016 1090 1198 1173 κατὰ
1248 1092 1475 1200 φύσιν
1524 1094 1770 1188 ἐστίνς
1831 1099 1887 1172 εἶ
1935 1094 2011 1173 δὲ
2060 1101 2291 1190 τοῦτο,
2328 1095 2445 1172 καὶ
2480 1101 2627 1172 τῶν
2662 1097 2792 1192 τῆς
2831 1096 3005 1172 δου-

610 1219 805 1304 λείας
850 1219 998 1299 ἅνω
1048 1225 1267 1297 κεῖται
1319 1217 1620 1320 μέτρων·
1690 1222 1988 1313 Πνεῦμα
2038 1215 2181 1320 γάρ
2218 1220 2373 1297 ἐστι
2410 1225 2537 1296 τοῦ
2578 1215 2875 1319 Πατρὸς
2926 1215 3018 1323 ἐξ

610 1345 828 1423 αὐτοῦ
864 1348 1103 1442 διῆκον
1139 1345 1252 1421 ε’πὶ
1290 1341 1421 1441 τὴν
1459 1343 1699 1421 κτίσιν
1736 1344 1809 1421 ἐν
1846 1345 2174 1450 Χριστῷ.

276 1549 433 1627 Κεφ.
454 1540 584 1619 δ’.4
657 1538 765 1607 Εἷς
818 1541 892 1608 τὸ
945 1538 1031 1616 μή
1091 1540 1361 1613 uos-dom
1417 1533 1636 1604 αὐτοῖς
1691 1538 1803 1603 τὸν
1859 1540 2195 1626 φωτισμὸν
2250 1544 2362 1605 τοῦ
2417 1539 2792 1614 ebus-schino
2846 1546 2963 1603 *rste

274 1962 438 2026 Supra
460 1962 529 2011 iii.

279 2028 354 2077 18.

937 1666 1135 1733 δόξι-ιο
1189 1670 1302 1730 τοῦ
1359 1666 1654 1752 Χριστοῦ,
1708 1665 1781 1730 ὃς
1832 1663 2007 1730 ἐστιν
2063 1662 2258 1730 εἰκὼν
2313 1671 2425 1730 τοῦ
2481 1664 2675 1735 Θεοῦ.
3045 1695 3118 1733 10

720 1811 1012 1910 Ἐπειδὴ
1079 1811 1287 1910 ἡλίου
1353 1811 1554 1910 δίκην
1616 1810 1702 1891 τὸ
1779 1810 1963 1913 ἱερὸν
2026 1809 2430 1910 ἀναλάμπει
2493 1810 2823 1913 κήρυγμα
2888 1815 3012 1890 καὶ

609 1935 1255 2042 ἀνακεκαλυμμένῳ
1292 1934 1668 2042 προσώπῳ
1704 1941 1846 2018 πᾶς
1884 1935 2145 2017 πιστὸς
2185 1945 2226 1981 “
2248 1933 2380 2034 τὴν
2417 1932 2639 2040 δόξαν
2673 1936 2946 2037 Κυρίου
2965 1936 3006 1962 ”

610 2059 1161 2163 κατοπτρίζεται,
1203 2058 1330 2137 οὐκ
1383 2058 1472 2137 ἅν
1528 2092 1637 2142 τις
1691 2064 1837 2138 τῶν
1874 2055 2056 2161 ὀρθὰ
2112 2056 2570 2163 φρονούντων
2620 2057 2753 2157 τὴν
2790 2066 3011 2140 τινῶν

609 2183 921 2282 ἀμάθιαν
979 2188 1082 2289 τῷ
1142 2182 1307 2290 θείῳ
1365 2181 1820 2288 καταγράφει
1875 2183 2298 2285 κηρύγματι.
2385 2180 2463 2260 τί
2515 2179 2658 2285 γὰρ
2719 2186 2780 2260 εὶ
2836 2180 3012 2289 ἐξὸν

608 2309 858 2390 εἰδέναι
891 2307 1350 2387 ἀποσείονται
1396 2304 1527 2404 τὴν
1559 2312 1837 2408 γνῶσιν
1872 2314 2085 2386 τινῶν
2120 2306 2627 2409 πεπωρωμένοι
2672 2304 2798 2385 τὸν
2836 2314 3012 2386 νοῦν
3047 2347 3119 2401 15

608 2432 694 2540 ἐξ
746 2431 1022 2530 ἀπάτης·
1069 2434 1536 2529 διαβολικῆςς
1603 2431 1772 2509 ἀλλ’
1822 2430 1896 2509 οἵ
1939 2464 2024 2532 γε
2075 2436 2203 2530 τῆς
2253 2431 2516 2510 ἐκείνου
2567 2432 3014 2533 δυστροπίας

610 2557 933 2657 ἀμείνους
968 2553 1200 2659 σοφοί
1230 2588 1306 2634 τε
1345 2557 1461 2634 καὶ
1490 2554 2017 2660 νουνεχέστεροι
2053 2552 2600 2654 πεπλουτήκασι
2637 2551 2769 2653 τὴν
2804 2560 3004 2656 γνῶ·

610 2716 758 2761 σιν.
843 2677 981 2780 ἆρα
1037 2677 1181 2781 γὰρ
1238 2683 1296 2757 εἰ
1354 2676 1753 2780 βαρβάρων
1807 2676 2002 2762 τινὰς
2064 2676 2445 2782 εἰρηκότων
2503 2682 2618 2758 καὶ
2676 2683 2826 2761 τοῖς
2877 2682 3012 2778 τῆς

611 2803 935 2887 δουλείας
970 2801 1378 2883 ὑποθέντων
1411 2801 1623 2910 ζυγῷ,
1656 2804 2009 2906 προσθείη
2048 2837 2155 2886 τις
2197 2803 2432 2907 ἕτερος·
2469 2808 2616 2886 τοῖς
2659 2808 2756 2885 εἰς
2791 2809 3012 2882 τοῦτο

608 2936 923 3010 πεσοῦσι
971 2927 1458 3028 ταλαιπωρίας
1508 2932 1654 3006 τῶν
1690 2924 2264 3026 συμβεβηκότων
2301 2928 2539 3010 αὐτοῖς
2581 2924 2712 3025 τὴν
2753 2928 3002 3006 ἀπαλ-
3042 2963 3120 3004 20

610 3052 872 3155 λαγήν·
959 3049 1109 3131 εἶτα
1172 3054 1300 3148 τῆς
1355 3050 1754 3151 ἐλευθερίας
1808 3052 2053 3130 ἐκεῖνοι
2107 3049 2488 3152 προθέντες
2541 3049 2633 3129 τὰ
2690 3045 3016 3153 ὖπόζυγα

610 3183 910 3275 κεῖσθαι,
948 3174 1359 3282 ἀνεξίτητον
1407 3182 1725 3255 ποιοῖντο
1773 3172 1907 3272 τὴν
1956 3173 2363 3280 συμφοράν·
2443 3173 2851 3254 αἰτιάσαιτό
2900 3209 3012 3259 τις·

608 3299 766 3380 εἰπέ
799 3293 922 3398 μοι
963 3296 1089 3378 τὸν
1123 3298 1482 3400 προθέντα
1530 3296 1959 3406 φιλαγάθως
2005 3303 2131 3397 τῆς·
2167 3299 2564 3402 ἐλευθερίας
2600 3299 2838 3381 αὐτοῖς
2875 3297 3013 3398 τὴν

610 3426 850 3503 ἄδειαν
906 3420 952 3524 ἢ
1011 3429 1302 3521 μᾶλλον
1364 3423 1668 3505 ἐκείνους
1737 3424 2181 3519 δυσβουλίας
2244 3418 2655 3529 γράψεταις
2754 3422 3015 3503 οὐκοῦν

608 3550 1007 3650 προῦθηκεν
1041 3544 1171 3643 μὲν
1209 3547 1248 3625 ὁ
1280 3552 1425 3625 τῶν
1468 3545 1662 3626 ὅλων
1701 3544 1887 3629 Θεὸς
1933 3552 2079 3631 τοῖς·
2131 3543 2462 3625 ἐθέλουσι
2512 3546 2878 3625 πιστεύειν
2915 3550 3015 3631 εἷς·
3043 3581 3120 3638 ²5

609 3670 735 3751 τὸν
771 3667 970 3767 Υὶὸν,
1009 3669 1092 3749 τὸ
1131 3673 1379 3776 γυμνῷ
1414 3675 1525 3748 καὶ
1564 3668 2213 3776 ἀνακεκαλυμμένῳ
2249 3669 2624 3777 προσώπῳ
2662 3670 3016 3748 καταθεοί-

611 3800 891 3875 σασθαι
945 3793 1079 3893 τὴν
1126 3793 1346 3900 δόξαν
1397 3795 1633 3873 αὐτοῦ·
1703 3794 2227 3896 διημαρτήκασι
2284 3792 2360 3872 δὲ
2413 3797 2539 3891 τῆς
2593 3792 2890 3897 χάριτος
2946 3799 3017 3874 οἱ

687 3961 806 4010 1-4.
844 3943 1285 4012 ἐπειδὴ-πνεῦμα
1309 3959 1416 3997 om.
1446 3941 1520 3996 H.
1782 3942 1905 4008 4-8.
1946 3940 2082 3996 Vide
2104 3940 2235 3996 haec
2258 3941 2493 3996 exhibita
2516 3958 2680 4011 supra
2703 3941 2772 3995 ad
2797 3943 2901 3996 loc.
2928 3942 3016 4012 (p.

610 4028 735 4085 337,
763 4013 960 4084 21-27)
987 4032 1052 4067 ex
1082 4012 1155 4079 H,
1182 4014 1273 4084 qui
1305 4021 1483 4066 tamen
1508 4021 1560 4066 et
1584 4011 1672 4066 bic
1698 4012 1789 4081 (ut
1822 4012 1999 4082 saepe)
2028 4013 2230 4081 repetit,
2256 4012 2649 4083 aliquantulum
2674 4011 3017 4079 abbrevians,

611 4085 657 4137 εἷ
680 4085 850 4139 τοίνυν
874 4084 1004 4138 ὅπου
1029 4084 1089 4136 τὸ
1113 4086 1319 4150 Πνεῦμα
1345 4082 1448 4136 ἐκεῖ
1470 4085 1552 4136 καὶ
1575 4083 1861 4151 ἐλευθερία,
1885 4085 2069 4137 οὐκοῦν
2089 4082 2366 4150 ἐλεύθερον
2387 4084 2446 4136 τὸ
2469 4085 2667 4149 πνεῦμα
2691 4084 2820 4135 κατὰ
2845 4083 3020 4154 φῦσιν

613 4155 729 4208 ἐστι
767 4154 848 4207 καὶ
872 4156 971 4224 ἔξω
992 4158 1096 4207 τῶν
1117 4155 1206 4221 τῆς
1242 4152 1477 4209 δουλείας
1512 4153 1628 4207 ἐστὶ
1663 4152 1864 4222 μέτρων
1887 4156 1969 4207 καὶ
1998 4154 2213 4224 γενητὸν
2237 4155 2334 4224 οὐχ
2359 4154 2598 4222 ὑπάρχει,
2623 4152 2767 4206 ἀλλὰ
2792 4156 3017 4208 συντάτ-

611 4246 751 4279 τεται
774 4225 837 4293 τῇ
863 4224 1102 4279 ἀνωτάτω
1126 4225 1207 4277 καὶ
1231 4223 1415 4277 ε’λευθέ
1447 4246 1487 4298 ῳ
1513 4224 1636 4292 (sic)
1662 4223 1842 4294 φύσει’
1878 4227 2075 4292 πνεῦμα
2102 4223 2287 4305 (7).H.
2471 4292 2482 4304 ο
2545 4223 2598 4277 8.
2638 4222 2815 4292 διῆκον
2842 4224 2919 4279 Η.
2943 4224 3015 4279 ef.

613 4312 775 4365 supra
800 4313 853 4365 p.
875 4293 997 4365 326,
1023 4310 1104 4360 15.
1131 4293 1187 4347 δὲ
1211 4292 1334 4362 ἧκον
1352 4293 1397 4380 1}
1442 4334 1475 4376 ·.
1606 4311 1625 4347 1
1643 4311 1793 4362 1—24.
1821 4294 2051 4363 (οὐκοῦν)
2078 4294 2233 4348 nob1s
2258 4292 2566 4375 suppedltat
2594 4292 2671 4382 H.
2796 4295 2882 4350 18.
2907 4297 3020 4352 τοῖς

616 4364 751 4420 Cod.
776 4365 910 4419 forte
935 4363 1220 4435 legendum
1247 4366 1419 4436 ζυγοις
1442 4365 1534 4418 lm.
1564 4383 1646 4435 19.
1797 4382 1878 4436 19.
1916 4364 2203 4436 legendum
2227 4374 2289 4418 ut
2312 4363 2420 4418 vnd.
2443 4364 2679 4434 προθειη.
2828 4382 2918 4420 21.
2949 4367 3020 4420 τὰ

611 4435 864 4562 ῗπόζιὶχα]
891 4434 1178 4560 Ιεςοὲἀυω
1202 4444 1263 4491 ut
1286 4433 1394 4489 vid.
1421 4436 1481 4490 τὸ
1505 4436 1604 4489 ὑπὸ
1631 4433 1776 4506 ζύγα.
2019 4434 2104 4490 26.
2143 4436 2201 4488 τὸ
2226 4435 2454 4489 -αὔτοῦ
2469 4445 2642 4505 'supra
2669 4434 2779 4490 fere
2803 4436 3015 4491 exhibi-

639 4524 731 4561 um
795 4525 841 4562 lc
867 4524 973 4562 om.
1065 4546 1078 4561 .
