<?xml version="1.0" encoding="UTF-8"?>
<!DOCTYPE html PUBLIC "-//W3C//DTD XHTML 1.0 Transitional//EN"
    "http://www.w3.org/TR/xhtml1/DTD/xhtml1-transitional.dtd">
<html xmlns="http://www.w3.org/1999/xhtml" xml:lang="en" lang="en">
 <head>
  <title>
</title>
<meta http-equiv="Content-Type" content="text/html;charset=utf-8" />
  <meta name='ocr-system' content='tesseract 3.04.00' />
  <meta name='ocr-capabilities' content='ocr_page ocr_carea ocr_par ocr_line ocrx_word'/>
</head>
<body>
  <div class='ocr_page' id='page_1' title='image "./indjoannisevang00pusegoog_0017.png"; bbox 0 0 3269 5166; ppageno 0'>
   <div class='ocr_carea' id='block_1_1' title="bbox 239 357 2636 455">
    <p class='ocr_par' dir='ltr' id='par_1_1' title="bbox 239 357 2636 455">
     <span class='ocr_line' id='line_1_1' title="bbox 239 357 2636 455; baseline 0.005 -27"><span class='ocrx_word' id='word_1_1' title='bbox 239 365 384 430; x_wconf 86' lang='lat' dir='ltr'>xvii.</span> <span class='ocrx_word' id='word_1_2' title='bbox 413 357 642 455; x_wconf 34' lang='lat'><strong>22,&#39;23.</strong></span> <span class='ocrx_word' id='word_1_3' title='bbox 714 369 831 434; x_wconf 92' lang='lat' dir='ltr'>IN</span> <span class='ocrx_word' id='word_1_4' title='bbox 890 371 955 435; x_wconf 81' lang='lat' dir='ltr'>S.</span> <span class='ocrx_word' id='word_1_5' title='bbox 1007 372 1526 438; x_wconf 88' lang='lat' dir='ltr'><strong>JOANNEM.</strong></span> <span class='ocrx_word' id='word_1_6' title='bbox 1606 374 1799 439; x_wconf 89' lang='lat' dir='ltr'><strong>LIB.</strong></span> <span class='ocrx_word' id='word_1_7' title='bbox 1849 374 1970 439; x_wconf 92' lang='lat' dir='ltr'>XI.</span> <span class='ocrx_word' id='word_1_8' title='bbox 2048 376 2251 441; x_wconf 89' lang='lat' dir='ltr'>CAP.</span> <span class='ocrx_word' id='word_1_9' title='bbox 2301 375 2458 440; x_wconf 91' lang='lat' dir='ltr'><strong>XII.</strong></span> <span class='ocrx_word' id='word_1_10' title='bbox 2595 378 2636 439; x_wconf 83' lang='lat'><strong>3</strong></span> 
     </span>
    </p>
   </div>
   <div class='ocr_carea' id='block_1_2' title="bbox 127 531 2696 4378">
    <p class='ocr_par' dir='ltr' id='par_1_2' title="bbox 127 531 2696 4376">
     <span class='ocr_line' id='line_1_2' title="bbox 235 531 2637 647; baseline 0.003 -31"><span class='ocrx_word' id='word_1_11' title='bbox 235 563 442 630; x_wconf 80' lang='grc' dir='ltr'>τητος</span> <span class='ocrx_word' id='word_1_12' title='bbox 481 531 683 631; x_wconf 81' lang='grc' dir='ltr'>ἡμῶν</span> <span class='ocrx_word' id='word_1_13' title='bbox 718 540 845 635; x_wconf 87' lang='grc' dir='ltr'>τῆς</span> <span class='ocrx_word' id='word_1_14' title='bbox 880 536 1063 641; x_wconf 84' lang='grc' dir='ltr'>πρὸς</span> <span class='ocrx_word' id='word_1_15' title='bbox 1104 538 1295 620; x_wconf 92' lang='grc' dir='ltr'>Θεὸν</span> <span class='ocrx_word' id='word_1_16' title='bbox 1330 542 1447 621; x_wconf 79' lang='grc' dir='ltr'>καὶ</span> <span class='ocrx_word' id='word_1_17' title='bbox 1475 541 1769 643; x_wconf 80' lang='grc' dir='ltr'>Πατέρα</span> <span class='ocrx_word' id='word_1_18' title='bbox 1808 541 2252 647; x_wconf 82' lang='grc' dir='ltr'>διαφαίνεται</span> <span class='ocrx_word' id='word_1_19' title='bbox 2290 541 2637 645; x_wconf 87' lang='grc' dir='ltr'>Χριστὸς,</span> 
     </span>
     <span class='ocr_line' id='line_1_3' title="bbox 234 655 2636 773; baseline 0.006 -39"><span class='ocrx_word' id='word_1_20' title='bbox 234 655 481 738; x_wconf 81' lang='grc' dir='ltr'>ἑαυτοῦ</span> <span class='ocrx_word' id='word_1_21' title='bbox 526 659 656 759; x_wconf 81' lang='grc' dir='ltr'>μὲν</span> <span class='ocrx_word' id='word_1_22' title='bbox 691 661 875 761; x_wconf 81' lang='grc' dir='ltr'>ἡμᾶς·</span> <span class='ocrx_word' id='word_1_23' title='bbox 924 664 1330 770; x_wconf 75' lang='grc' dir='ltr'>ἐξαρτήσας</span> <span class='ocrx_word' id='word_1_24' title='bbox 1382 669 1476 749; x_wconf 83' lang='grc' dir='ltr'>ὡς</span> <span class='ocrx_word' id='word_1_25' title='bbox 1530 665 1932 768; x_wconf 80' lang='grc' dir='ltr'>ἅνθρωπος,</span> <span class='ocrx_word' id='word_1_26' title='bbox 1971 670 2139 773; x_wconf 77' lang='grc' dir='ltr'>Θεῷ</span> <span class='ocrx_word' id='word_1_27' title='bbox 2192 663 2268 745; x_wconf 81' lang='grc' dir='ltr'>δὲ</span> <span class='ocrx_word' id='word_1_28' title='bbox 2315 668 2410 749; x_wconf 85' lang='grc' dir='ltr'>ὡς</span> <span class='ocrx_word' id='word_1_29' title='bbox 2450 663 2636 748; x_wconf 87' lang='grc' dir='ltr'>Θεὸς</span> 
     </span>
     <span class='ocr_line' id='line_1_4' title="bbox 230 779 2634 898; baseline 0.005 -39"><span class='ocrx_word' id='word_1_30' title='bbox 230 779 648 889; x_wconf 79' lang='grc' dir='ltr'>ἐνυπάρχων</span> <span class='ocrx_word' id='word_1_31' title='bbox 684 793 1014 893; x_wconf 81' lang='grc' dir='ltr'>φυσικῶς</span> <span class='ocrx_word' id='word_1_32' title='bbox 1060 796 1163 898; x_wconf 78' lang='grc' dir='ltr'>τῷ</span> <span class='ocrx_word' id='word_1_33' title='bbox 1213 792 1367 897; x_wconf 77' lang='grc' dir='ltr'>ἰδίῳ</span> <span class='ocrx_word' id='word_1_34' title='bbox 1412 791 1805 895; x_wconf 90' lang='grc' dir='ltr'>γεννήτορι.</span> <span class='ocrx_word' id='word_1_35' title='bbox 1880 787 1971 890; x_wconf 87' lang='grc' dir='ltr'>ἦν</span> <span class='ocrx_word' id='word_1_36' title='bbox 2013 787 2158 893; x_wconf 81' lang='grc' dir='ltr'>γὰρ</span> <span class='ocrx_word' id='word_1_37' title='bbox 2207 790 2342 894; x_wconf 78' lang='grc' dir='ltr'>οὐχ</span> <span class='ocrx_word' id='word_1_38' title='bbox 2387 789 2634 893; x_wconf 84' lang='grc' dir='ltr'>ἑτέρως</span> 
     </span>
     <span class='ocr_line' id='line_1_5' title="bbox 228 904 2635 1023; baseline 0.004 -39"><span class='ocrx_word' id='word_1_39' title='bbox 228 904 604 1008; x_wconf 77' lang='grc' dir='ltr'>ἀναπηδᾶν</span> <span class='ocrx_word' id='word_1_40' title='bbox 667 912 1021 994; x_wconf 87' lang='grc' dir='ltr'>δύνασθαι</span> <span class='ocrx_word' id='word_1_41' title='bbox 1092 913 1278 1018; x_wconf 86' lang='grc' dir='ltr'>πρὸς</span> <span class='ocrx_word' id='word_1_42' title='bbox 1352 915 1774 1023; x_wconf 81' lang='grc' dir='ltr'>ἀφθαρσίαν</span> <span class='ocrx_word' id='word_1_43' title='bbox 1831 912 1964 1015; x_wconf 83' lang='grc' dir='ltr'>τὴν</span> <span class='ocrx_word' id='word_1_44' title='bbox 2024 915 2485 1014; x_wconf 81' lang='grc' dir='ltr'>ὑποκειμένην</span> <span class='ocrx_word' id='word_1_45' title='bbox 2543 920 2635 1015; x_wconf 85' lang='grc' dir='ltr'>τῇ</span> 
     </span>
     <span class='ocr_line' id='line_1_6' title="bbox 168 1032 2633 1145; baseline 0.004 -35"><span class='ocrx_word' id='word_1_46' title='bbox 168 1065 201 1127; x_wconf 85' lang='lat'>5</span> <span class='ocrx_word' id='word_1_47' title='bbox 228 1034 472 1140; x_wconf 79' lang='grc' dir='ltr'>φθορᾷ</span> <span class='ocrx_word' id='word_1_48' title='bbox 548 1032 799 1143; x_wconf 88' lang='grc' dir='ltr'>φύσιν,</span> <span class='ocrx_word' id='word_1_49' title='bbox 873 1044 934 1118; x_wconf 82' lang='grc' dir='ltr'>εἶ</span> <span class='ocrx_word' id='word_1_50' title='bbox 1007 1036 1109 1139; x_wconf 88' lang='grc' dir='ltr'>μὴ</span> <span class='ocrx_word' id='word_1_51' title='bbox 1185 1040 1680 1141; x_wconf 75' lang='grc' dir='ltr'>καταβέβηκεν</span> <span class='ocrx_word' id='word_1_52' title='bbox 1751 1041 1858 1122; x_wconf 86' lang='grc' dir='ltr'>ἐπ’</span> <span class='ocrx_word' id='word_1_53' title='bbox 1939 1038 2163 1140; x_wconf 83' lang='grc' dir='ltr'>αὐτὴν</span> <span class='ocrx_word' id='word_1_54' title='bbox 2233 1039 2278 1140; x_wconf 84' lang='grc' dir='ltr'><strong><em>ἡ</em></strong></span> <span class='ocrx_word' id='word_1_55' title='bbox 2353 1044 2633 1145; x_wconf 80' lang='grc' dir='ltr'>φθορᾶς</span> 
     </span>
     <span class='ocr_line' id='line_1_7' title="bbox 224 1152 2632 1271; baseline 0.003 -36"><span class='ocrx_word' id='word_1_56' title='bbox 224 1152 519 1259; x_wconf 86' lang='grc' dir='ltr'>ἀπάσης</span> <span class='ocrx_word' id='word_1_57' title='bbox 590 1163 708 1240; x_wconf 81' lang='grc' dir='ltr'>καὶ</span> <span class='ocrx_word' id='word_1_58' title='bbox 779 1167 1269 1266; x_wconf 78' lang='grc' dir='ltr'>παραλλαγῆς</span> <span class='ocrx_word' id='word_1_59' title='bbox 1331 1166 1663 1267; x_wconf 78' lang='grc' dir='ltr'>ἀνωτέρω</span> <span class='ocrx_word' id='word_1_60' title='bbox 1735 1163 1981 1270; x_wconf 83' lang='grc' dir='ltr'>φύσις,</span> <span class='ocrx_word' id='word_1_61' title='bbox 2053 1161 2632 1271; x_wconf 75' lang='grc' dir='ltr'>ἀνακουφίζουσα</span> 
     </span>
     <span class='ocr_line' id='line_1_8' title="bbox 222 1278 2696 1392; baseline 0.003 -33"><span class='ocrx_word' id='word_1_62' title='bbox 222 1278 492 1383; x_wconf 88' lang='grc' dir='ltr'>τρόπον</span> <span class='ocrx_word' id='word_1_63' title='bbox 533 1283 696 1363; x_wconf 81' lang='grc' dir='ltr'>τινὰ</span> <span class='ocrx_word' id='word_1_64' title='bbox 741 1285 926 1389; x_wconf 86' lang='grc' dir='ltr'>πρὸς</span> <span class='ocrx_word' id='word_1_65' title='bbox 973 1286 1060 1367; x_wconf 87' lang='grc' dir='ltr'>τὸ</span> <span class='ocrx_word' id='word_1_66' title='bbox 1111 1287 1291 1368; x_wconf 82' lang='grc' dir='ltr'>ἴδιον</span> <span class='ocrx_word' id='word_1_67' title='bbox 1334 1288 1612 1392; x_wconf 90' lang='grc' dir='ltr'>ἀγαθὸν</span> <span class='ocrx_word' id='word_1_68' title='bbox 1655 1286 1742 1368; x_wconf 90' lang='grc' dir='ltr'>τὸ</span> <span class='ocrx_word' id='word_1_69' title='bbox 1793 1285 1987 1368; x_wconf 87' lang='grc' dir='ltr'>κάτω</span> <span class='ocrx_word' id='word_1_70' title='bbox 2035 1289 2305 1370; x_wconf 87' lang='grc' dir='ltr'>πίπτον</span> <span class='ocrx_word' id='word_1_71' title='bbox 2341 1290 2472 1385; x_wconf 81' lang='grc' dir='ltr'>ἀεὶ,</span> <span class='ocrx_word' id='word_1_72' title='bbox 2513 1289 2630 1366; x_wconf 79' lang='grc' dir='ltr'>καὶ</span> <span class='ocrx_word' id='word_1_73' title='bbox 2655 1295 2696 1358; x_wconf 95' lang='lat' dir='ltr'>b</span> 
     </span>
     <span class='ocr_line' id='line_1_9' title="bbox 220 1409 2630 1519; baseline 0.002 -34"><span class='ocrx_word' id='word_1_74' title='bbox 220 1409 310 1509; x_wconf 82' lang='grc' dir='ltr'>τῇ</span> <span class='ocrx_word' id='word_1_75' title='bbox 375 1409 711 1516; x_wconf 74' lang='grc' dir='ltr'>κοινωνίᾳ</span> <span class='ocrx_word' id='word_1_76' title='bbox 776 1412 892 1489; x_wconf 81' lang='grc' dir='ltr'>καὶ</span> <span class='ocrx_word' id='word_1_77' title='bbox 954 1412 1278 1519; x_wconf 82' lang='grc' dir='ltr'>ἀναμίξει</span> <span class='ocrx_word' id='word_1_78' title='bbox 1344 1419 1435 1519; x_wconf 86' lang='grc' dir='ltr'>τῇ</span> <span class='ocrx_word' id='word_1_79' title='bbox 1498 1410 1685 1517; x_wconf 86' lang='grc' dir='ltr'>πρὸς</span> <span class='ocrx_word' id='word_1_80' title='bbox 1749 1411 2005 1512; x_wconf 86' lang='grc' dir='ltr'>εαυτὴν</span> <span class='ocrx_word' id='word_1_81' title='bbox 2070 1446 2451 1516; x_wconf 86' lang='grc' dir='ltr'>μονονουχι</span> <span class='ocrx_word' id='word_1_82' title='bbox 2516 1414 2630 1489; x_wconf 82' lang='grc' dir='ltr'>καὶ</span> 
     </span>
     <span class='ocr_line' id='line_1_10' title="bbox 222 1530 2628 1644; baseline 0.002 -36"><span class='ocrx_word' id='word_1_83' title='bbox 222 1563 406 1632; x_wconf 89' lang='grc' dir='ltr'>ορων</span> <span class='ocrx_word' id='word_1_84' title='bbox 482 1530 891 1638; x_wconf 73' lang='grc' dir='ltr'>ἐξέλκουσα</span> <span class='ocrx_word' id='word_1_85' title='bbox 973 1543 1119 1616; x_wconf 78' lang='grc' dir='ltr'>τῶν</span> <span class='ocrx_word' id='word_1_86' title='bbox 1193 1543 1286 1643; x_wconf 85' lang='grc' dir='ltr'>τῇ</span> <span class='ocrx_word' id='word_1_87' title='bbox 1359 1543 1625 1644; x_wconf 85' lang='grc' dir='ltr'>γενητῇ</span> <span class='ocrx_word' id='word_1_88' title='bbox 1701 1536 1924 1644; x_wconf 91' lang='grc' dir='ltr'>φύσει</span> <span class='ocrx_word' id='word_1_89' title='bbox 1996 1534 2628 1638; x_wconf 86' lang='grc' dir='ltr'>πρεπωδεστέρων,</span> 
     </span>
     <span class='ocr_line' id='line_1_11' title="bbox 128 1655 2635 1767; baseline 0.002 -35"><span class='ocrx_word' id='word_1_90' title='bbox 128 1690 197 1733; x_wconf 88' lang='grc' dir='ltr'>ιο</span> <span class='ocrx_word' id='word_1_91' title='bbox 221 1655 795 1738; x_wconf 80' lang='grc' dir='ltr'>ἀναπλάττουσά</span> <span class='ocrx_word' id='word_1_92' title='bbox 875 1693 953 1739; x_wconf 94' lang='grc' dir='ltr'>τε</span> <span class='ocrx_word' id='word_1_93' title='bbox 1029 1659 1215 1766; x_wconf 85' lang='grc' dir='ltr'>πρὸς</span> <span class='ocrx_word' id='word_1_94' title='bbox 1287 1660 1541 1761; x_wconf 87' lang='grc' dir='ltr'>ἑαυτὴν</span> <span class='ocrx_word' id='word_1_95' title='bbox 1614 1658 1699 1740; x_wconf 92' lang='grc' dir='ltr'>τὸ</span> <span class='ocrx_word' id='word_1_96' title='bbox 1781 1662 1915 1767; x_wconf 83' lang='grc' dir='ltr'>οὐχ</span> <span class='ocrx_word' id='word_1_97' title='bbox 1987 1663 2213 1745; x_wconf 79' lang='grc' dir='ltr'>οὕτως</span> <span class='ocrx_word' id='word_1_98' title='bbox 2300 1660 2465 1765; x_wconf 79' lang='grc' dir='ltr'>ἕχον</span> <span class='ocrx_word' id='word_1_99' title='bbox 2547 1659 2635 1765; x_wconf 80' lang='grc' dir='ltr'>ἐξ</span> 
     </span>
     <span class='ocr_line' id='line_1_12' title="bbox 218 1776 2632 1889; baseline 0.005 -33"><span class='ocrx_word' id='word_1_100' title='bbox 218 1776 491 1860; x_wconf 84' lang='grc' dir='ltr'>ἑαυτοῦ.</span> <span class='ocrx_word' id='word_1_101' title='bbox 582 1783 1091 1883; x_wconf 79' lang='grc' dir='ltr'>τετελειῶμεθα</span> <span class='ocrx_word' id='word_1_102' title='bbox 1153 1793 1534 1889; x_wconf 87' lang='grc' dir='ltr'>τοιγαροῦν</span> <span class='ocrx_word' id='word_1_103' title='bbox 1594 1791 1693 1869; x_wconf 83' lang='grc' dir='ltr'>εἱς</span> <span class='ocrx_word' id='word_1_104' title='bbox 1750 1784 2047 1884; x_wconf 88' lang='grc' dir='ltr'>ενότητα</span> <span class='ocrx_word' id='word_1_105' title='bbox 2106 1784 2239 1884; x_wconf 88' lang='grc' dir='ltr'>τὴν</span> <span class='ocrx_word' id='word_1_106' title='bbox 2298 1787 2395 1868; x_wconf 82' lang='grc' dir='ltr'>ὡς</span> <span class='ocrx_word' id='word_1_107' title='bbox 2448 1783 2632 1884; x_wconf 86' lang='grc' dir='ltr'>πρὸς</span> 
     </span>
     <span class='ocr_line' id='line_1_13' title="bbox 219 1899 2631 2015; baseline 0.002 -34"><span class='ocrx_word' id='word_1_108' title='bbox 219 1899 407 1983; x_wconf 89' lang='grc' dir='ltr'>Θεὸν</span> <span class='ocrx_word' id='word_1_109' title='bbox 455 1906 579 1984; x_wconf 79' lang='grc' dir='ltr'>καὶ</span> <span class='ocrx_word' id='word_1_110' title='bbox 627 1907 922 2012; x_wconf 79' lang='grc' dir='ltr'>Πατέρα</span> <span class='ocrx_word' id='word_1_111' title='bbox 978 1906 1094 1988; x_wconf 82' lang='grc' dir='ltr'>διὰ</span> <span class='ocrx_word' id='word_1_112' title='bbox 1146 1910 1449 2008; x_wconf 86' lang='grc' dir='ltr'>μεσίτου</span> <span class='ocrx_word' id='word_1_113' title='bbox 1498 1914 1853 2012; x_wconf 89' lang='grc' dir='ltr'>Χριστοῦ.</span> <span class='ocrx_word' id='word_1_114' title='bbox 1939 1907 2069 1988; x_wconf 87' lang='grc' dir='ltr'>τὸν</span> <span class='ocrx_word' id='word_1_115' title='bbox 2110 1905 2255 2012; x_wconf 80' lang='grc' dir='ltr'>γὰρ</span> <span class='ocrx_word' id='word_1_116' title='bbox 2293 1906 2514 2015; x_wconf 90' lang='grc' dir='ltr'>φύσει</span> <span class='ocrx_word' id='word_1_117' title='bbox 2552 1940 2631 1986; x_wconf 93' lang='grc' dir='ltr'>τε</span> 
     </span>
     <span class='ocr_line' id='line_1_14' title="bbox 219 2027 2628 2141; baseline 0.003 -38"><span class='ocrx_word' id='word_1_118' title='bbox 219 2027 331 2104; x_wconf 81' lang='grc' dir='ltr'>καὶ</span> <span class='ocrx_word' id='word_1_119' title='bbox 376 2028 675 2127; x_wconf 81' lang='grc' dir='ltr'>ἀληθῶς</span> <span class='ocrx_word' id='word_1_120' title='bbox 720 2029 922 2128; x_wconf 83' lang='grc' dir='ltr'>Υὶὸν,</span> <span class='ocrx_word' id='word_1_121' title='bbox 978 2032 1294 2134; x_wconf 79' lang='grc' dir='ltr'>οὐσιώδη</span> <span class='ocrx_word' id='word_1_122' title='bbox 1342 2030 1524 2135; x_wconf 86' lang='grc' dir='ltr'>πρὸς</span> <span class='ocrx_word' id='word_1_123' title='bbox 1575 2030 1794 2112; x_wconf 78' lang='grc' dir='ltr'>αὐτὸν</span> <span class='ocrx_word' id='word_1_124' title='bbox 1844 2033 2105 2141; x_wconf 80' lang='grc' dir='ltr'>ἔχοντα</span> <span class='ocrx_word' id='word_1_125' title='bbox 2160 2030 2293 2132; x_wconf 86' lang='grc' dir='ltr'>τὴν</span> <span class='ocrx_word' id='word_1_126' title='bbox 2347 2030 2628 2128; x_wconf 82' lang='grc' dir='ltr'>ἕνωσιν,</span> 
     </span>
     <span class='ocr_line' id='line_1_15' title="bbox 217 2151 2623 2257; baseline 0.001 -25"><span class='ocrx_word' id='word_1_127' title='bbox 217 2151 572 2245; x_wconf 83' lang='grc' dir='ltr'>λαβόντες</span> <span class='ocrx_word' id='word_1_128' title='bbox 626 2154 702 2232; x_wconf 83' lang='grc' dir='ltr'>ἐν</span> <span class='ocrx_word' id='word_1_129' title='bbox 737 2155 1008 2240; x_wconf 84' lang='grc' dir='ltr'>ἑαυτοῖς</span> <span class='ocrx_word' id='word_1_130' title='bbox 1054 2160 1172 2237; x_wconf 83' lang='grc' dir='ltr'>καὶ</span> <span class='ocrx_word' id='word_1_131' title='bbox 1215 2162 1649 2257; x_wconf 80' lang='grc' dir='ltr'>σωματικῶς</span> <span class='ocrx_word' id='word_1_132' title='bbox 1694 2162 1809 2236; x_wconf 83' lang='grc' dir='ltr'>καὶ</span> <span class='ocrx_word' id='word_1_133' title='bbox 1852 2162 2364 2255; x_wconf 80' lang='grc' dir='ltr'>πνευματικῶς,</span> <span class='ocrx_word' id='word_1_134' title='bbox 2399 2156 2623 2235; x_wconf 83' lang='grc' dir='ltr'>καθά-</span> 
     </span>
     <span class='ocr_line' id='line_1_16' title="bbox 127 2274 2626 2387; baseline 0.003 -36"><span class='ocrx_word' id='word_1_135' title='bbox 127 2304 194 2367; x_wconf 84' lang='lat'>15</span> <span class='ocrx_word' id='word_1_136' title='bbox 218 2307 350 2379; x_wconf 88' lang='grc' dir='ltr'>περ</span> <span class='ocrx_word' id='word_1_137' title='bbox 412 2274 677 2381; x_wconf 76' lang='grc' dir='ltr'>ἔλεγον</span> <span class='ocrx_word' id='word_1_138' title='bbox 739 2280 1019 2381; x_wconf 79' lang='grc' dir='ltr'>ἀρτίως,</span> <span class='ocrx_word' id='word_1_139' title='bbox 1084 2284 1212 2381; x_wconf 84' lang='grc' dir='ltr'>τῆς</span> <span class='ocrx_word' id='word_1_140' title='bbox 1270 2281 1446 2386; x_wconf 79' lang='grc' dir='ltr'>ὑπὲρ</span> <span class='ocrx_word' id='word_1_141' title='bbox 1506 2280 1749 2363; x_wconf 86' lang='grc' dir='ltr'>πάντα</span> <span class='ocrx_word' id='word_1_142' title='bbox 1806 2280 2099 2387; x_wconf 88' lang='grc' dir='ltr'>φύσεως</span> <span class='ocrx_word' id='word_1_143' title='bbox 2152 2280 2446 2386; x_wconf 77' lang='grc' dir='ltr'>μέτοχοι</span> <span class='ocrx_word' id='word_1_144' title='bbox 2507 2283 2626 2361; x_wconf 86' lang='grc' dir='ltr'>καὶ</span> 
     </span>
     <span class='ocr_line' id='line_1_17' title="bbox 217 2404 2684 2513; baseline 0.007 -34"><span class='ocrx_word' id='word_1_145' title='bbox 217 2406 536 2483; x_wconf 80' lang='grc' dir='ltr'>κοινωνοὶ</span> <span class='ocrx_word' id='word_1_146' title='bbox 593 2404 964 2506; x_wconf 82' lang='grc' dir='ltr'>γεγονότες</span> <span class='ocrx_word' id='word_1_147' title='bbox 1008 2406 1527 2513; x_wconf 79' lang='grc' dir='ltr'>δεδοξάσμεθα.</span> <span class='ocrx_word' id='word_1_148' title='bbox 2615 2426 2684 2488; x_wconf 76' lang='grc' dir='ltr'>“ο</span> 
     </span>
     <span class='ocr_line' id='line_1_18' title="bbox 323 2526 2626 2638; baseline 0 -31"><span class='ocrx_word' id='word_1_149' title='bbox 323 2529 887 2638; x_wconf 85' lang='grc' dir='ltr'>Παραδεχθῆναι</span> <span class='ocrx_word' id='word_1_150' title='bbox 940 2528 1170 2634; x_wconf 88' lang='grc' dir='ltr'>γεμὴν</span> <span class='ocrx_word' id='word_1_151' title='bbox 1206 2536 1304 2616; x_wconf 82' lang='grc' dir='ltr'>εἷς</span> <span class='ocrx_word' id='word_1_152' title='bbox 1351 2532 1614 2614; x_wconf 81' lang='grc' dir='ltr'>ἕνωσιν</span> <span class='ocrx_word' id='word_1_153' title='bbox 1652 2532 1839 2633; x_wconf 80' lang='grc' dir='ltr'>ἡμᾶς</span> <span class='ocrx_word' id='word_1_154' title='bbox 1888 2530 2020 2632; x_wconf 88' lang='grc' dir='ltr'>τὴν</span> <span class='ocrx_word' id='word_1_155' title='bbox 2059 2533 2154 2616; x_wconf 84' lang='grc' dir='ltr'>ὡς</span> <span class='ocrx_word' id='word_1_156' title='bbox 2203 2526 2386 2635; x_wconf 86' lang='grc' dir='ltr'>πρὸς</span> <span class='ocrx_word' id='word_1_157' title='bbox 2433 2526 2626 2609; x_wconf 91' lang='grc' dir='ltr'>Θεὸν</span> 
     </span>
     <span class='ocr_line' id='line_1_19' title="bbox 217 2653 2624 2759; baseline 0.002 -27"><span class='ocrx_word' id='word_1_158' title='bbox 217 2655 328 2732; x_wconf 80' lang='grc' dir='ltr'>καὶ</span> <span class='ocrx_word' id='word_1_159' title='bbox 366 2653 669 2757; x_wconf 81' lang='grc' dir='ltr'>Πατέρα</span> <span class='ocrx_word' id='word_1_160' title='bbox 703 2655 1051 2749; x_wconf 90' lang='grc' dir='ltr'>βούλεται</span> <span class='ocrx_word' id='word_1_161' title='bbox 1083 2658 1433 2759; x_wconf 86' lang='grc' dir='ltr'>Χριστὸς,</span> <span class='ocrx_word' id='word_1_162' title='bbox 1471 2660 1654 2759; x_wconf 82' lang='grc' dir='ltr'>ὁμοῦ</span> <span class='ocrx_word' id='word_1_163' title='bbox 1705 2660 1821 2738; x_wconf 81' lang='grc' dir='ltr'>καὶ</span> <span class='ocrx_word' id='word_1_164' title='bbox 1869 2657 2003 2757; x_wconf 87' lang='grc' dir='ltr'>τὴν</span> <span class='ocrx_word' id='word_1_165' title='bbox 2038 2659 2116 2736; x_wconf 87' lang='grc' dir='ltr'>ἐκ</span> <span class='ocrx_word' id='word_1_166' title='bbox 2166 2665 2296 2736; x_wconf 90' lang='grc' dir='ltr'>τοῦ</span> <span class='ocrx_word' id='word_1_167' title='bbox 2334 2653 2624 2756; x_wconf 78' lang='grc' dir='ltr'>Πατρὸς</span> 
     </span>
     <span class='ocr_line' id='line_1_20' title="bbox 217 2774 2624 2889; baseline 0.004 -35"><span class='ocrx_word' id='word_1_168' title='bbox 217 2774 467 2878; x_wconf 84' lang='grc' dir='ltr'>ὄνησιν</span> <span class='ocrx_word' id='word_1_169' title='bbox 505 2780 595 2858; x_wconf 89' lang='grc' dir='ltr'>δι’</span> <span class='ocrx_word' id='word_1_170' title='bbox 633 2781 885 2861; x_wconf 84' lang='grc' dir='ltr'>ἑαυτοῦ</span> <span class='ocrx_word' id='word_1_171' title='bbox 920 2788 1011 2886; x_wconf 86' lang='grc' dir='ltr'>τῇ</span> <span class='ocrx_word' id='word_1_172' title='bbox 1047 2781 1271 2887; x_wconf 91' lang='grc' dir='ltr'>φύσει</span> <span class='ocrx_word' id='word_1_173' title='bbox 1304 2782 1700 2889; x_wconf 79' lang='grc' dir='ltr'>προξενῶν,</span> <span class='ocrx_word' id='word_1_174' title='bbox 1741 2785 1855 2861; x_wconf 82' lang='grc' dir='ltr'>καὶ</span> <span class='ocrx_word' id='word_1_175' title='bbox 1891 2780 2025 2882; x_wconf 87' lang='grc' dir='ltr'>τὴν</span> <span class='ocrx_word' id='word_1_176' title='bbox 2059 2781 2136 2862; x_wconf 80' lang='grc' dir='ltr'>ἐκ</span> <span class='ocrx_word' id='word_1_177' title='bbox 2172 2784 2300 2880; x_wconf 87' lang='grc' dir='ltr'>τῆς</span> <span class='ocrx_word' id='word_1_178' title='bbox 2333 2777 2624 2883; x_wconf 87' lang='grc' dir='ltr'>χάριτος</span> 
     </span>
     <span class='ocr_line' id='line_1_21' title="bbox 130 2899 2623 3011; baseline 0.002 -35"><span class='ocrx_word' id='word_1_179' title='bbox 130 2935 197 2978; x_wconf 82' lang='lat'>20</span> <span class='ocrx_word' id='word_1_180' title='bbox 218 2899 512 3001; x_wconf 89' lang='grc' dir='ltr'>δύναμιν</span> <span class='ocrx_word' id='word_1_181' title='bbox 563 2900 871 3010; x_wconf 77' lang='grc' dir='ltr'>’ἔλεγχον</span> <span class='ocrx_word' id='word_1_182' title='bbox 920 2903 1166 3009; x_wconf 79' lang='grc' dir='ltr'>ὥσπερ</span> <span class='ocrx_word' id='word_1_183' title='bbox 1221 2904 1380 2986; x_wconf 82' lang='grc' dir='ltr'>τινὰ</span> <span class='ocrx_word' id='word_1_184' title='bbox 1436 2910 1748 3011; x_wconf 83' lang='grc' dir='ltr'>διαφανῆ</span> <span class='ocrx_word' id='word_1_185' title='bbox 1807 2904 2330 3004; x_wconf 87' lang='grc' dir='ltr'>συμβήσεσθαι</span> <span class='ocrx_word' id='word_1_186' title='bbox 2383 2901 2623 3003; x_wconf 87' lang='grc' dir='ltr'>λέγων</span> 
     </span>
     <span class='ocr_line' id='line_1_22' title="bbox 217 3023 2624 3133; baseline -0 -30"><span class='ocrx_word' id='word_1_187' title='bbox 217 3030 356 3105; x_wconf 77' lang='grc' dir='ltr'>τῶν</span> <span class='ocrx_word' id='word_1_188' title='bbox 403 3027 754 3128; x_wconf 81' lang='grc' dir='ltr'>οἰομένων</span> <span class='ocrx_word' id='word_1_189' title='bbox 801 3027 1017 3109; x_wconf 83' lang='grc' dir='ltr'>αὐτὸν</span> <span class='ocrx_word' id='word_1_190' title='bbox 1069 3031 1198 3110; x_wconf 81' lang='grc' dir='ltr'>οὐκ</span> <span class='ocrx_word' id='word_1_191' title='bbox 1253 3027 1431 3110; x_wconf 85' lang='grc' dir='ltr'>εἶναι</span> <span class='ocrx_word' id='word_1_192' title='bbox 1485 3027 1687 3133; x_wconf 81' lang='grc' dir='ltr'>παρὰ</span> <span class='ocrx_word' id='word_1_193' title='bbox 1739 3033 1951 3108; x_wconf 87' lang='grc' dir='ltr'>Θεοῦ.</span> <span class='ocrx_word' id='word_1_194' title='bbox 2026 3035 2233 3109; x_wconf 84' lang='grc' dir='ltr'>ποῖον</span> <span class='ocrx_word' id='word_1_195' title='bbox 2283 3023 2425 3128; x_wconf 76' lang='grc' dir='ltr'>γὰρ</span> <span class='ocrx_word' id='word_1_196' title='bbox 2479 3025 2523 3103; x_wconf 82' lang='grc' dir='ltr'>ἔ</span> <span class='ocrx_word' id='word_1_197' title='bbox 2599 3058 2624 3103; x_wconf 95' lang='grc' dir='ltr'>ι</span> 
     </span>
     <span class='ocr_line' id='line_1_23' title="bbox 218 3147 2619 3264; baseline -0 -35"><span class='ocrx_word' id='word_1_198' title='bbox 218 3147 437 3232; x_wconf 88' lang='grc' dir='ltr'>τόπον</span> <span class='ocrx_word' id='word_1_199' title='bbox 472 3151 521 3254; x_wconf 86' lang='grc' dir='ltr'>ἢ</span> <span class='ocrx_word' id='word_1_200' title='bbox 577 3153 824 3259; x_wconf 79' lang='grc' dir='ltr'>χώραν</span> <span class='ocrx_word' id='word_1_201' title='bbox 860 3154 963 3234; x_wconf 80' lang='grc' dir='ltr'>ἔτι</span> <span class='ocrx_word' id='word_1_202' title='bbox 1016 3158 1145 3254; x_wconf 84' lang='grc' dir='ltr'>τῆς</span> <span class='ocrx_word' id='word_1_203' title='bbox 1193 3156 1310 3236; x_wconf 82' lang='grc' dir='ltr'>ἐπὶ</span> <span class='ocrx_word' id='word_1_204' title='bbox 1364 3152 1597 3264; x_wconf 74' lang='grc' dir='ltr'>τούτῳ</span> <span class='ocrx_word' id='word_1_205' title='bbox 1647 3153 2140 3260; x_wconf 89' lang='grc' dir='ltr'>συκοφαντίας</span> <span class='ocrx_word' id='word_1_206' title='bbox 2192 3153 2233 3231; x_wconf 83' lang='grc' dir='ltr'><em>ὃ</em></span> <span class='ocrx_word' id='word_1_207' title='bbox 2283 3147 2525 3251; x_wconf 86' lang='grc' dir='ltr'>λόγος,</span> <span class='ocrx_word' id='word_1_208' title='bbox 2563 3154 2619 3229; x_wconf 82' lang='grc' dir='ltr'>εἰ</span> 
     </span>
     <span class='ocr_line' id='line_1_24' title="bbox 218 3273 2619 3386; baseline 0.002 -34"><span class='ocrx_word' id='word_1_209' title='bbox 218 3275 298 3352; x_wconf 86' lang='grc' dir='ltr'>δι’</span> <span class='ocrx_word' id='word_1_210' title='bbox 336 3278 595 3358; x_wconf 84' lang='grc' dir='ltr'>ἑαυτοῦ</span> <span class='ocrx_word' id='word_1_211' title='bbox 627 3276 807 3379; x_wconf 86' lang='grc' dir='ltr'>πρὸς</span> <span class='ocrx_word' id='word_1_212' title='bbox 843 3278 1103 3359; x_wconf 80' lang='grc' dir='ltr'>ἕνωσιν</span> <span class='ocrx_word' id='word_1_213' title='bbox 1139 3278 1478 3386; x_wconf 81' lang='grc' dir='ltr'>ἀναφέρει</span> <span class='ocrx_word' id='word_1_214' title='bbox 1514 3284 1617 3386; x_wconf 76' lang='grc' dir='ltr'>τῷ</span> <span class='ocrx_word' id='word_1_215' title='bbox 1657 3280 1895 3382; x_wconf 85' lang='grc' dir='ltr'>Πατρὶ</span> <span class='ocrx_word' id='word_1_216' title='bbox 1931 3274 2096 3361; x_wconf 83' lang='grc' dir='ltr'>τοῦς</span> <span class='ocrx_word' id='word_1_217' title='bbox 2142 3273 2261 3356; x_wconf 80' lang='grc' dir='ltr'>διὰ</span> <span class='ocrx_word' id='word_1_218' title='bbox 2308 3275 2619 3357; x_wconf 87' lang='grc' dir='ltr'>πίστεως</span> 
     </span>
     <span class='ocr_line' id='line_1_25' title="bbox 217 3398 2612 3507; baseline 0 -28"><span class='ocrx_word' id='word_1_219' title='bbox 217 3401 553 3499; x_wconf 85' lang='grc' dir='ltr'>δηλονότι</span> <span class='ocrx_word' id='word_1_220' title='bbox 614 3405 731 3483; x_wconf 85' lang='grc' dir='ltr'>καὶ</span> <span class='ocrx_word' id='word_1_221' title='bbox 790 3401 1076 3504; x_wconf 79' lang='grc' dir='ltr'>ἀγάπης</span> <span class='ocrx_word' id='word_1_222' title='bbox 1140 3408 1559 3507; x_wconf 77' lang='grc' dir='ltr'>εἰλικρινοῦς</span> <span class='ocrx_word' id='word_1_223' title='bbox 1622 3398 2305 3507; x_wconf 82' lang='grc' dir='ltr'>προσοικειωθέντας</span> <span class='ocrx_word' id='word_1_224' title='bbox 2367 3401 2612 3507; x_wconf 71' lang='grc' dir='ltr'>αὐτῷ,</span> 
     </span>
     <span class='ocr_line' id='line_1_26' title="bbox 134 3520 2687 3632; baseline 0.002 -29"><span class='ocrx_word' id='word_1_225' title='bbox 134 3541 195 3603; x_wconf 83' lang='lat'>²5</span> <span class='ocrx_word' id='word_1_226' title='bbox 218 3520 382 3604; x_wconf 78' lang='grc' dir='ltr'>ὅταν</span> <span class='ocrx_word' id='word_1_227' title='bbox 424 3525 690 3624; x_wconf 88' lang='grc' dir='ltr'>τοίνυν,</span> <span class='ocrx_word' id='word_1_228' title='bbox 740 3523 800 3607; x_wconf 77' lang='grc' dir='ltr'><em>ὦ</em></span> <span class='ocrx_word' id='word_1_229' title='bbox 857 3526 1127 3632; x_wconf 84' lang='grc' dir='ltr'>Πάτερ,</span> <span class='ocrx_word' id='word_1_230' title='bbox 1170 3526 1302 3628; x_wconf 88' lang='grc' dir='ltr'>τὴν</span> <span class='ocrx_word' id='word_1_231' title='bbox 1348 3526 1607 3608; x_wconf 82' lang='grc' dir='ltr'>ἕνωσιν</span> <span class='ocrx_word' id='word_1_232' title='bbox 1655 3525 2198 3632; x_wconf 86' lang='grc' dir='ltr'>ἀποκερδάνωσι</span> <span class='ocrx_word' id='word_1_233' title='bbox 2253 3524 2384 3624; x_wconf 89' lang='grc' dir='ltr'>τὴν</span> <span class='ocrx_word' id='word_1_234' title='bbox 2437 3522 2617 3626; x_wconf 86' lang='grc' dir='ltr'>πρός</span> <span class='ocrx_word' id='word_1_235' title='bbox 2647 3535 2687 3600; x_wconf 87' lang='lat' dir='ltr'>d</span> 
     </span>
     <span class='ocr_line' id='line_1_27' title="bbox 218 3647 2611 3758; baseline 0.001 -32"><span class='ocrx_word' id='word_1_236' title='bbox 218 3679 300 3726; x_wconf 91' lang='grc' dir='ltr'>σε</span> <span class='ocrx_word' id='word_1_237' title='bbox 351 3649 439 3730; x_wconf 82' lang='grc' dir='ltr'>δι’</span> <span class='ocrx_word' id='word_1_238' title='bbox 504 3651 701 3748; x_wconf 87' lang='grc' dir='ltr'>ἐμοῦ,</span> <span class='ocrx_word' id='word_1_239' title='bbox 762 3649 924 3731; x_wconf 88' lang='grc' dir='ltr'>τότε</span> <span class='ocrx_word' id='word_1_240' title='bbox 981 3652 1339 3753; x_wconf 82' lang='grc' dir='ltr'>γνώσεται</span> <span class='ocrx_word' id='word_1_241' title='bbox 1392 3650 1524 3751; x_wconf 80' lang='grc' dir='ltr'>μὲν</span> <span class='ocrx_word' id='word_1_242' title='bbox 1580 3661 1610 3733; x_wconf 80' lang='grc' dir='ltr'>ὁ</span> <span class='ocrx_word' id='word_1_243' title='bbox 1673 3654 1928 3758; x_wconf 73' lang='grc' dir='ltr'>κόσμος</span> <span class='ocrx_word' id='word_1_244' title='bbox 1986 3652 2080 3731; x_wconf 75' lang='grc' dir='ltr'>’ὅτι</span> <span class='ocrx_word' id='word_1_245' title='bbox 2139 3649 2227 3730; x_wconf 81' lang='grc' dir='ltr'>σύ</span> <span class='ocrx_word' id='word_1_246' title='bbox 2280 3684 2372 3755; x_wconf 83' lang='grc' dir='ltr'>με</span> <span class='ocrx_word' id='word_1_247' title='bbox 2426 3647 2611 3728; x_wconf 74' lang='grc' dir='ltr'>ἀπέ-</span> 
     </span>
     <span class='ocr_line' id='line_1_28' title="bbox 219 3775 2618 3882; baseline -0.001 -29"><span class='ocrx_word' id='word_1_248' title='bbox 219 3794 522 3873; x_wconf 71' lang='grc' dir='ltr'>στειλας,</span> <span class='ocrx_word' id='word_1_249' title='bbox 558 3776 932 3856; x_wconf 90' lang='grc' dir='ltr'>τουτέστιν</span> <span class='ocrx_word' id='word_1_250' title='bbox 964 3777 1243 3882; x_wconf 72' lang='grc' dir='ltr'>εὐδοκία</span> <span class='ocrx_word' id='word_1_251' title='bbox 1290 3781 1394 3882; x_wconf 84' lang='grc' dir='ltr'>σῇ</span> <span class='ocrx_word' id='word_1_252' title='bbox 1439 3775 1834 3877; x_wconf 84' lang='grc' dir='ltr'>βοηθήσων</span> <span class='ocrx_word' id='word_1_253' title='bbox 1870 3777 2182 3882; x_wconf 89' lang='grc' dir='ltr'>ἀφῖγμαι</span> <span class='ocrx_word' id='word_1_254' title='bbox 2216 3780 2308 3878; x_wconf 87' lang='grc' dir='ltr'>τῇ</span> <span class='ocrx_word' id='word_1_255' title='bbox 2357 3779 2457 3878; x_wconf 79' lang='grc' dir='ltr'>γῇ</span> <span class='ocrx_word' id='word_1_256' title='bbox 2502 3777 2618 3852; x_wconf 82' lang='grc' dir='ltr'>καὶ</span> 
     </span>
     <span class='ocr_line' id='line_1_29' title="bbox 219 3896 2613 4004; baseline 0.001 -32"><span class='ocrx_word' id='word_1_257' title='bbox 219 3903 357 3980; x_wconf 87' lang='grc' dir='ltr'>τοῖς</span> <span class='ocrx_word' id='word_1_258' title='bbox 390 3900 467 3978; x_wconf 82' lang='grc' dir='ltr'>ἐν</span> <span class='ocrx_word' id='word_1_259' title='bbox 507 3898 687 4004; x_wconf 77' lang='grc' dir='ltr'>αὐτῇ</span> <span class='ocrx_word' id='word_1_260' title='bbox 735 3899 1227 3998; x_wconf 85' lang='grc' dir='ltr'>πλανωμένοις</span> <span class='ocrx_word' id='word_1_261' title='bbox 1273 3900 1761 4001; x_wconf 80' lang='grc' dir='ltr'>κατορθώσων</span> <span class='ocrx_word' id='word_1_262' title='bbox 1794 3896 1926 4000; x_wconf 88' lang='grc' dir='ltr'>τὴν</span> <span class='ocrx_word' id='word_1_263' title='bbox 1962 3898 2355 3999; x_wconf 85' lang='grc' dir='ltr'>σωτηρίαν·</span> <span class='ocrx_word' id='word_1_264' title='bbox 2416 3896 2613 4000; x_wconf 81' lang='grc' dir='ltr'>γνώ-</span> 
     </span>
     <span class='ocr_line' id='line_1_30' title="bbox 220 4020 2617 4129; baseline 0.002 -33"><span class='ocrx_word' id='word_1_265' title='bbox 220 4049 466 4100; x_wconf 89' lang='grc' dir='ltr'>σονται</span> <span class='ocrx_word' id='word_1_266' title='bbox 531 4021 608 4102; x_wconf 84' lang='grc' dir='ltr'>δὲ</span> <span class='ocrx_word' id='word_1_267' title='bbox 668 4020 853 4127; x_wconf 84' lang='grc' dir='ltr'>πρὸς</span> <span class='ocrx_word' id='word_1_268' title='bbox 913 4020 1192 4106; x_wconf 84' lang='grc' dir='ltr'>τούτοις</span> <span class='ocrx_word' id='word_1_269' title='bbox 1254 4021 1454 4103; x_wconf 78' lang='grc' dir='ltr'>οὐδὲν</span> <span class='ocrx_word' id='word_1_270' title='bbox 1509 4022 1747 4123; x_wconf 82' lang='grc' dir='ltr'>ἧττον,</span> <span class='ocrx_word' id='word_1_271' title='bbox 1805 4026 2058 4129; x_wconf 86' lang='grc' dir='ltr'>φησὶν,</span> <span class='ocrx_word' id='word_1_272' title='bbox 2114 4027 2179 4102; x_wconf 81' lang='grc' dir='ltr'>οἱ</span> <span class='ocrx_word' id='word_1_273' title='bbox 2239 4025 2367 4121; x_wconf 86' lang='grc' dir='ltr'>τῆς</span> <span class='ocrx_word' id='word_1_274' title='bbox 2431 4022 2617 4101; x_wconf 79' lang='grc' dir='ltr'>οὕτω</span> 
     </span>
     <span class='ocr_line' id='line_1_31' title="bbox 136 4142 2619 4252; baseline 0.004 -32"><span class='ocrx_word' id='word_1_275' title='bbox 136 4179 201 4234; x_wconf 82' lang='lat'>30</span> <span class='ocrx_word' id='word_1_276' title='bbox 222 4144 644 4246; x_wconf 85' lang='grc' dir='ltr'>τριποθήτου</span> <span class='ocrx_word' id='word_1_277' title='bbox 725 4144 1247 4252; x_wconf 86' lang='grc' dir='ltr'>μετεσχηκότες</span> <span class='ocrx_word' id='word_1_278' title='bbox 1328 4146 1640 4252; x_wconf 84' lang='grc' dir='ltr'>χάριτος,</span> <span class='ocrx_word' id='word_1_279' title='bbox 1722 4146 1831 4226; x_wconf 80' lang='grc' dir='ltr'>ὅτι</span> <span class='ocrx_word' id='word_1_280' title='bbox 1915 4145 2294 4250; x_wconf 68' lang='grc' dir='ltr'>ἠγάπησας</span> <span class='ocrx_word' id='word_1_281' title='bbox 2378 4142 2619 4231; x_wconf 64' lang='grc' dir='ltr'>αὐτοῖις</span> 
     </span>
     <span class='ocr_line' id='line_1_32' title="bbox 225 4266 2612 4378; baseline 0.001 -32"><span class='ocrx_word' id='word_1_282' title='bbox 225 4266 438 4356; x_wconf 65' lang='grc' dir='ltr'>καθεὶς</span> <span class='ocrx_word' id='word_1_283' title='bbox 490 4269 611 4376; x_wconf 74' lang='grc' dir='ltr'>ἐμὲ</span> <span class='ocrx_word' id='word_1_284' title='bbox 655 4271 1061 4374; x_wconf 73' lang='grc' dir='ltr'>ἠγάπησας.</span> <span class='ocrx_word' id='word_1_285' title='bbox 1161 4273 1200 4351; x_wconf 84' lang='grc' dir='ltr'><em>ὃ</em></span> <span class='ocrx_word' id='word_1_286' title='bbox 1257 4269 1402 4376; x_wconf 78' lang='grc' dir='ltr'>γὰρ</span> <span class='ocrx_word' id='word_1_287' title='bbox 1457 4277 1553 4357; x_wconf 80' lang='grc' dir='ltr'>εἷς</span> <span class='ocrx_word' id='word_1_288' title='bbox 1607 4271 1904 4378; x_wconf 86' lang='grc' dir='ltr'>ἑνότητα</span> <span class='ocrx_word' id='word_1_289' title='bbox 1959 4268 2214 4366; x_wconf 76' lang='grc' dir='ltr'>λαβὼν</span> <span class='ocrx_word' id='word_1_290' title='bbox 2267 4268 2395 4349; x_wconf 86' lang='grc' dir='ltr'>τὸν</span> <span class='ocrx_word' id='word_1_291' title='bbox 2451 4270 2612 4349; x_wconf 84' lang='grc' dir='ltr'>καθ’</span> 
     </span>
    </p>
   </div>
   <div class='ocr_carea' id='block_1_3' title="bbox 221 4424 2617 4706">
    <p class='ocr_par' dir='ltr' id='par_1_3' title="bbox 221 4424 2617 4706">
     <span class='ocr_line' id='line_1_33' title="bbox 292 4424 2617 4514; baseline -0.001 -34"><span class='ocrx_word' id='word_1_292' title='bbox 292 4441 337 4480; x_wconf 88' lang='lat'>1.</span> <span class='ocrx_word' id='word_1_293' title='bbox 373 4430 477 4497; x_wconf 79' lang='grc' dir='ltr'>πρὸ</span> <span class='ocrx_word' id='word_1_294' title='bbox 412 4426 531 4511; x_wconf 85' lang='grc' dir='ltr'>ρὸς]</span> <span class='ocrx_word' id='word_1_295' title='bbox 565 4434 622 4492; x_wconf 73' lang='lat'>4</span> <span class='ocrx_word' id='word_1_296' title='bbox 653 4429 746 4483; x_wconf 80' lang='grc' dir='ltr'>τὸν</span> <span class='ocrx_word' id='word_1_297' title='bbox 767 4446 818 4483; x_wconf 98' lang='grc'><strong>8.</strong></span> <span class='ocrx_word' id='word_1_298' title='bbox 927 4430 958 4482; x_wconf 79' lang='grc' dir='ltr'>ὁ</span> <span class='ocrx_word' id='word_1_299' title='bbox 982 4429 1284 4500; x_wconf 70' lang='grc' dir='ltr'>Χριστὸςε.</span> <span class='ocrx_word' id='word_1_300' title='bbox 1739 4445 1790 4483; x_wconf 79' lang='lat'>2.</span> <span class='ocrx_word' id='word_1_301' title='bbox 1826 4424 2121 4499; x_wconf 75' lang='grc' dir='ltr'>ἄνθρωπος]</span> <span class='ocrx_word' id='word_1_302' title='bbox 2156 4431 2213 4491; x_wconf 68' lang='lat'>4-</span> <span class='ocrx_word' id='word_1_303' title='bbox 2243 4425 2545 4514; x_wconf 78' lang='grc' dir='ltr'>ἀνθρώπους</span> <span class='ocrx_word' id='word_1_304' title='bbox 2567 4442 2617 4477; x_wconf 90' lang='grc'><strong>8.</strong></span> 
     </span>
     <span class='ocr_line' id='line_1_34' title="bbox 222 4492 2613 4590; baseline 0.004 -42"><span class='ocrx_word' id='word_1_305' title='bbox 222 4493 269 4548; x_wconf 87' lang='grc'><strong>8.</strong></span> <span class='ocrx_word' id='word_1_306' title='bbox 305 4498 387 4551; x_wconf 72' lang='grc' dir='ltr'>καὶ</span> <span class='ocrx_word' id='word_1_307' title='bbox 411 4497 588 4571; x_wconf 67' lang='lat' dir='ltr'><strong>prius]</strong></span> <span class='ocrx_word' id='word_1_308' title='bbox 622 4505 679 4565; x_wconf 64' lang='grc' dir='ltr'>-ι-</span> <span class='ocrx_word' id='word_1_309' title='bbox 709 4502 771 4570; x_wconf 77' lang='grc' dir='ltr'>τῇ</span> <span class='ocrx_word' id='word_1_310' title='bbox 800 4499 1006 4590; x_wconf 79' lang='lat' dir='ltr'><strong>Migne.</strong></span> <span class='ocrx_word' id='word_1_311' title='bbox 1347 4517 1429 4554; x_wconf 83' lang='lat'>11.</span> <span class='ocrx_word' id='word_1_312' title='bbox 1435 4497 1624 4586; x_wconf 75' lang='grc' dir='ltr'>πρὸς]</span> <span class='ocrx_word' id='word_1_313' title='bbox 1660 4505 1717 4565; x_wconf 70' lang='lat'>4-</span> <span class='ocrx_word' id='word_1_314' title='bbox 1747 4503 1840 4554; x_wconf 80' lang='grc' dir='ltr'>τὸν</span> <span class='ocrx_word' id='word_1_315' title='bbox 1862 4517 1911 4554; x_wconf 80' lang='lat' dir='ltr'>a.</span> <span class='ocrx_word' id='word_1_316' title='bbox 2249 4513 2332 4551; x_wconf 83' lang='lat'>12.</span> <span class='ocrx_word' id='word_1_317' title='bbox 2368 4492 2613 4584; x_wconf 71' lang='grc' dir='ltr'>μεσίτου]</span> 
     </span>
     <span class='ocr_line' id='line_1_35' title="bbox 221 4564 2615 4706; baseline 0 -87"><span class='ocrx_word' id='word_1_318' title='bbox 221 4569 468 4706; x_wconf 57' lang='grc' dir='ltr'>ςξσοὲαὲὰ</span> <span class='ocrx_word' id='word_1_319' title='bbox 492 4640 556 4696; x_wconf 71' lang='lat' dir='ltr'>E</span> <span class='ocrx_word' id='word_1_320' title='bbox 788 4583 875 4643; x_wconf 76' lang='lat'>25.</span> <span class='ocrx_word' id='word_1_321' title='bbox 910 4569 1331 4642; x_wconf 80' lang='grc' dir='ltr'>ἀποκερδάνωσι]</span> <span class='ocrx_word' id='word_1_322' title='bbox 1358 4569 1546 4640; x_wconf 80' lang='grc' dir='ltr'>ταύτην</span> <span class='ocrx_word' id='word_1_323' title='bbox 1570 4571 1859 4643; x_wconf 78' lang='grc' dir='ltr'>κερδάνωσι</span> <span class='ocrx_word' id='word_1_324' title='bbox 1883 4587 1931 4625; x_wconf 91' lang='grc'><strong>8.</strong></span> <span class='ocrx_word' id='word_1_325' title='bbox 2262 4568 2347 4622; x_wconf 75' lang='grc'><strong>38.</strong></span> <span class='ocrx_word' id='word_1_326' title='bbox 2386 4587 2523 4636; x_wconf 79' lang='grc' dir='ltr'>αυτῳ</span> <span class='ocrx_word' id='word_1_327' title='bbox 2552 4564 2615 4617; x_wconf 76' lang='lat' dir='ltr'>h·</span> 
     </span>
    </p>
   </div>
   <div class='ocr_carea' id='block_1_4' title="bbox 1361 4732 1472 4781">
    <p class='ocr_par' dir='ltr' id='par_1_4' title="bbox 1361 4732 1472 4781">
     <span class='ocr_line' id='line_1_36' title="bbox 1361 4732 1472 4781; baseline 0.054 -6"><span class='ocrx_word' id='word_1_328' title='bbox 1361 4732 1472 4781; x_wconf 78' lang='lat'>132</span> 
     </span>
    </p>
   </div>
  </div>
 </body>
</html>
