3269 5166
206 333 342 399 viii.
371 336 518 419 6,7.
725 336 833 400 IN
883 336 1401 401 EPISTOLAM
1452 336 1579 401 AD
1633 337 2102 403 ROMANOS.
2481 339 2612 404 213

206 533 634 603 προσεοικος
711 500 842 598 μὲν
899 509 1046 585 τοῖς
1114 500 1475 604 ἡμετέροις
1539 500 1905 600 σώμασιν,
1972 502 2057 582 οὐ
2118 500 2265 602 μὴν
2328 502 2431 582 ἔτι
2494 504 2613 582 καὶ

209 630 453 703 νοσεῖν
509 625 691 708 εἶδος
746 624 1098 727 σαρκικὴν
1153 626 1624 728 ἀκαθαρσίαν·
1695 622 1898 728 ἅγιος
1953 626 2094 730 γὰρ
2127 628 2205 705 ἐκ
2246 624 2524 730 μήτρας
2571 627 2612 705 ὁ

211 752 397 829 θεῖος
451 750 710 832 ἐκεῖνος
768 748 963 833 νεώς.
1048 752 1166 828 καὶ
1226 747 1409 828 ὅσον
1463 746 1595 847 μὲν
1651 748 1819 849 ἧκεν
1877 754 1974 832 εἷς
2032 752 2301 833 ἐννοίας
2360 783 2438 829 τε
2498 752 2616 829 καὶ

211 869 481 971 λόγους
545 869 710 956 τοὺς
770 875 845 951 ἐν
907 877 999 977 τῇ
1065 871 1310 976 φύσει,
1376 871 1875 972 κατοκνήσειεν
1943 869 2035 952 ἀν
2099 874 2323 958 οὐδεὶς
2395 874 2615 953 ἐκεῖνο

142 1019 184 1080 5
214 997 455 1091 εἰπεῖν,
510 998 608 1079 ὡς
661 996 944 1097 ἐπείπερ
986 993 1079 1095 ἦν
1126 995 1346 1103 σὰρξ,
1400 996 1615 1100 ἔσχεν
1650 992 1740 1074 ἂν
1784 998 1860 1075 ἐν
1897 997 2111 1101 ἑαυτῇ
2166 994 2251 1076 τὸ
2306 995 2482 1076 ἰ’διόν
2537 1031 2616 1076 τε

211 1121 332 1197 καὶ
382 1116 704 1222 ἔμφυτον
739 1121 1018 1220 κίνημα·
1075 1120 1312 1220 ἐπειδὴ
1364 1119 1438 1199 δὲ
1490 1122 1531 1199 ὁ
1577 1126 1831 1200 πᾶσαν
1865 1118 1997 1220 τὴν
2033 1120 2270 1201 κτίσιν
2307 1119 2617 1223 ἁγιάζων

214 1240 462 1342 Λόγος
526 1239 932 1349 κατῴκηκεν
996 1246 1072 1324 ἐν
1136 1245 1337 1349 αὐτῇ,
1398 1244 1891 1348 κατακέκριται
1961 1247 2091 1341 τῆς
2153 1245 2501 1347 ἁμαρτίας
2570 1243 2618 1343 ἡ

212 1363 602 1464 &napus-,⁰
570 1401 685 1446 ινα
722 1371 838 1447 καὶ
888 1373 983 1452 εἷς
1021 1370 1207 1468 ἡμᾶς
1253 1368 1584 1473 διαβαίνῃ
1627 1401 1714 1447 το
1765 1367 2344 1471 κατωρθωμένον·
2406 1401 2610 1466 μετε-

212 1489 596 1594 σχήκαμεν
651 1490 794 1595 γὰρ
840 1494 1059 1572 αὐτοῦ
1101 1499 1591 1590 πνευματικῶς
1637 1526 1716 1571 τε
1770 1495 1885 1572 καὶ
1939 1498 2387 1590 σωματικῶς·
2447 1489 2620 1571 ὅταν

108 1650 185 1689 10
213 1613 361 1718 γὰρ
398 1617 515 1694 καὶ
553 1615 721 1713 ἡμῖν
757 1616 1201 1720 ἐναυλίζηται
1227 1613 1554 1719 Χριστὸς
1593 1613 1711 1695 διὰ
1748 1624 1874 1695 τοῦ
1909 1617 2168 1718 Ἀγίου
2202 1616 2620 1716 Πνεύματος

211 1741 333 1817 καὶ
383 1735 503 1817 διὰ
555 1743 681 1838 τῆς
730 1744 1080 1839 μυστικῆς
1131 1739 1484 1842 εὐλογίας,
1523 1740 1685 1820 τότε
1737 1737 1824 1840 δὴ
1860 1736 2147 1823 πάντως
2186 1742 2300 1819 καὶ
2338 1742 2414 1820 ἐν
2451 1741 2620 1839 ἡμῖν

210 1866 252 1942 ὁ
289 1866 421 1960 τῆς
458 1863 807 1966 ἁμαρτιας
847 1866 1337 1966 κατακρίνεται
1375 1861 1613 1961 νόμος.

324 1983 622 2086 Ἀληθὲς
677 1986 879 2066 οὖν’
839 2021 949 2066 οτι
1009 2023 1080 2068 το
1118 1983 1436 2067 ἀδύνατον
1483 1989 1592 2066 τοῦ
1645 1986 1837 2092 νὸμου
1874 1987 1933 2067 ἒν
1971 2023 2022 2096 ῳ
1992 1984 2296 2081 “Mem
2337 1982 2454 2067 δια
2505 1986 2621 2082 τ’ἧς

212 2145 476 2216 capnos·
528 2109 886 2190 πέπαυται
938 2108 1055 2190 διὰ
1090 2116 1421 2214 Χριστοῦ
1471 2108 2020 2214 κατακρίναντός
2056 2144 2135 2190 τε
2180 2114 2297 2191 καὶ
2348 2145 2615 2216 κατηρ-

112 2264 185 2321 15
212 2233 525 2335 γηκότος
573 2269 681 2327 την
714 2237 1055 2341 αμαρτιαν
1091 2236 1151 2315 ἐν
1205 2273 1283 2325 τη
1331 2244 1533 2342 σαρκι
1586 2270 1691 2314 ινα
1744 2270 1814 2314 το
1869 2229 2225 2341 δικαίωμα
2278 2236 2388 2315 τοῦ
2433 2237 2622 2341 νόμου

212 2354 599 2470 πληρωθῇ’
571 2391 634 2437 εν
689 2361 858 2463 ἡμῖν·
917 2358 1384 2460 πεπλήρωται
1441 2356 1583 2462 γὰρ
1639 2391 1724 2437 το
1786 2360 2134 2458 δικαίωμα
2195 2367 2323 2438 τοῦ
2379 2357 2621 2456 νόμου,

212 2478 594 2562 τουτέστιν
657 2481 703 2582 ἡ
771 2479 1066 2581 δύναμις
1138 2488 1284 2561 τῶν
1356 2480 1944 2581 τεθεσπισμένων
2007 2480 2123 2561 διὰ
2184 2491 2312 2562 τοῦ
2377 2479 2619 2581 νόμου,

214 2606 446 2707 ἤγουν
489 2603 574 2685 τὸ
622 2613 905 2706 θέλημα
954 2608 1039 2686 τὸ
1089 2608 1371 2702 βλέπον
1409 2613 1505 2690 εἶς
1561 2602 1841 2709 ἀρετὴν,
1877 2615 2006 2687 τοῦ
2061 2610 2136 2687 ἐν
2194 2608 2362 2707 ἡμῖν
2417 2609 2623 2693 ὄντος

219 2732 443 2828 νόμου
481 2732 632 2810 κατ’
673 2730 922 2810 οὐδένα
965 2729 1231 2835 τρόπον
1280 2734 1377 2815 ὡς
1426 2731 1610 2839 ἔφην
1648 2733 2124 2814 ἀσθενοῦντος
2171 2731 2274 2812 ε”τι
2324 2732 2442 2812 διὰ
2494 2741 2624 2813 τοῦ

109 2887 191 2928 20
217 2858 722 2957 τυραννεῖσθαι
765 2862 919 2939 ταῖς
974 2855 1311 2959 ἐμφύτοις
1371 2854 1677 2954 ἡδοναῖς.
1756 2854 2225 2959 πεπλήρωται
2275 2856 2513 2936 τοίνυν
2548 2859 2625 2936 ἐν

217 2980 391 3077 ἡμῖν
425 2977 499 3057 τὶ
552 2972 908 3085 δικαίωμα
956 2982 1068 3058 τοῧ
1113 2981 1305 3085 νόμον
1350 2983 1486 3065 τοῖς
1520 2975 1617 3085 ‘be-31
1663 2976 1856 3059 κατα
1887 2979 2119 3087 σάρκα
2154 2982 2624 3088 περιπατοῦσι,

216 3103 358 3207 ζῆν
396 3101 473 3181 δὲ
510 3108 803 3201 μᾶλλον
840 3102 1173 3183 ἐθέλουσι
1208 3109 1726 3203 πνευματικῶς.

2666 437 2927 506 [²7M·]

294 3300 397 3367 Τὸ
454 3300 576 3391 ι-ἁρ
629 3305 934 3392 φρόνημα
989 3310 1103 3370 τῆς
1158 3282 1399 3394 σαρκὸς
1454 3303 1757 3382 θάνατος,
1811 3303 1887 3369 τὸ
1944 3301 2018 3368 δὲ
2072 3301 2379 3392 φρόνημα
2434 3305 2547 3366 τοῦ
2653 3312 2768 3387 6,7

906 3429 1281 3506 Πνεύματοσ
1334 3429 1463 3520 <mu-'⁸
1522 3427 1628 3492 καὶ
1683 3424 1932 3517 εἰρήνη.

121 3603 193 3664 25
333 3574 677 3657 Θάνατον
710 3571 843 3675 μὲν
881 3570 1061 3654 εἶναι’
1108 3581 1295 3680 φησι
1333 3572 1407 3655 τὶ
1446 3572 1565 3667 τ’ἧς
1601 3571 1856 3680 σαρκὶς
1888 3571 2218 3678 φρὸνημα,
2258 3573 2377 3650 καὶ
2425 3568 2630 3670 μάλα

220 3701 481 3805 ὀρθῶς·
551 3698 637 3780 τὸ
695 3697 783 3777 δέ
824 3732 908 3800 γε
966 3700 1077 3778 τοῦ
1126 3696 1534 3805 πνεύματος,
1590 3693 1762 3806 ζωὴν
1825 3703 1945 3777 καὶ
2005 3697 2258 3804 εἰρήνην·
2318 3694 2631 3775 θανάτου

219 3825 351 3923 μὲν
405 3822 553 3928 γάρ
608 3826 900 3921 ἀληθῶς
945 3821 990 3921 ἡ
1037 3823 1485 3926 φιλοσαρκία
1538 3819 1914 3926 πρόξενος·
1988 3818 2167 3922 ζωῆς
2224 3816 2300 3898 δὲ
2358 3823 2485 3917 τῆς
2536 3823 2634 3902 εἷς

220 3957 446 4031 αἰῶνα
502 3950 618 4029 καὶ
674 3941 823 4026 τῶν
872 3944 1145 4025 ἄνωθεν
1189 3947 1504 4048 ἀγαθῶν,
1542 3942 1625 4023 τὸ
1684 3947 2008 4036 διαβιοῦν
2062 3940 2359 4022 ἑλέσθαι
2413 3975 2628 4022 πνευ-

220 4081 557 4174 ματικῶς·
629 4077 691 4152 εἰ
748 4068 896 4173 γὰρ
944 4069 1016 4149 τὶ
1076 4070 1379 4178 φρόνημα
1433 4066 1554 4162 τ’ἧς
1605 4064 1861 4177 σαρκός
1917 4063 2121 4175 ἔχθρα
2180 4074 2270 4152 εἰς
2309 4065 2496 4156 Θεὶν,
2538 4067 2634 4148 ὡς

291 4258 343 4317 7.
378 4266 679 4315 moment
707 4241 775 4296 Β.
1051 4240 1105 4293 8.
1141 4237 1547 4309 κατορθούμενον
1570 4238 1640 4292 Α.
1931 4252 2015 4291 10.
2051 4235 2107 4291 ἐν
2130 4235 2250 4305 ἡμῖν
2272 4235 2538 4303 αυλίζηται
2565 4234 2635 4289 Α.

228 4332 311 4389 19.
346 4321 503 4388 νόμου
527 4324 656 4405 post
679 4311 1032 4368 ἀσθενοῦντος
1052 4310 1356 4402 transponit
1379 4309 1449 4364 A.
1556 4312 1649 4362 τοῦ
1705 4308 1765 4361 τὸ
1791 4307 1859 4361 Α.
2379 4321 2465 4359 22.
2504 4304 2636 4358 Post

220 4386 347 4443 haee
383 4389 429 4444 εἰ
469 4389 528 4445 δὲ
558 4382 1169 4457 ἦσθένησεν-λσλάλητ
1168 4403 1221 4434 αι
1262 4398 1292 4435 e
1329 4380 1492 4434 Thes.
1538 4379 1644 4435 208
1744 4377 2059 4449 deprompta
2093 4375 2309 4431 exhibet
2341 4376 2466 4445 Ap
2471 4375 2636 4439 .‚108
2703 4382 2710 4387 '

222 4459 453 4516 scholion
496 4410 668 4521 aliud,
716 4456 769 4509 A
814 4471 871 4524 p.
904 4467 1007 4522 113
1049 4451 1108 4507 S.
1135 4450 1337 4523 Cyn-illo
1384 4450 1669 4513 tributum,
1709 4458 1792 4503 est
1843 4465 2025 4503 revera
2064 4446 2372 4501 Theodoriti
2423 4394 2491 4498 ad
2533 4446 2637 4498 loe.

218 4497 981 4677 mammam
1004 4538 1374 4664 ...ψεῖ
1396 4517 2016 4663 1⁹53,“zz‘:⁰{],3⁰}²52¹¹
2042 4518 2206 4591 ΡΡΡ·
2227 4535 2351 4590 ΡΡΡ
2377 4523 2638 4587 ΡΜ
