3269 5166
813 323 1385 389 FRAGMENTA
1447 319 2095 388 HOMILIARUM.
2526 321 2656 387 467

240 481 381 569 νὸς
439 486 610 566 καθ’
663 487 849 587 ἡμᾶς
913 491 955 567 5
1016 485 1460 589 Μονογενὴς,
1507 484 1927 587 ὠνόμασται
1980 485 2141 566 τότε
2197 489 2314 566 καὶ
2367 486 2655 585 Ἰησοῦς
2679 426 2975 575 [3.ιέἒὲῑὲ

240 605 361 686 διὰ
404 612 534 708 τῆς
580 618 710 689 τοῦ
760 609 1081 713 ἀγγέλου
1118 613 1389 716 φωνῆς·
1448 608 1608 691 τότε
1646 606 2112 714 κεχρημάτικε
2161 612 2280 688 καὶ
2326 605 2649 688 ἀπόστο-
2679 604 2759 639 ²¹⁹

238 738 373 814 λος
427 734 546 811 καὶ
604 734 984 837 ἀρχιερεύς.
1060 734 1313 814 οὐκοῦν
1356 730 1404 833 ἢ
1452 732 1957 835 ἀρνείσθωσαν
1992 734 2307 835 ἐναργῶς
2358 728 2467 811 ὅτι
2520 731 2646 833 γε’-

237 885 410 954 γονε
466 852 673 961 σὰρξ
723 858 764 935 5
816 855 1079 958 Λόγος,
1128 854 1499 936 τουτέστιν
1553 853 1951 956 ἅνθρωπος,
1996 854 2520 960 ἐμψυχωμένον
2573 887 2652 934 τε

172 1008 212 1069 5
239 981 360 1054 καὶ
422 975 669 1058 ἔννουν
726 985 948 1079 σῶμα
1010 977 1288 1075 λαβὼν,
1351 980 1472 1059 καὶ
1527 976 1691 1058 τότε
1751 976 1991 1058 πάντα
2051 976 2145 1056 τὰ
2206 979 2372 1081 περὶ
2434 978 2652 1057 αὐτοῦ

236 1099 703 1202 γεγραμμένα
772 1101 1322 1204 περιαγέτωσαν
1393 1105 1492 1185 εἶς
1565 1099 1697 1180 τὸν
1760 1106 2013 1180 οἰκεῖον
2076 1101 2384 1180 σκοπόν·
2475 1099 2523 1201 ἢ
2590 1104 2649 1180 εἰ

237 1229 640 1328 φοβοῦνται
691 1222 777 1304 τὸ
833 1227 1203 1329 ἀρνεῖσθαι
1256 1223 1342 1304 τὸ
1396 1222 1821 1323 μυστήριον,
1869 1221 2428 1324 θαυμαζέτωσαν
2480 1224 2645 1322 μεθ’

236 1345 440 1444 ἡμῶν
480 1345 611 1426 τὸν
658 1348 744 1428 δι’
788 1348 976 1447 ἡμᾶς
1029 1350 1105 1428 ἐν
1146 1354 1297 1432 τοῖς
1351 1346 1518 1428 καθ’
1561 1346 1748 1447 ἡμᾶς
1800 1343 2173 1448 γεγονότα,
2208 1343 2650 1446 μεμενηκότα

234 1466 313 1546 δὲ
347 1470 467 1546 καὶ
508 1470 694 1549 οὕτω
732 1467 949 1550 Θεόν·
1008 1470 1171 1551 τότε
1219 1469 1362 1574 γὰρ
1397 1468 1484 1550 τὸ
1529 1473 1659 1569 τῆς
1707 1468 2072 1552 κενώσεως
2116 1479 2644 1572 πολυπραγμο-

126 1631 209 1690 ,10
236 1597 520 1676 νοῦντες
563 1588 846 1695 μέτρον,
888 1592 1016 1673 τὸν
1052 1592 1268 1673 αὑτὸν
1305 1590 1702 1695 εὑρήσουσι
1744 1596 1864 1671 καὶ
1908 1590 2329 1672 ἀπόστολον
2366 1595 2647 1695 ἀνθρω-

230 1712 478 1812 πίνως,
514 1718 633 1795 καὶ
688 1713 1235 1818 κηρυσσόμενον
1289 1722 1536 1800 θεὶκῶς
1590 1714 1791 1819 παρὰ
1844 1721 1992 1796 τῶν
2045 1712 2642 1812 ἀπεσταλμένων·

229 1838 392 1916 τίνα
446 1835 594 1940 γὰρ
647 1837 1030 1942 ἐκήρυττον
1082 1846 1234 1924 τοῖς
1288 1838 1572 1919 ἔθνεσιν
1627 1843 1694 1919 οὶ
1748 1836 2084 1941 μακάριοι
2136 1841 2472 1938 μαθηταὶ,
2526 1840 2647 1916 καὶ

229 1968 446 2039 τοῦτο
493 1962 591 2043 ὦς
629 1957 821 2040 Θεὸν
857 1960 1206 2061 ἀληθινόν
1233 1995 1256 2059 3
1321 1958 1431 2065 ἀρ’
1468 1962 1629 2067 οὐχὶ
1675 1959 1803 2041 τὸν
1840 1960 2082 2061 κύριον
2117 1963 2320 2061 ἡμῶν
2355 1962 2647 2059 Ἰησοῦν

230 2079 362 2161 τὸν
409 2080 784 2186 Χριστόν,
845 2085 974 2164 οὐκ
1024 2083 1447 2165 ἀπόστολον
1491 2084 1610 2166 διὰ
1655 2084 1739 2164 τὸ
1785 2084 2279 2186 ἀνθρώπινονς
2337 2085 2466 2165 οὐκ
2520 2086 2642 2164 αὖ·-

128 2235 204 2297 15
230 2202 362 2283 τὸν
397 2203 572 2287 ὄντα
609 2205 820 2306 Θεὸν,
861 2207 972 2288 ὅτι
1009 2208 1255 2311 Λόγος
1293 2206 1383 2308 ἦν
1417 2215 1546 2288 τοῦ
1584 2207 1925 2310 Πατρός,
1985 2213 2141 2292 πῶς
2189 2206 2406 2288 αὐτὸν
2440 2209 2644 2312 ἀρχι-

228 2326 396 2430 ερέα
457 2329 806 2432 γεγονότα
870 2330 1376 2432 θεωρήσομεν;
1459 2326 1604 2433 ἀρα
1659 2327 1842 2408 κατά
1896 2327 2027 2410 τὸν
2084 2331 2419 2432 Ἀαρών,
2502 2326 2644 2433 ἀρα

227 2450 416 2530 κατὰ
449 2450 579 2532 τὸν
620 2452 955 2538 Μωσέως
992 2452 1234 2552 νόμον,
1267 2452 1432 2537 τοὺς
1466 2452 1556 2559 ἐξ
1584 2450 1860 2552 ἀγέλης
1890 2449 2158 2553 ἀμνοῦς
2194 2453 2644 2534 καταθύοντα

228 2578 335 2680 τῷ
398 2578 612 2683 Θεῷ,
695 2572 837 2680 ἀρα
896 2575 1247 2680 τρυγόνας
1310 2573 1786 2681 προσάγοντα
1848 2577 1969 2657 καὶ
2031 2575 2460 2681 περιστερὰς
2525 2580 2642 2657 καὶ

227 2697 616 2797 σεμίδαλιν
647 2701 1088 2804 ἐλαιοβραχῆ
1126 2733 1148 2797 3
1213 2701 1444 2780 καίτοι
1470 2706 1622 2779 τῶν
1657 2699 1999 2780 τοιούτων
2034 2699 2235 2781 οὐδὲν
2269 2697 2641 2806 πέπραχεν

122 2856 203 2897 20
227 2821 269 2900 5
304 2820 797 2923 Ἐμμανουήλ·
856 2822 1188 2927 ἱερατεύει
1224 2822 1369 2925 γὰρ
1407 2822 1584 2924 ὑπὲρ
1622 2822 1864 2923 νόμον·
1925 2811 2139 2908 αὐτὸς
2176 2822 2266 2924 ἦν
2301 2824 2386 2904 τὸ
2424 2830 2638 2923 θῦμα,

225 2944 269 3022 5
310 2944 537 3043 ἀμνὸς
587 2947 628 3025 5
677 2945 1038 3045 ἀληθινὸς,
1076 2947 1118 3026 5
1169 2946 1382 3031 αὐτὸς
1435 2949 1476 3027 5
1525 2944 1821 3045 ἅμωμός
1856 2980 1934 3025 τε
1985 2947 2103 3025 καὶ
2144 2946 2404 3030 ἄκακος
2438 2947 2641 3051 ἀρχι-

226 3065 448 3170 ερεὺς,
490 3068 624 3174 οὐχ
675 3068 851 3172 ὑπὲρ
902 3070 1100 3150 ἰδίων
1143 3070 1792 3170 πλημμελημάτων
1830 3074 2238 3171 ἶερουργῶν,
2274 3070 2642 3172 κρείσσων

225 3188 370 3294 γὰρ
406 3190 496 3291 ἦν
531 3193 882 3294 ἁμαρτίας
935 3196 1031 3278 ὦς
1070 3193 1276 3289 Θεὸς,
1311 3195 1482 3273 ἀλλ’
1522 3194 1641 3274 ἵνα
1691 3192 1891 3298 λύσῃ
1940 3192 2074 3293 τὴν
2119 3193 2475 3296 ἁμαρτίαν
2510 3201 2640 3273 τοῦ

222 3313 531 3413 κόσμου·
592 3315 847 3418 γε’γονε
882 3317 1119 3396 τοίνυν
1146 3316 1359 3401 αὐτὸς
1393 3320 1522 3415 τῆς
1559 3317 1740 3400 ἰδίας
1773 3322 2207 3423 προσφορᾶς
2246 3313 2635 3419 ὶερουργός·

116 3463 196 3524 25
225 3438 311 3517 οὗ
346 3436 493 3540 γὰρ
528 3437 669 3517 ἔδει
705 3436 942 3519 κοινὸν
977 3438 1362 3542 ἄνθρωπον
1396 3439 1529 3539 τὴν
1565 3437 1746 3543 ὑπὲρ
1787 3444 1916 3540 τῆς
1965 3447 2092 3519 τοῦ
2143 3438 2424 3540 κόσμου
2458 3438 2638 3541 ζωῆς

225 3561 491 3640 θυσίαν
528 3568 1065 3665 προσενεγκεῖν.

321 3679 634 3767 Ἀλλως
692 3682 770 3763 δὲ
826 3685 906 3763 τί
956 3691 1189 3790 φησιν
1249 3688 1290 3766 5
1348 3682 1698 3789 μακάριος
1756 3692 2075 3785 Παῦλος,
2133 3686 2637 3787 δοκιμάσωμεν

225 3806 740 3910 ἀκριβέστερον
809 3817 854 3855 “
885 3807 1406 3909 Κατανοήσατε
1462 3808 1590 3889 τὸν
1655 3808 2078 3891 ἀπόστολον
2131 3813 2251 3891 καὶ
2305 3810 2635 3916 ἀρχιερέα

226 3937 271 3976 “
304 3933 435 4028 τῆς
498 3931 892 4031 ὁμολογίας
952 3932 1178 4032 ἡμῶν,
1240 3932 1571 4013 τουτέστι
1631 3931 1717 4013 τὸ
1779 3936 1976 4038 ῥῆμα
2034 3937 2161 4032 τῆς
2219 3934 2535 4018 πίστεως
2591 3931 2633 4014 ὃ
2657 3959 2807 4010 Rom
2830 3977 2878 4010 x.
2899 3959 2946 4009 8.

14 4121 15 4152 5
108 4089 198 4146 30
225 4062 268 4100 “
307 4052 843 4156 κηρύσσομεν·”
901 4055 978 4136 τί
1033 4056 1274 4136 τοίνυν
1329 4060 1681 4160 ἶερουργεῖ
1730 4057 1957 4164 ἑαυτῷ
2016 4059 2134 4137 καὶ
2186 4062 2291 4163 τῷ
2342 4055 2623 4160 Πατρί;

294 4284 350 4339 3.
386 4266 551 4336 ἱερεὺς
571 4267 629 4325 b.
897 4266 1088 4341 15-26‚
1113 4285 1168 4339 p.
1192 4266 1317 4336 468.
1349 4285 1433 4335 10,
1464 4281 1548 4337 15,
1580 4268 1646 4325 16
1671 4270 1779 4326 fere
1802 4268 2057 4325 exhibent
2080 4269 2207 4326 alibi
2230 4287 2301 4335 a„
2323 4267 2362 4325 b
2387 4268 2478 4324 fol.
2504 4269 2630 4393 333,

227 4338 374 4392 unde
398 4356 562 4421 nnplja
582 4357 640 4410 p.
665 4337 771 4405 406
796 4347 911 4394 not.
936 4339 1158 4395 exhibui
1181 4340 1388 4409 etipse.
1538 4358 1619 4412 19.
1647 4343 2040 4466 ezawfipaxiffi.
2065 4341 2224 4414 ἐλαίῳ
2245 4342 2421 4413 βραχῆ
2446 4339 2501 4393 b.

230 4424 316 4464 21.
353 4411 384 4463 ὁ
408 4417 628 4464 tertuum
653 4427 835 4464 mum
938 4428 992 4464 m
1017 4427 1084 4464 ex
1107 4408 1165 4465 b.
1189 4412 1220 4464 ὁ
1243 4411 1396 4467 αὐτὸς
1419 4410 1508 4480 ἅμ.
1532 4428 1581 4467 a.
1606 4412 1760 4469 αὐτὸς
1783 4413 1813 4466 ὁ
1835 4411 1924 4482 ἅμ.
2038 4450 2052 4468 .
2331 4422 2423 4481 27.
2458 4408 2634 4467 ἄλλως

223 4479 281 4534 δι’
305 4489 649 4551 assumptum
671 4497 738 4536 ex
761 4498 813 4537 a.
906 4482 1012 4538 >ms
1036 4480 1091 4537 b.
1116 4490 1370 4536 neutrum
1396 4480 1501 4535 Ed.

1334 4584 1515 4653 302
