3269 5166
614 317 749 381 588
1283 320 1359 382 Β.
1406 315 1781 382 CYRILLI
1827 314 2351 380 ALEXANDR.

545 489 588 551 d
724 480 974 560 Ἀλλὰ
1041 481 1219 583 μηδὲ
1278 480 1499 563 ἐκεῖνό
1571 515 1755 565 τινες
1829 479 2454 586 φανταζέσθωσαν
2516 483 2774 575 κακῶς,
2833 476 3020 577 μήτε

610 600 755 703 μὴν
814 605 1366 703 ὖπονοείτωσαν,
1417 604 1527 685 ὅτι
1582 639 1670 685 το
1723 603 1985 685 ἑνωθὲν
2037 605 2141 712 τῷ
2178 602 2402 710 Λόγῳ
2456 609 2676 701 σῶμα
2733 608 2828 708 τῇ
2885 604 3020 700 τῆς

613 728 821 831 ἁγίας
856 727 1168 831 Τριάδος·
1201 727 1685 832 συγκέκραται
1721 726 1969 834 φύσει.
2036 725 2410 832 ἀμήχανον
2442 725 2585 829 γὰρ
2619 723 2754 826 τὴν
2789 726 3022 829 ἀπόῤ-

608 853 829 953 ρητον
874 852 1143 952 ἐκείνην
1186 855 1307 932 καὶ
1355 854 1687 955 ὑπερφυᾶ
1729 853 1846 931 καὶ
1890 850 2160 934 παντὸς
2207 853 2532 932 ἐπέκεινα
2567 853 2686 929 καὶ
2731 856 2860 928 νοῦ
2897 851 3021 928 καὶ

613 971 841 1077 λόγου
893 1009 1278 1076 νοουμενην
1317 977 1596 1072 οὐσίαν,
1633 973 2063 1078 προσθήκην
2109 974 2272 1054 τινὰ
2323 976 2442 1053 καὶ
2495 973 2828 1086 μάλιστα
2881 973 3021 1073 τὴν
3049 1002 3084 1063 5

612 1098 879 1205 ἔξωθεν
937 1134 1054 1180 και
1118 1095 1363 1202 ἑτέρας
1420 1096 1714 1204 φύσεως
1774 1097 2127 1179 δύνασθαι
2179 1104 2456 1193 λαβεῖν.
2530 1095 2690 1176 ἔστι
2741 1094 2886 1198 γὰρ
2942 1098 3023 1176 ἐν

611 1228 760 1306 τοῖς·
796 1224 964 1303 καθ’
1003 1219 1260 1323 ἑαυτὴν
1293 1221 1703 1319 παντελεία,
1739 1223 1858 1301 καὶ
1885 1223 2044 1301 οὔτε
2080 1221 2379 1318 μείωσιν
2404 1218 2802 1325 ἐπιδέχεταί
2833 1254 3022 1316 τινα,

614 1344 733 1425 διὰ
787 1343 873 1427 τὸ
920 1346 1286 1449 ἀτρέπτως
1338 1347 1454 1425 καὶ
1508 1343 2018 1453 ἀναλλοιῶτως
2073 1343 2261 1449 ἔχειν
2310 1346 2436 1442 ἀεὶ,
2491 1346 2652 1423 οὔτε
2707 1341 2856 1442 μὴν
2917 1348 3022 1427 ὡς

615 1468 805 1573 ἔφην
873 1469 1296 1573 προσθήκης·
1358 1466 1452 1547 ἂν
1525 1466 1754 1548 δεόιτό
1817 1501 2032 1551 τινος.
2122 1474 2719 1570 περιττολογοῦσι
2773 1467 3021 1548 τοίνυν

556 1617 592 1658 ⁶
616 1597 682 1672 οὶ
716 1594 795 1671 ε’κ
829 1597 1118 1691 πολλῆς
1154 1593 1461 1689 ἀμαθίας
1494 1590 1680 1671 κατὰ
1704 1589 2120 1693 σύγκρασιν
2147 1592 2373 1693 ἤγουν
2407 1590 2905 1670 συνουσίωσιν
2942 1592 3021 1669 ἐν
3053 1615 3126 1654 10

613 1721 707 1820 τῇ
757 1715 980 1820 φύσει
1024 1720 1154 1816 τῆς
1206 1717 1416 1817 ἁγίας·
1468 1714 1782 1818 Τριάδος
1841 1719 2172 1820 χωρῆσαι
2235 1748 2317 1794 το
2381 1720 2601 1815 σῶμα
2658 1712 3020 1815 λέγοντες.

614 1838 1020 1937 διακείμεθα
1070 1837 1216 1941 γὰρ
1266 1841 1402 1944 οὐχ
1461 1840 1687 1923 οὕτως
1745 1840 2183 1938 ἡμεῖς,αλλ
2180 1836 2487 1941 ὀρθὴν
2549 1836 2808 1942 ἔχομεν
2855 1839 3024 1939 περὶ

614 1970 744 2040 τοῦ
801 1960 1095 2042 πάντων
1147 1963 1352 2061 ἡμῶν
1399 1966 1738 2064 Σωτῆρος
1788 1968 2120 2065 Χριστοῦ
2163 1959 2297 2061 τὴν
2339 1960 2586 2068 δόξαν.
2663 1964 3023 2063 ε’νανθρω-

614 2088 850 2183 πῆσαι
888 2084 1034 2189 γάρ
1070 2091 1311 2191 φαμεν
1348 2084 1566 2167 αὐτὸν
1600 2085 1730 2166 τὸν
1768 2090 2151 2189 Μονογενῆ
2187 2094 2316 2165 τοῦ
2352 2090 2545 2166 Θεοῦ
2584 2084 2856 2188 Λόγον,
2892 2087 3024 2166 οὐκ

280 2240 415 2296 392
441 2238 523 2294 A.
557 2253 594 2291 a
618 2213 718 2293 εἷς
777 2208 1022 2313 σάρκα
1093 2208 1227 2310 τὴν
1292 2210 1475 2290 ἰδίαν
1538 2210 2129 2309 μεταποιήσαντα
2189 2211 2438 2314 φύσιν,
2505 2210 2676 2288 ἀλλ’
2746 2212 2829 2288 ἐκ
2891 2213 3023 2309 τῆς
3055 2235 3121 2294 15

620 2334 832 2435 ἁγίας
885 2333 1243 2435 παρθένου
1293 2331 1623 2428 λαβόντα
1673 2329 1914 2432 αὐτὴν,
1953 2331 2224 2439 ἥξοντα
2271 2368 2350 2413 τε
2396 2331 2541 2413 σὺν
2575 2333 2782 2438 αὐτῇ,
2819 2333 3025 2432 πλὴν

620 2459 696 2535 ἐν
731 2461 823 2560 τῇ
861 2454 1043 2563 δόξῃ
1078 2466 1206 2537 τοῦ
1248 2456 1540 2559 Πατρὸς
1577 2455 1760 2554 μετὰ
1792 2461 1937 2536 τῶν
1972 2457 2197 2559 ἁγίων
2234 2455 2590 2559 ἀγγέλων.

350 2680 444 2743 33²
470 2678 537 2726 A.
563 2694 592 2726 e

502 2762 588 2825 Z'.
1075 2768 1215 2828 Πῶς
1244 2762 1360 2845 χρὴ
1390 2767 1658 2828 νοεῖσθαι
1687 2765 1757 2828 τό
1781 2760 1859 2829 ‘0
1889 2765 2087 2847 Λόγος
2117 2762 2276 2846 σὰρξ
2298 2762 2560 2848 ἐγένετο.

1550 2980 2086 3042 ΕΠῙΛΎΣΙΣ.

734 3138 1032 3243 Ἐπειδὴ
1099 3141 1196 3240 δὲ,
1261 3145 1358 3227 ὡς
1427 3141 1799 3241 μανθάνω,
1866 3144 2444 3245 προσποιοῦνταί
2504 3179 2687 3230 τινες
2752 3149 3028 3249 ἐρωτᾶν
3054 3180 3121 3220 20

283 3302 414 3358 333
443 3301 522 3357 A,
558 3318 595 3356 a
622 3266 708 3348 τό
744 3268 850 3349 Τί
880 3265 972 3348 ἂν
1007 3267 1112 3368 εἵη
1149 3264 1195 3367 ἢ
1235 3262 1423 3346 κατὰ
1462 3268 1621 3347 τίνα
1660 3274 1916 3346 νοεῖται
1959 3265 2231 3370 τρόπον
2277 3267 2363 3348 τό
2397 3269 2494 3349 Ὁ
2544 3266 2770 3371 λόγος
2823 3267 3031 3379 σὰρξ

698 3505 746 3543 1.
799 3488 962 3542 ε’κεῖνό
995 3509 1130 3544 τινες
1164 3494 1217 3541 et
1251 3485 1700 3557 φανταζέσθωσαν
1734 3491 1898 3544 κακῶς
1931 3486 2036 3541 hoc
2075 3485 2265 3542 ordine
2299 3488 2370 3544 A.
2406 3487 2461 3542 Ν
2464 3488 2636 3577 lceph
2759 3492 3021 3560 φανταζ
2981 3491 2999 3509 ’

621 3581 799 3613 τωσαν
824 3558 928 3613 Ed.
953 3559 1120 3612 invito
1149 3557 1219 3611 D.
1650 3574 1700 3612 2.
1736 3560 1809 3630 τῷ
1835 3560 1986 3630 Λόγῳ
2011 3563 2163 3628 σῶμα
2185 3563 2241 3612 et
2262 3558 2587 3650 *fis—<hvon
2612 3559 2715 3615 hoc
2738 3562 2933 3616 ordine
2952 3566 3020 3616 A.

624 3627 853 3709 Niceph.
879 3627 1043 3698 φύσει
1067 3634 1193 3683 ante
1216 3630 1305 3697 τῆς
1330 3627 1636 3719 mnsponit
1658 3626 1760 3682 Ed.
2185 3646 2238 3699 3.
2273 3632 2367 3698 τὴν
2383 3628 2725 3701 ἇπόῤῥητον’
2695 3633 2896 3701 εκείνην
2919 3632 3021 3686 hoc

620 3697 809 3755 ordine
832 3700 900 3752 A.
928 3696 1154 3768 Nicepb.
1491 3712 1644 3768 5·¹'⁷1
1646 3720 1675 3751 ν
1697 3698 1765 3753 A.
1770 3698 1841 3752 D.
1867 3696 2099 3769 Niceph.
2123 3701 2215 3768 τῆς
2240 3699 2343 3754 Ed.
2653 3716 2705 3771 7.
2740 3703 2932 3770 ἑαυτὴν
2954 3704 3020 3757 A.

622 3769 676 3824 N
680 3767 851 3838 lceph
900 3769 1082 3822 ἑαυτὸν
1131 3768 1202 3822 D.
1247 3766 1352 3823 Ed.
1493 3769 1712 3834 μείωσιν
1751 3769 2044 3852 ἐπιδεχεταί
2072 3721 2408 3895 ἑεπιδὲξεταί
2455 3767 2714 3842 Νἰσερῇ.]
2757 3794 2876 3827 τινα
2919 3773 3022 3828 hoc

623 3838 811 3894 ordine
835 3837 903 3892 A.
929 3837 1154 3909 Nioeph.
1177 3860 1291 3893 τινα
1314 3847 1436 3892 ante
1458 3839 1675 3906 μείωσιν
1699 3839 1999 3909 transponit
2024 3838 2071 3893 E
2455 3858 2540 3896 10.
2577 3843 2627 3895 οἱ
2650 3860 2760 3896 om.
2789 3843 3023 3924 Nioeph.

624 3906 906 3980 σύγκρισιν
942 3908 1068 3977 (sic)
1107 3909 1176 3963 A.
1306 3909 1661 3963 συνουσίωσιν
1700 3910 1769 3964 A.
1774 3909 1850 3963 D.
1850 3857 2118 3980 Nicepb.
2162 3911 2448 3966 συνουσίαν
2491 3911 2594 3966 Ed.
2687 3913 2886 3968 Statim
2925 3921 3026 3969 τῶν

624 3978 751 4034 add.
781 3978 882 4033 Ed.
906 3978 1332 4049 repugnantibus
1359 3980 1428 4034 A.
1434 3979 1503 4033 D.
1531 3977 1759 4048 Niceph.
2143 3998 2226 4052 3.1
2262 3981 2902 4068 ‘’noemam—Absor
2923 3984 3028 4039 hoc

627 4049 814 4104 ordine
838 4050 906 4104 A.
931 4049 1320 4120 ε’νανθρωπῆσαι
1346 4051 1448 4120 γὰρ
1473 4050 1629 4104 αυτόν
1652 4052 1827 4120 φαμεν
1849 4052 1940 4105 τὸν
1964 4058 2038 4104 Μ.
2072 4054 2166 4105 τοῦ
2202 4054 2338 4105 θεοῦ
2375 4054 2545 4123 Λόγον
2580 4052 2813 4123 Nicepb.
2850 4056 3029 4125 φαμὲν

623 4122 727 4191 γὰρ
762 4120 918 4174 αυτὸν
956 4122 1048 4174 τὸν
1082 4122 1332 4189 μονογενῆ
1370 4122 1533 4191 λόγον
1569 4120 1961 4190 ἐνανθρωπῆσαι
1998 4124 2092 4175 τοῦ
2130 4125 2266 4176 Θεοῦ
2279 4121 2428 4246 lgr&
2464 4124 2598 4177 θεὸν
2633 4122 2769 4195 Ed.]
2813 4125 2888 4179 D.
2927 4125 3028 4180 Ed.

629 4206 713 4262 15.
748 4190 1164 4260 μεταποιήσαντα
1187 4189 1355 4260 φύσιν
1377 4190 1481 4245 hoc
1504 4190 1692 4245 ordine
1714 4192 1783 4245 A.
1812 4190 1864 4243 Ν
1869 4191 2041 4262 nceph
2398 4193 2537 4261 πλὴν
2559 4194 2626 4249 A.
2629 4201 2688 4249 P.
2694 4122 2769 4249 D]
2797 4195 2869 4249 N
2854 4213 2938 4251 1oe

620 4264 783 4317 πάλιν
807 4260 911 4316 Ed.
1296 4275 1378 4332 1.7
1414 4259 1878 4333 μετὰ-ἀγγέλων]
1905 4263 2033 4330 μετὰ
2057 4264 2149 4331 τῆς
2170 4266 2272 4317 τῶν
2294 4262 2454 4333 ἁγίων
2475 4263 2715 4335 ἀγγέλων
2736 4265 2904 4352 δόξης
2955 4269 3029 4321 sic

577 4345 584 4352 ·
624 4333 778 4400 δόξης
802 4330 1069 4402 repetens)
1097 4339 1154 4387 P.
1553 4332 1636 4385 18.
1673 4332 1775 4414 χρὴ
1803 4333 2034 4387 νοεῖσθαι
2056 4335 2119 4386 τό
2144 4333 2212 4386 A.
2238 4332 2448 4388 favente
2471 4344 2525 4389 et
2549 4342 2606 4389 Γ.
2628 4335 2846 4403 nom-io»
2868 4341 2934 4392 τὸ
2959 4337 3029 4419 D.

623 4425 768 4471 νοητε
759 4403 831 4457 ὀν
855 4401 958 4456 Ed.
1160 4411 1197 4455 Ζ
1234 4420 1291 4455 re
1364 4401 1449 4456 eui
1473 4419 1538 4456 ex
1563 4403 1807 4473 analogm
1831 4410 1886 4457 Γ.
1927 4419 1963 4453 ι·
1987 4401 2202 4457 exhibet
2225 4404 2274 4457 A
2302 4422 2411 4474 mg.
2630 4421 2714 4476 19.
2755 4407 2842 4461 lta
2884 4410 2936 4462 A
2973 4408 3030 4462 in

616 4473 881 4556 margine.
910 4480 965 4524 Γ.
993 4474 1184 4541 κεφαλ.
1212 4494 1273 4525 ιε.
1905 4489 1994 4527 20.
2029 4476 2435 4542 προσποιοῦνταί
2457 4496 2587 4530 τινες
2611 4474 2714 4529 hoc
2737 4477 2937 4533 ordine
2960 4479 3029 4533 A.

625 4558 710 4598 21.
748 4565 853 4597 νοει
835 4544 937 4595 ‘irat
963 4544 1155 4610 τρόπον
1179 4543 1281 4596 hoc
1309 4512 1495 4596 ordine
1520 4544 1587 4598 A.
