3269 5166
242 367 357 411 xv.
382 365 470 428 42
500 368 638 432 sqq.
729 343 838 409 IN
889 345 1021 410 ΕΡ.
1069 344 1129 408 1.
1181 343 1308 408 AD
1360 342 1951 410 CORINTHIOS.
2027 344 2199 410 ΗΒ.
2233 345 2393 410 VII.
2526 347 2655 411 313

2788 449 2820 497 8
2844 449 2919 497 Μ.

245 519 295 559 “
332 511 528 618 αὐτῷ
565 512 788 592 ἐστιν·
846 511 890 590 5
926 507 1003 590 δὲ
1051 511 1528 611 πνευματικὸς
1575 512 1930 614 ἀνακρίνει
1980 511 2112 609 μὲν
2145 508 2406 608 πάντα,
2443 510 2656 596 αὐτὸς
2709 449 2783 514 [7
2947 448 2973 513 ]

247 644 295 682 “
333 632 412 715 δε
463 633 579 715 ὑπ’
619 632 904 720 οὐδενὸς
956 635 1450 738 ἀνακρίνεταιῖ
1454 634 1782 735 ’ἐπειδὴ
1827 633 1996 714 δὲ’
1951 670 2041 735 ην
2078 635 2479 715 ἀκόλουθον
2528 633 2656 714 τὸν

246 760 367 838 ἐπὶ
423 760 605 865 τῷδε
662 756 890 859 λόγον
937 760 1055 838 καὶ
1110 756 1227 838 διὰ
1279 760 1729 863 πραγμάτων
1782 761 2153 857 ἐμπεδοῦν,
2207 758 2657 863 προσεποίγει

250 916 370 961 και
356 881 688 986 ”φησιν
695 881 966 985 Εγένετο
1005 891 1036 964 οε
1073 918 1328 990 πρωτος
1363 882 1698 990 ἅνθρωπος
1731 862 1970 988 Ἀὃοιμ
2009 890 2102 968 εἰς
2137 877 2378 991 ψυχην
2406 882 2656 992 ζῶσαν,
2681 918 2784 952 ver·
2808 915 2890 967 45-

178 1027 222 1090 5
252 1013 283 1087 ὅ
326 1005 623 1105 ἔσχατος
687 1001 927 1112 Ἀδὰμ
994 1013 1087 1093 εἷς
1150 1008 1420 1113 πνεῦμα
1486 1008 1859 1116 ζωοποιοῦν.
1955 1003 2273 1113 ψυχικὸν
2334 1006 2465 1107 μὲν
2531 1007 2657 1085 οὖν

250 1127 589 1228 ὠνόμασε
638 1128 768 1210 τὸν
820 1126 1085 1228 Ἀδάμ·
1165 1138 1378 1210 τοῦτο
1429 1130 1576 1233 γὰρ
1630 1127 1833 1229 οἶμαί
1882 1132 2042 1210 ἐστι
2094 1128 2180 1209 τὸ
2240 1135 2337 1214 εἷς
2403 1129 2658 1237 ψυχὴν

248 1257 694 1352 πεποιῆσθαι
731 1250 995 1358 ζῶσαν,
1026 1256 1123 1337 ὡς
1159 1255 1287 1334 οῦκ
1324 1259 1421 1339 εἶς
1457 1252 1652 1334 ἅπαν
1686 1251 2256 1355 ἀπηλλαγμένον
2291 1260 2657 1350 σαρκικῶν
2684 1278 2723 1334 '7
2729 1278 2770 1332 9
2803 1274 2900 1332 Π.

251 1379 667 1475 ἐπιθυμιῶν·
737 1377 820 1458 αἵ
857 1412 935 1459 τε
970 1376 1114 1481 γὰρ
1150 1377 1418 1486 ὀρέξεις
1452 1384 1528 1458 ἀἱ
1562 1374 1745 1479 πρὸς
1781 1375 1875 1457 τὰ
1909 1382 2035 1476 τῆς
2071 1375 2344 1479 σαρκὸς
2385 1378 2665 1481 ὀρῶσαί

254 1534 338 1580 τε
372 1503 492 1581 καὶ
527 1503 1003 1605 τετραμμέναι
1036 1502 1259 1603 πάθη,
1287 1501 1421 1582 κᾶν
1457 1507 1518 1583 εἶ
1554 1502 1775 1602 νόμον
1811 1501 2038 1608 ἔχοιεν
2073 1499 2202 1582 τὸν
2227 1502 2662 1605 συνήγορον,

143 1661 231 1704 ιο
255 1626 430 1704 ἀλλ’
489 1627 615 1706 οὖν
670 1622 803 1706 εἶεν
858 1623 950 1707 ἂν
1003 1624 1187 1707 κατά
1252 1659 1337 1728 γε
1396 1624 1482 1706 τὸ
1546 1625 1812 1726 ἀληθὲς
1874 1630 2222 1729 σαρκικῆς
2285 1628 2660 1712 ἀσθενείας

254 1747 697 1852 ἐγκλήματα,
736 1755 795 1830 εἰ
847 1748 1031 1853 πρός
1086 1785 1171 1853 γε
1226 1748 1358 1849 τὴν
1400 1755 1546 1830 τῶν
1581 1750 1960 1853 δρωμένων
2004 1752 2192 1854 ὁρῶν
2234 1784 2340 1835 τις
2399 1749 2657 1855 φύσιν.
2683 1765 2813 1815 forte
2834 1763 2939 1828 ὁρῶ-

255 1870 412 1954 οἷον
465 1872 555 1973 δή
609 1909 680 1954 τι
735 1874 930 1979 φημί
988 1882 1034 1921 “
1059 1874 1314 1972 Τίμιος
1362 1875 1402 1952 5
1444 1874 1677 1976 γοίμος
1725 1875 1843 1953 καὶ
1900 1874 1946 1973 ἡ
2000 1874 2199 1974 κοίτη
2258 1876 2655 1973 ἀμίαντος·”
2686 1902 2935 1953 nahmi.
2951 1921 2996 1964 4.

255 1997 885 2099 e'yxaraBesBAmae
931 1995 1074 2101 γὰρ
1109 1999 1200 2104 τῇ
1253 2006 1378 2077 τοῦ
1412 1996 1752 2095 σώματος
1789 1997 2010 2104 φύσει
2054 1997 2255 2102 παρὰ
2302 2007 2431 2078 τοῦ
2479 1997 2657 2078 πάν·

256 2154 408 2200 των
461 2124 896 2224 δημιουργοῦ
952 2123 1232 2223 κίνησις
1285 2121 1631 2224 ὀρεκτικὴ,
1689 2125 2124 2202 διανιστᾶσα
2185 2118 2269 2202 τὸ
2325 2120 2505 2228 ζῶον
2566 2127 2663 2205 εἰς

151 2273 233 2334 15
258 2245 716 2332 παιδοποιίας
761 2245 1040 2401 εφεσιν·
1125 2244 1392 2351 εἴρηται
1439 2280 1583 2400 γαρ
1616 2246 1799 2350 πρὸς
1841 2244 1974 2326 τὸν
2004 2245 2385 2397 ανθρωπον
2430 2258 2474 2294 “
2505 2247 2656 2326 Αὐ-
2692 2259 2816 2306 Gen.
2842 2273 2873 2305 ¹·
2904 2256 2981 2304 28·

260 2379 307 2418 “
344 2368 658 2477 ξᾶνεσθε
714 2373 832 2450 καὶ
885 2369 1346 2471 πληθύνεσθε
1401 2371 1518 2450 καὶ
1575 2369 2018 2473 πληρώσατε
2075 2369 2209 2470 τὴν
2261 2372 2460 2472 γῆν·”
2547 2373 2662 2449 καὶ

261 2495 305 2574 5
341 2493 644 2580 πλάσας
703 2492 800 2595 δέ,
855 2497 1109 2601 φησιν,
1164 2496 1240 2574 ἐν
1290 2498 1500 2601 ἀρχῇ,
1563 2504 1609 2541 “
1637 2493 1862 2599 ἄρσεν
1916 2528 2034 2574 και
2086 2498 2274 2595 θῆλυ
2330 2494 2663 2596 ἐποίησεν
2689 2512 2738 2561 S·
2757 2510 2946 2560 Matth-

262 2629 307 2667 ‘⁶
342 2618 665 2705 αι’ντούς.”
741 2619 992 2698 οὐκοῦν
1028 2619 1521 2703 ἀκαταιτίατος
1564 2654 1697 2718 μεν
1732 2620 1778 2720 ἡ
1814 2624 1912 2705 εἷς
1947 2618 2168 2718 μόνον
2205 2622 2454 2723 ὁρῶσα
2487 2655 2657 2700 παι·
2689 2579 2792 2628 ὼ
2811 2595 2858 2643 ⁴

265 2742 594 2824 δοποιΐαν
658 2742 936 2849 ἔφεσις·
1017 2741 1216 2843 πλὴν
1287 2741 1468 2823 ὅσον
1531 2743 1700 2845 ἧκεν
1763 2749 1859 2827 εἶς
1918 2742 2050 2843 τὴν
2110 2751 2238 2823 τοῦ
2308 2744 2668 2847 δρωμένου

154 2898 239 2940 20
263 2866 515 2971 φύσιν,
553 2866 658 2966 εἴη
696 2863 787 2946 ἂν
821 2863 1172 2969 σαρκικὸν
1205 2861 1291 2945 τό
1327 2863 1558 2950 πάθος
1592 2865 1753 2966 ἤτοι
1786 2865 2130 2975 ψυχικόν·
2203 2868 2386 2947 οὕτω
2423 2866 2512 2967 δὴ
2549 2871 2668 2947 καὶ

261 2993 381 3072 ἐπὶ
424 2997 574 3071 τῶν
609 2990 865 3071 ἄλλων
902 2987 1366 3090 ἀδιαβλήτων
1399 2997 1678 3073 παθῶν.
1751 2992 2006 3071 οὐκοῦν
2043 3000 2132 3077 εἰς
2173 2991 2392 3099 ζῶα-αν
2427 2986 2667 3100 Ικικυχῗιν

264 3122 295 3196 ὁ
332 3111 596 3224 πρῶτος
638 3113 969 3224 ἄνθρωπος
1005 3121 1081 3226 A
1093 3109 1265 3220 δαίμ·
1325 3115 1365 3194 5
1417 3114 1503 3193 δέ
1542 3149 1628 3216 γε
1685 3116 2005 3217 δεύτερος
2062 3119 2176 3193 καὶ
2233 3114 2322 3220 ἐξ
2365 3116 2669 3215 οὐρανοῦ

261 3237 601 3318 τουτέστι
633 3239 960 3343 Χριστὸς
1015 3239 1145 3319 οὐκ
1199 3244 1296 3323 εἶς
1353 3236 1606 3346 ψυχὴν
1660 3245 1969 3336 μᾶλλον,
2023 3239 2192 3316 ἀλλ’
2248 3246 2337 3324 εἰς
2395 3241 2672 3340 πνεῧμοο

263 3361 519 3464 γέγονε
576 3363 940 3471 ζωοποιοῦν·
1031 3361 1312 3447 {velum-
1364 3359 1509 3465 γὰρ
1566 3362 1794 3470 ἑαυτῷ
1848 3360 1933 3443 τὸ
1990 3361 2440 3465 ἀνθρώπινον
2496 3362 2536 3440 5
2593 3365 2668 3441 ἐκ

156 3509 238 3572 25
267 3489 465 3565 Θεοῦ
506 3482 798 3589 Πατρὸς
831 3483 1170 3591 πεφηνῶς
1209 3484 1393 3565 κατὰ
1430 3484 1662 3592 φύσιν
1699 3481 1884 3570 Θεὸς
1923 3484 2185 3588 Λόγος,
2222 3487 2305 3565 οὐ
2341 3483 2473 3584 τὴν
2509 3486 2666 3565 καθ’

266 3608 460 3709 ἡμᾶς
495 3609 968 3712 ἀνθρωπίνην,
1005 3607 1208 3690 ἀλλὰ
1238 3610 1437 3691 θεῖοίν
1471 3644 1631 3691 τινα
1670 3613 1787 3690 καὶ
1824 3613 2178 3714 θεοπρεπῆ
2217 3612 2334 3689 καὶ
2371 3607 2670 3708 ἀμώμη-

266 3765 397 3813 τον
432 3739 807 3820 παντελῶς
843 3733 1085 3830 διεβίω
1129 3731 1338 3835 ζωήν·
1409 3734 1493 3812 οὐ
1543 3731 1687 3836 γὰρ
1721 3733 2054 3831 ἐποίησεν
2089 3732 2467 3835 ἁμαρτίαν,
2504 3732 2667 3809 ἀνέ-

265 3862 525 3962 παφον
586 3855 717 3957 μὲν
770 3857 1053 3956 ἡδοναῖς
1106 3854 1425 3941 ἐκτόποις
1482 3856 1667 3961 ἔχων
1714 3854 1842 3935 τὸν
1898 3863 2087 3953 νοῦν,
2141 3856 2538 3954 ἐπιθυμίαις
2596 3855 2672 3935 δὲ

266 3987 426 4066 ταῖς
464 3987 611 4061 τῶν
646 3982 1010 4079 ἐδωδίμων
1046 3981 1180 4085 οὐχ
1216 3979 1620 4078 ἁλώσιμον·
1694 3985 1753 4058 εὶ
1790 3978 1934 4082 γὰρ
1985 3982 2103 4059 καὶ
2160 3982 2410 4083 ὁρᾶται
2465 4014 2668 4079 μετε-

158 4150 245 4208 30
266 4101 565 4210 σχηκῶς
600 4107 880 4209 τροφῆς
913 4106 1031 4184 καὶ
1058 4111 1305 4203 ποτοῦ,
1342 4101 1461 4183 διά
1496 4137 1606 4184 τοι
1643 4102 1729 4184 τὸ
1764 4103 2233 4184 πιστεύεσθαι
2271 4102 2453 4182 κατὰ
2480 4102 2664 4204 ἀλή-

264 4236 469 4310 θειαν
504 4223 682 4309 εἶναι
726 4228 1101 4331 ἅνθρωπος
1145 4229 1312 4308 καθ’
1347 4227 1553 4329 ἡμᾶς,
1593 4229 1764 4309 ἀλλ’
1805 4228 1930 4309 οὖν
1965 4226 2340 4331 ἐλευθέραν
2376 4230 2678 4308 ἐποιεῖτο

259 4351 398 4454 τὴν
459 4351 779 4460 μέθεξιν·
861 4349 952 4452 ἦν
1007 4350 1143 4453 μὲν
1200 4351 1342 4454 γὰρ
1403 4355 1479 4431 ἐν
1535 4356 1756 4455 σαρκὶ
1817 4353 1902 4432 δι’
1943 4353 2129 4452 ἡμᾶς
2198 4356 2672 4450 οἰκονομικῶς,

264 4478 442 4581 ὑπὲρ
497 4477 751 4581 σοι’ρκα
804 4473 875 4556 δὲ
924 4475 1175 4558 πάλιν·
1241 4478 1511 4582 πνεῦμα
1547 4474 1693 4578 γὰρ
1743 4472 1834 4576 ἦν
1885 4477 2193 4585 ζωοποιὶν
2232 4479 2327 4559 ὡς
2367 4472 2570 4555 Θεός·
2631 4475 2674 4551 5

349 4619 496 4666 vot„
525 4619 635 4665 111.
1470 4617 1500 4662 s
1531 4621 1561 4662 g
