3269 5166
576 343 1141 411 FRAGMENTA
1186 344 1550 409 CONTRA
1604 343 2301 409 SYNOUSIASTAS.
2503 344 2587 406 47
2591 343 2634 408 ’7

237 506 426 593 Θεὸς
483 514 600 590 καὶ
642 515 906 614 Κύριος
959 519 1105 594 τῶν
1156 513 1370 612 ὅλων,
1406 519 1565 619 φῶς
1600 516 1716 592 καὶ
1756 511 1898 616 ζωὴ
1937 517 2055 592 καὶ
2104 513 2308 620 δόξα,
2342 512 2634 610 δύναμίς

233 664 310 710 τε
362 633 546 736 πρὸς
600 633 894 721 τούτοις·
952 637 999 736 ἡ
1045 637 1120 717 δὲ
1171 636 1344 738 ὅπερ
1396 634 1581 716 οἶδεν
1618 638 1849 716 οὖσαν
1886 636 2106 736 αὐτὴν
2143 641 2259 717 καὶ
2307 637 2627 716 ἀπαστι·

231 764 419 836 σοῦν
452 764 600 838 τῶν
642 759 1041 840 τελούντων
1090 764 1167 840 ἐν
1215 748 1638 863 ἀνθρῶποις.
1716 759 1890 840 ὅταν
1936 764 2172 842 τοίνυν
2220 757 2633 860 μεταβολὴν

231 882 572 982 γενέσθαι
620 892 751 963 τοῦ
786 882 1052 986 Λόγου,
1089 884 1222 984 τὴν
1256 891 1353 969 εἶς
1391 883 1551 965 τόδε
1601 883 1685 964 τὸ
1730 882 1978 988 γηῖνὸν
2016 891 2234 984 σῶμα
2272 883 2628 988 διισχυρί-

170 1045 207 1105 5
232 1004 518 1085 σωνταί
563 1039 770 1104 τινες,
802 1007 1029 1109 ἤγουν
1084 1009 1194 1089 ὅτι
1246 1011 1325 1088 ἐκ
1376 1013 1504 1109 τῆς
1553 1011 1807 1089 ἑαυτοῦ
1859 1009 2109 1091 οὐσίας
2144 1014 2366 1105 σῶμα
2420 1038 2628 1086 κατε·-

232 1128 595 1209 σκεύασεν
637 1131 864 1239 ἑαυτῷ
918 1138 1067 1217 τοῖς
1119 1132 1478 1235 ἡμετέροις
1531 1132 1878 1231 σώμασιν
1926 1128 2257 1236 ὃμοφυὲς,
2295 1126 2481 1212 Θεὸς
2535 1126 2636 1207 ὧν

234 1253 277 1330 ὃ
327 1251 591 1355 Λόγος,
646 1255 1235 1356 ὃμολογείτωσαν
1287 1252 1637 1358 πρότερον
1693 1259 1787 1339 ὡς
1843 1255 2127 1354 ἀπέστη
2182 1261 2310 1334 τοῦ
2363 1249 2538 1331 εἶναι
2592 1249 2635 1330 ὅ

233 1377 456 1455 ἐστιν·
513 1373 605 1475 ἦν
654 1374 749 1473 δὲ,
787 1380 884 1461 ὦς
938 1377 1148 1484 ἔφην,
1191 1377 1377 1462 Θεὸς
1431 1380 1548 1457 καὶ
1586 1376 2067 1481 Δημιουργὸς,
2104 1374 2244 1478 ζωὴ
2301 1380 2417 1456 καὶ
2456 1380 2634 1480 φῶς,

234 1495 418 1605 δόξα
471 1532 551 1578 τε
616 1501 735 1579 καὶ
793 1499 1110 1599 δύναμις·
1205 1500 1931 1596 διαβεβαιούσθωσαν
1988 1501 2063 1581 δὲ
2116 1499 2301 1603 πρὸς
2361 1498 2636 1582 τούτοις

138 1656 211 1697 ιο
235 1620 345 1701 ὅτι
387 1621 520 1702 τὸν
552 1630 702 1708 τοῖς
752 1632 1071 1727 γενητοῖς
1121 1623 1487 1729 πρέποντα
1534 1623 1850 1729 πάσχειν
1886 1623 2197 1705 ὄλισθον
2232 1623 2358 1703 οὐκ
2395 1619 2627 1702 ἀλλό-

234 1777 433 1847 τριον
472 1747 691 1826 αὐτοῦ
723 1749 841 1827 καὶ
874 1745 961 1827 τὸ
1003 1754 1152 1833 τοῖς
1186 1749 1527 1854 χείροσιν,
1561 1746 1609 1849 ἢ
1648 1747 1907 1850 οἷσπερ
1942 1748 2162 1842 ἔστιν,
2197 1749 2473 1846 ὁμιλεῖν
2509 1746 2636 1825 οὐκ

235 1867 779 1968 ἀνεπιτήδευτον
816 1870 983 1976 ἕχει.
1064 1868 1258 1971 οἶμαι
1314 1872 1389 1952 δὲ
1445 1876 1590 1952 δεῖν
1632 1874 2402 1974 πολυπραγμονεῖσθαι
2453 1866 2636 1971 πρὸς

237 1991 442 2091 ἡμῶν
475 1993 554 2073 τί
581 1992 666 2073 τὸ
700 1998 798 2079 εἷς
836 2002 1048 2075 τοῦτο
1094 2000 1527 2095 κατωθῆσαν
1565 1993 1803 2075 αὐτόν·
1882 1990 2024 2098 ἀρά
2059 2027 2165 2078 τις
2201 1991 2480 2094 ἀνάγκη
2517 1993 2635 2071 καὶ

238 2116 625 2223 πλεονεξία
658 2116 931 2202 πάθους
959 2116 1452 2223 ἐνσκήψασα·
1433 2180 1453 2216 ,
1499 2118 1726 2198 καίτοι
1759 2124 1915 2202 πῶς
1948 2117 2034 2197 οὐ
2060 2116 2636 2223 φρενοβλαβείας

139 2264 210 2325 15
239 2239 369 2345 ἀφ’
408 2239 495 2339 ἧς
546 2238 633 2320 τὸ
687 2236 820 2319 ὧδε
884 2242 1076 2321 ταῦτ’
1115 2242 1301 2347 ἔχειν
1356 2241 1641 2322 οιεσθαί
1695 2274 1939 2336 τινας;
1997 2240 2075 2320 εὖ
2137 2238 2280 2343 γάρ
2336 2241 2493 2320 ε’στι
2551 2237 2637 2318 τὸ

236 2361 473 2466 μεῖζὸν
507 2364 725 2443 αὐτοῦ
772 2369 889 2443 καὶ
938 2362 1070 2463 τὴν
1108 2367 1325 2446 αὐτοῦ
1375 2363 1605 2471 φύσιν
1639 2368 2162 2464 πλεονεκτῆσαι
2215 2363 2632 2463 δυνάμενον,

236 2486 387 2564 ἐπεὶ
439 2491 596 2570 πῶς
648 2489 850 2567 ἐστιν
887 2488 927 2567 ὃ
965 2484 1151 2572 Θεὸς
1190 2499 1233 2538 “
1260 2487 1343 2568 τὸ
1393 2487 1620 2588 ὄνομα
1669 2487 1753 2568 τὸ
1805 2486 1983 2592 ὑπὲρ
2022 2494 2170 2568 πᾶν
2204 2486 2481 2587 ὅνομα”
2521 2488 2637 2566 καὶ
2664 2480 2869 2568 pmii.
2889 2531 2938 2583 9.

236 2614 384 2688 τῶν
420 2608 781 2710 δυναμίων
821 2612 1131 2716 Κύριοςς
1192 2614 1362 2693 ἀλλ’
1402 2613 1531 2692 οὐκ
1579 2610 1858 2714 ἀνάγκη
1912 2610 2063 2712 μὲν,
2103 2611 2282 2697 ἴσως
2330 2614 2639 2714 ἐροῦσιν,

236 2732 737 2836 προαιρετικὴν
774 2732 850 2815 δὲ
898 2733 1176 2839 τροπὴν
1232 2735 1541 2816 καλέσαι
1594 2734 1776 2839 πρὸς
1830 2744 2063 2816 τοῦτο.
2147 2735 2307 2815 ἔστι
2363 2731 2441 2813 δὲ
2494 2740 2641 2813 τῶν

138 2892 215 2934 20
237 2854 629 2961 ἀμηχάνων
663 2861 781 2937 καὶ
828 2866 1041 2939 τοῦτο
1087 2865 1343 2940 παθεῖν
1377 2857 1618 2939 αὐτόν·
1680 2865 1835 2942 πῶς
1888 2893 2031 2961 γαρ
2080 2857 2126 2956 ἦ
2171 2858 2336 2937 θεία
2389 2891 2469 2936 τε
2522 2858 2641 2937 καὶ

237 2979 594 3083 ἀκήρατος
638 2979 862 3089 φύσις
912 2982 1191 3087 αἱρετὸν
1226 2981 1316 3063 ἀν
1351 2980 1748 3083 ἐποιήσατό
1793 3015 1864 3062 τι
1911 3014 2059 3060 των
2092 2981 2176 3060 οὐ
2219 2979 2642 3084 πρεπόντων
2711 3007 2716 3014 ·

235 3104 471 3208 “firm

1384 3259 1483 3353 β’.

351 3422 570 3502 Ἀλλ’
610 3420 788 3506 ἴσως
837 3423 1055 3502 ἐκεῖνο
1109 3423 1400 3525 ἐροῦσιν
1442 3422 1928 3530 ἀφραίνοντες,
1966 3425 2064 3507 ὡς
2110 3419 2464 3521 μετέβαλε
2510 3416 2644 3519 μὲν

136 3578 215 3641 25
241 3547 341 3629 εἷς
386 3542 629 3646 σάρκα
666 3543 852 3628 Θεὸς
899 3543 1001 3624 ὧν
1038 3547 1078 3624 ὃ
1118 3542 1381 3648 Λόγος,
1416 3545 1616 3646 πλὴν
1654 3549 1789 3651 οὐχ
1837 3544 2047 3644 ἅπας,
2082 3546 2241 3626 οὔτε
2291 3541 2437 3644 μὴν
2471 3541 2644 3626 ὅλος

243 3669 332 3747 δι’
373 3666 580 3748 ὅλου·
640 3668 867 3749 καίτοι
919 3674 1073 3751 πῶς
1125 3668 1207 3747 οὗ
1259 3672 1387 3768 τῆς
1441 3667 1758 3773 ἐσχάτης
1809 3668 2333 3773 ἐμβροντησίας
2388 3665 2640 3769 γένοιτ’

243 3788 335 3872 ἀν
385 3790 742 3898 ἀπόδειξις
800 3785 1124 3893 ἐναργὴς,
1160 3789 1244 3870 τὸ
1292 3793 1504 3872 ταῦθ’
1547 3792 1771 3875 οὕτως
1827 3789 2013 3896 ἔχειν
2063 3789 2347 3871 οἴεσθαί
2392 3823 2470 3868 τε
2527 3791 2643 3869 καὶ

243 3913 532 4017 λέγειν,
609 3919 901 4014 πρῶτον
951 3910 1084 4012 μὲν
1138 3910 1283 4015 γὰρ
1344 3913 1429 3993 τὸ
1488 3913 1713 4019 φάναι
1767 3920 2050 4011 τολμᾶν
2119 3917 2216 3998 ὡς
2271 3914 2406 4017 οὐχ
2456 3909 2647 3995 ἅπας

243 4039 405 4118 οὔτε
439 4038 585 4138 μὴν
620 4037 707 4116 δι’
748 4035 926 4117 ὅλου
955 4035 1374 4134 μετέβαλεν,
1410 4035 1567 4136 ἤτοι
1600 4034 1877 4139 τροπὴν
1913 4036 2256 4134 ὑπέμεινε,
2292 4034 2637 4138 μετρούν-

18 4219 19 4222 =
126 4207 217 4267 30
241 4197 387 4244 των
451 4160 653 4242 ἔστιν
716 4157 955 4258 αὐτὸν,
1019 4158 1566 4268 ἀποφαινόντων
1630 4159 1707 4239 δὲ
1772 4163 1889 4239 καὶ
1950 4156 2469 4260 πεποσωμένον
2532 4161 2648 4238 καὶ

2069 4299 2114 4342 0

312 4365 367 4420 3.
403 4347 529 4403 ὅταν
583 4346 744 4419 incip.
766 4345 806 4403 b
828 4344 924 4402 fol.
948 4362 1002 4418 9.
1212 4358 1262 4417 7.
1299 4348 1330 4400 ὁ
1329 4344 1712 4417 μολογῆτωσιιν
1735 4361 1783 4398 c.
1976 4360 2058 4398 10.
2094 4346 2327 4415 γενητοῖς
2349 4340 2647 4398 emendavi.

238 4435 704 4572 amm„
726 4503 775 4542 ο.
897 4432 920 4471 ¹
933 4433 981 4472 ¹
1016 4368 1523 4558 ”fff‘ssfflffi
1548 4414 1964 4558 δ”ἕὲὖῗρἷῗπφ
1989 4432 2036 4470 ⁰
2107 4500 2194 4540 20
2231 4414 2649 4564 παέἓειῖἱῖἔέι

240 4557 381 4631 (sic)
404 4557 784 4624 e.24.1oe
806 4560 901 4614 τοῦ
924 4557 1081 4614 αὐτοῦ
1103 4559 1268 4629 λόγου
1292 4555 1808 4627 1).ο.25.ὅλοσ
1832 4553 2127 4611 emendavi.
2152 4557 2182 4610 ὁ
2204 4556 2365 4625 λόγος
2391 4552 2516 4623 (εἰσ)
2538 4551 2594 4607 b.
2597 4567 2646 4607 ο.
