3269 5166
296 1378 455 1427 120.st
481 1390 526 1440 3.

628 318 755 379 532
1083 314 1158 376 Β.
1212 311 1585 375 CYRILLI
1653 311 2173 374 ALEXANDR.
2227 311 2566 374 FRAGM.

628 481 783 542 dum
830 478 1103 543 similem
1151 478 1488 540 rationem.
1596 476 1778 538 Nam
1822 477 1928 538 hio
1980 477 2238 559 quidem
2285 477 2628 558 crttctjfizms
2673 487 2768 539 est
2819 480 3045 558 utpote

626 595 686 646 et
718 585 1089 663 passionem
1126 580 1500 664 suscipiens,
1538 591 1598 643 et
1640 580 1812 662 liqna
1857 580 2102 663 affixus,
2147 590 2209 643 et
2251 580 2337 643 ab
2379 580 2657 644 Judaeis
2701 578 2998 643 detentus
3021 607 3042 642 .-

623 685 734 747 ille
765 695 995 759 autem,
1027 684 1197 767 quod
1225 692 1365 746 erat
1393 701 1537 744 cum
1564 682 1705 765 ipso
1733 681 2072 744 seeundum
2091 684 2508 765 praedictam
2535 703 2836 746 cau-sam.

697 938 967 1021 Insuper
996 943 1210 1001 autem
1240 937 1341 999 his
1370 934 1565 998 infert
1593 936 1813 998 statim
1844 934 2196 1017 proeedens,
2228 936 2393 1020 quod
2422 935 2763 1000 crucifixus
2794 934 2989 999 homo

1254 1047 1389 1102 erat
1419 1039 1659 1101 habens
1691 1037 1898 1102 Deum
1927 1037 2410 1103 inhabitantem.
3072 1049 3104 1107 5

1543 1223 1784 1284 Simon
1830 1221 2119 1287 CYRILLI.

726 1359 898 1423 Quid
928 1360 1100 1434 (licie,
1135 1382 1171 1422 o
1202 1358 1429 1422 fortis?
1518 1357 1634 1421 Dei
1678 1357 1961 1441 genitrix
1999 1365 2137 1421 erat
2176 1365 2395 1423 saneta
2423 1358 2651 1442 Virgo,
2682 1356 2852 1441 quod
2894 1361 3045 1420 nato

635 1485 711 1525 ex
743 1463 879 1546 ipsa
910 1462 1082 1526 Deus
1122 1462 1342 1538 inerat,
1377 1461 1672 1524 habitans
1702 1460 2041 1525 seeundum
2083 1461 2282 1525 solum
2313 1461 2608 1526 affectum
2641 1459 3046 1524 voluntatis?

637 1567 835 1629 Istam
895 1588 1025 1630 esse
1082 1567 1353 1629 affirmas
1412 1564 1777 1628 unitatem?
1871 1566 2040 1648 Ergo
2091 1587 2236 1628 eum
2288 1559 2482 1628 etiam
2533 1564 2602 1627 in
2651 1563 2835 1627 nobis
2891 1562 3048 1647 ipsis

634 1668 1019 1732 mansionem
1065 1668 1256 1731 faeiat
1301 1667 1474 1731 Deus
1514 1667 1821 1730 exsistens
1864 1666 2147 1730 Verbum
2194 1668 2537 1750 (inhabitat
2580 1667 2752 1730 enim
2796 1667 3045 1730 anima·
3078 1690 3138 1729 10

632 1774 749 1834 bus
780 1777 1135 1834 sanctorum
1170 1793 1279 1854 per
1304 1773 1608 1834 Sanctum
1644 1769 1996 1852 Spiritum),
2030 1769 2465 1835 confitearisne
2494 1771 2835 1834 seeundum
2868 1769 3046 1832 simi-

632 1873 757 1937 lem
789 1875 1046 1936 modum
1075 1873 1268 1937 etiam
1300 1896 1412 1935 nos
1444 1874 1611 1956 ipsos
1642 1873 1719 1936 ad
1749 1871 1956 1955 ipsum
1985 1872 2215 1936 habere
2245 1874 2557 1936 unitatem
2577 1873 2607 1935 ?
2676 1872 2810 1935 Ubi
2841 1872 3049 1956 igitur

631 1975 1005 2040 mirac-ulum
1051 1976 1336 2060 mysterii
1368 1975 1611 2039 Christi
1655 1975 1919 2058 aspiciat
1961 1975 2236 2059 aliquis?
2323 1975 2495 2039 Nam
2539 1975 3049 2060 quandoquidem

632 2080 906 2145 creditur
950 2079 1290 2144 seeundum
1335 2101 1449 2142 nos
1492 2078 1681 2143 homo
1728 2079 1860 2142 fieri
1907 2077 2082 2142 Deus
2113 2077 2415 2156 Verbum,
2449 2078 2732 2142 mirabile
2773 2085 2872 2142 est
2905 2101 3050 2142 vere

630 2183 1025 2269 mysterium,
1058 2190 1123 2246 et
1157 2183 1419 2245 miretur
1450 2181 1666 2266 utique
1696 2180 1921 2265 aliquis
1951 2181 2068 2245 hoe
2101 2183 2323 2245 merito
2352 2189 2418 2246 et
2446 2182 2883 2246 vehementer.
2977 2181 3048 2244 Si
3081 2203 3141 2258 15

629 2293 843 2351 autem
891 2287 954 2349 in
1001 2285 1252 2350 bomine
1298 2284 1584 2349 habitare
1637 2285 1884 2348 dicatur
1931 2286 2275 2348 seeundum
2325 2285 2620 2349 affectum
2667 2285 3048 2358 voluntatiS,

628 2390 818 2453 aliam
866 2390 1059 2453 habet
1107 2389 1413 2453 rationem
1466 2411 1563 2452 res
1614 2386 2118 2471 dispensationis.
2233 2388 2587 2452 Meruimus
2635 2388 2828 2466 enim,
2883 2390 3053 2452 sieut

630 2492 783 2569 dixi,
829 2493 1134 2575 ejusmodi
1193 2491 1491 2576 gratiam,
1538 2492 1647 2575 qui
1706 2490 1830 2554 fide
1880 2513 2038 2576 quae
2086 2492 2156 2555 in
2200 2493 2404 2574 ipsum
2449 2497 2545 2555 est
2589 2490 3050 2576 splenduimus.

635 2596 786 2659 Non
832 2596 1001 2660 enim
1051 2595 1278 2680 aliquis
1328 2596 1545 2678 utique
1589 2597 1782 2673 dieat,
1828 2596 1993 2680 quod
2041 2618 2170 2659 non
2216 2594 2565 2660 voluntarie
2609 2597 2777 2659 inest
2821 2595 3050 2659 nobis:

634 2700 841 2783 magis
870 2722 1017 2762 vero
1047 2697 1400 2762 voluntarie
1437 2698 1567 2761 sive
1597 2699 1940 2761 seeundum
1973 2698 2365 2762 voluntatem
2411 2698 2669 2762 insitam
2704 2698 2765 2762 ei
2809 2701 2894 2763 ad
2935 2721 3052 2762 nos
3079 2720 3144 2759 20

628 2805 926 2867 affectum
956 2802 1203 2865 fecerat.
1293 2800 1415 2862 Sed
1449 2822 1561 2864 neo
1591 2823 1629 2864 a
1660 2823 1842 2865 earne
1873 2808 2124 2865 sanetae
2155 2801 2422 2886 virginis
2451 2801 2705 2865 initium
2735 2802 3051 2868 essentiae

631 2907 923 2970 habuisse
953 2905 1217 2968 dicimus
1237 2903 1442 2967 Deum
1469 2904 1770 2981 Verbum,
1803 2905 1912 2988 qui
1942 2904 2497 2968 consubstantialis
2527 2910 2623 2968 est
2647 2904 2825 2969 Patri
2849 2932 2865 2969 ι
2916 2915 3052 2971 erat

632 3011 799 3073 enim
834 3031 1077 3092 semper
1108 3030 1232 3070 una
1260 3030 1401 3070 cum
1434 3030 1505 3072 eo
1536 3006 1919 3071 subsistens:
1961 3008 2168 3092 magis
2195 3014 2408 3071 autem
2438 3009 2669 3071 seimus
2698 3010 3052 3075 seeundum

633 3135 749 3176 nos
800 3113 1038 3176 factum
1091 3134 1223 3175 esse
1271 3110 1612 3174 bominem.
1706 3110 1935 3194 Itaque
1976 3110 2151 3194 juste
2202 3110 2324 3173 Dei
2370 3110 2656 3194 genitrix
2708 3112 2966 3178 dicatur
3015 3137 3052 3179 a

634 3217 816 3280 nobis
864 3220 1080 3278 saneta
1130 3215 1314 3297 virgo
1362 3235 1550 3298 quam
1602 3212 1875 3277 hominis
1926 3213 2227 3298 genitrix,
2280 3237 2426 3278 eum
2478 3220 2644 3279 certe
2699 3219 3050 3282 seeundum
3079 3240 3139 3299 ²5

635 3341 883 3382 earnem
914 3317 1244 3381 Christum
1275 3317 1634 3399 peperisset.

721 3422 815 3484 ET
858 3440 1007 3484 POST
1051 3440 1221 3484 ALIA.
1314 3419 1478 3483 Cum
1508 3419 1677 3483 enim
1708 3421 1786 3482 ad
1817 3418 2324 3503 explanationem
2353 3420 2474 3484 hoe
2504 3422 2902 3504 propositum
2933 3431 3049 3501 est,

300 3539 435 3588 Eeb.
461 3539 492 3588 i.
512 3538 558 3589 6.
636 3525 801 3608 quod
845 3530 942 3586 est
988 3523 1210 3586 “Cum
1242 3522 1606 3586 introducat
1645 3521 2138 3606 primogenitum
2170 3521 2238 3585 in
2279 3522 2494 3587 orbem
2523 3530 2856 3603 terrarum,
2890 3525 3050 3591 dicit

639 3634 675 3664 “
709 3626 797 3688 Et
825 3624 1082 3689 adorent
1113 3648 1255 3689 eum
1287 3625 1563 3689 universi
1591 3624 1806 3709 angeli
1836 3623 2019 3703 Dei,''
2050 3625 2271 3689 scribit
2300 3625 2534 3690 iterum
2563 3626 2673 3705 sie,

713 3848 757 3886 1.
798 3841 981 3902 utpote
1005 3834 1157 3887 habet
1185 3834 1253 3887 D.
1331 3834 1524 3887 Statim
1548 3844 1599 3888 et
1624 3851 1722 3888 om.
1752 3833 1824 3888 D.
2084 3850 2132 3887 2.
2170 3833 2380 3888 adfixus
2409 3834 2480 3890 D.
2744 3854 2797 3908 3.
2835 3838 3048 3922 autem]

645 3910 701 3966 4-
732 3903 1027 3958 secundum
1059 3904 1127 3958 D.
1239 3904 1535 3958 secundum
1562 3922 1661 3957 om.
1690 3904 1762 3958 D.
2141 3924 2195 3971 4.
2233 3906 2340 3958 Hic
2366 3906 2573 3960 titulum
2595 3906 2832 3974 inferunt
2860 3909 3048 3981 Cyl-illi

639 3973 846 4036 Sarius,
877 3975 1106 4045 Cyrillus
1134 3974 1256 4038 Ed„
1283 3981 1600 4045 repuqnante
1625 3974 1696 4028 D.
1953 3975 2004 4030 6.
2041 3975 2128 4030 Ita
2156 3976 2227 4030 D.
2257 3975 2460 4030 lterum
2493 3976 2676 4047 Cyrilli
2703 3978 2920 4048 Surius,
2948 3981 3049 4035 Ed.

639 4062 691 4111 9.
730 4045 1019 4099 adfirmans
1046 4045 1118 4099 D.
1380 4062 1462 4100 10.
1500 4045 1734 4099 existens
1762 4044 1833 4107 D,
1863 4045 2074 4100 Sur-ius.
2328 4063 2412 4101 12.
2452 4046 2586 4117 Ubi]
2618 4048 2828 4103 Deinde
2856 4050 2952 4105 ubi
2978 4052 3050 4106 D.

646 4131 726 4184 17.
768 4115 983 4169 haberet
1008 4114 1149 4168 haud
1168 4116 1301 4168 male
1327 4114 1397 4169 D.
1655 4116 1737 4170 18.
1775 4115 1884 4170 dixi
1910 4116 1980 4179 D,
2005 4116 2139 4170 dixit
2163 4115 2288 4180 Ed„
2315 4117 2529 4172 Surius.
2789 4136 2875 4175 20.
2917 4121 3049 4192 sive]

642 4187 686 4238 si
714 4204 836 4239 vero
866 4187 936 4240 D.
1045 4187 1256 4239 inistam
1287 4184 1416 4256 (sic)
1446 4185 1515 4238 D.
1852 4203 1938 4254 24.
1969 4185 2140 4268 juste]
2169 4199 2276 4241 tam
2295 4186 2443 4257 juste
2469 4188 2661 4243 Surius
2686 4189 2742 4243 in
2768 4209 2882 4258 mg.
2910 4192 3056 4247 unde

642 4255 848 4323 Migne.
1064 4271 1148 4326 ²7·
1186 4266 1239 4309 et
1265 4266 1383 4325 post
1408 4254 1532 4325 alia]
1561 4265 1612 4309 et
1634 4264 1760 4326 post
1785 4256 1885 4310 alia
1910 4275 2010 4311 nos
2038 4259 2161 4311 talia
2185 4257 2371 4311 habuit
2390 4259 2514 4326 (sic)
2539 4259 2609 4312 D.
2718 4259 2896 4349 enim]
2925 4270 2984 4328 -Ι-
3008 4264 3057 4317 ei

643 4324 846 4380 Bellov.
946 4327 1384 4394 exemplationem
1405 4326 1529 4393 (sic)
1556 4327 1623 4379 D.
1883 4329 1969 4382 28.
2007 4328 2135 4399 quid
2167 4328 2238 4383 D.
2345 4329 2651 4384 introducat
2678 4330 2751 4393 D,
2781 4335 2815 4363 “
2833 4332 2870 4385 X
2889 4344 3056 4388 eteres

641 4397 761 4449 libri
779 4397 814 4420 '³
844 4397 1047 4457 Baluz„
1076 4396 1283 4457 Suriae,
1312 4396 1601 4451 introducit
1630 4396 1731 4451 Ed.
2047 4415 2239 4468 29—p.
2264 4412 2387 4469 533,
2410 4417 2456 4453 1.
2496 4400 3052 4475 scribit—Theodori]

640 4466 890 4519 scribitur
915 4467 989 4519 sio
1013 4466 1280 4519 Theodori
1308 4467 1376 4520 D.
