3269 5166
666 320 796 383 550
1321 320 1400 383 B.
1444 319 1822 384 CYRILLI
1872 319 2404 384 ALEXANDR.

666 479 753 560 τὸ
789 480 864 561 δὲ
902 483 1123 565 οὕτως
1162 482 1327 588 ἕχον
1365 486 1439 563 ἐν
1477 484 1618 590 ἰδίᾳ
1656 482 1901 589 φύσει,
1935 490 2091 567 πῶς
2127 481 2217 563 ἂν
2253 486 2332 562 ἐκ
2369 483 2641 584 μορίων
2678 488 2916 561 νοοῖτο
2954 486 3073 562 καὶ

664 611 953 703 μελῶν;
1019 612 1079 685 εἰ
1128 605 1271 710 γάρ
1327 641 1434 691 τις
1491 608 1646 708 δοίη
1696 614 1907 686 τοῦτο
1952 605 2295 709 ὑπάρχειν
2350 603 2634 705 ἀληθὲς,
2674 605 3073 697 ἀσώματον

667 730 794 808 οὐκ
851 730 953 808 ἔτι
1004 737 1284 812 νοεῖται.
1362 731 1446 809 τὸ
1502 727 1646 834 γὰρ
1685 730 1874 814 ὅλως
1930 732 2007 809 ἐν
2043 728 2389 833 σχήματι,
2424 727 2714 813 πάντως
2760 762 2909 809 που
2956 734 3071 809 καὶ

606 882 642 923 0
665 856 740 932 ἐν
776 859 1012 961 ποσῷ,
1048 852 1132 934 τὸ
1169 854 1244 934 δὲ
1284 857 1359 934 ἐν
1394 861 1610 962 ποσῷ
1653 860 1769 934 καὶ
1804 856 1881 933 ἐν
1916 853 2137 961 τόπῳ·
2216 859 2333 933 καὶ
2377 852 2459 933 τὸ
2498 857 2570 933 ἐν
2610 852 2815 960 τόπῳ
2854 853 3064 933 νοού-

666 1011 899 1075 μενον,
935 979 1061 1057 οὐκ
1123 977 1263 1085 ἔξω
1318 983 1790 1084 περιγραφῆς.
1872 987 2097 1058 ταῦτα
2152 976 2227 1058 δὲ
2282 975 2645 1078 σωμάτων
2696 976 2831 1073 μὲν
2888 977 3067 1073 ἴδια,
3098 1009 3131 1069 5

667 1105 794 1202 τῆς
850 1106 927 1181 δε
982 1101 1373 1200 ἀσωμάτου
1411 1101 1701 1208 φύσεως
1738 1102 2096 1204 ἀλλότρια
2150 1107 2547 1184 παντελῶς.
2624 1103 2789 1180 οὔτε
2827 1102 3075 1182 τοίνυν

669 1225 1094 1332 ὀφθαλμοὺς
1129 1224 1175 1327 ἢ
1214 1223 1380 1325 ῶτα,
1419 1228 1578 1306 οὕτε
1622 1226 1768 1325 μὴν
1806 1223 2046 1331 χεῖράς
2081 1260 2157 1305 τε
2202 1229 2320 1306 καὶ
2357 1226 2583 1308 πόδας
2619 1222 2665 1326 ἢ
2703 1226 3075 1326 πτέρυγας

668 1352 782 1431 ἐπὶ
822 1355 1013 1430 Θεοῦ
1070 1350 1380 1449 νοητέον,
1416 1349 1549 1430 κᾶν
1587 1356 1647 1430 εἰ
1689 1350 1791 1449 μή
1828 1384 1934 1434 τις
1986 1350 2229 1429 ἕλοιτο
2284 1348 2505 1453 τυχὸν
2542 1352 2637 1433 ὡς
2690 1349 2768 1427 ἐν
2816 1351 3074 1434 ἁπτοῖς

670 1477 788 1553 καὶ
840 1473 1110 1579 παχέσι
1166 1473 1466 1572 σώμασι
1520 1471 1613 1553 τὰ
1659 1473 1895 1554 τοιάδε
1952 1480 2157 1570 νοεῖν,
2195 1472 2366 1552 ἀλλ’
2408 1476 2505 1557 ὡς
2560 1475 2636 1551 ἐν
2674 1479 2921 1582 ἱσχνῷ
2958 1478 3071 1554 καὶ

668 1596 893 1704 ἀῦλῳ,
928 1600 1046 1677 καὶ
1097 1598 1286 1676 κατά
1334 1630 1414 1699 γε
1452 1594 1583 1697 τὴν
1625 1606 1754 1677 τοῦ
1795 1602 1990 1677 Θεοῦ
2047 1597 2295 1703 φύσιν·
2370 1598 2609 1696 εὔηθες
2665 1595 2815 1700 γὰρ
2873 1633 3067 1678 παν-
3098 1635 3157 1674 ιο

331 1747 462 1804 367
490 1745 571 1802 A.
607 1759 643 1799 a
669 1726 895 1805 τελῶς
930 1718 1013 1800 τὸ
1051 1721 1459 1820 βούλεσθαί
1488 1754 1557 1800 τι
1590 1730 1913 1801 τοιοῦτον
1939 1722 2224 1801 ἐννοεῖν.
2287 1727 2569 1818 πνεῦμα
2604 1717 2752 1820 γὰρ
2790 1722 2831 1799 ὁ
2858 1721 3067 1805 Θεός·

667 1847 784 1925 καὶ
837 1852 1048 1924 τοῦτο
1098 1844 1462 1949 ὑπάρχων,
1500 1844 1793 1926 πάντων
1829 1845 1972 1950 ἔχει
2026 1846 2157 1945 τὴν
2202 1850 2500 1946 γνῶσιν,
2538 1847 2771 1950 ἐφορᾷ
2822 1846 3070 1926 πάντα

666 1971 783 2048 καὶ
836 1967 1422 2066 κατασκέπτεται,
1479 1966 1817 2048 λανθάνει
1866 1968 1939 2048 δὲ
1984 1963 2200 2047 αὑτδν
2245 1974 2390 2048 τῶν
2424 1966 2651 2047 ὄντων
2686 1967 2932 2046 οὐδέν.
3012 1976 3069 2049 εἰ

665 2090 741 2171 δὲ
797 2094 1064 2194 μορίων
1109 2091 1266 2191 ἤτοι
1320 2097 1566 2188 μελῶν
1609 2093 1655 2191 ἡ
1706 2094 1860 2173 θεία
1912 2091 2262 2189 μέμνηται
2316 2088 2585 2196 γραφὴ,
2637 2089 2821 2191 πρὸς
2884 2092 3070 2192 ἡμᾶς

666 2225 1008 2296 λαλοῦσα
1061 2215 1154 2296 τὰ
1207 2219 1369 2320 περὶ
1424 2217 1661 2314 αὐτοῦ,
1702 2216 1943 2296 ἰστέον
1979 2215 2088 2295 ὅτι
2136 2214 2227 2320 ἐξ
2268 2212 2368 2294 ὧν
2404 2213 2613 2310 ἴσμεν
2649 2247 2728 2293 τε
2766 2217 2894 2294 καὶ
2931 2251 3061 2296 πε·
3095 2247 3151 2305 15

666 2340 992 2446 φύκαμεν
1057 2337 1231 2420 εἶναι
1303 2337 1484 2441 πρὸς
1549 2340 1733 2439 ἡμᾶς
1782 2337 2210 2442 διαλέγεται.
2299 2340 2383 2417 οὐ
2449 2337 2591 2441 γὰρ
2653 2335 2742 2437 ἦν
2808 2339 3070 2442 ἑτέρως
3218 2393 3219 2448 y

665 2463 850 2561 ἡμᾶς
912 2470 1093 2542 νοεῖν
1132 2464 1484 2544 δύνασθαι
1527 2463 1619 2543 τὰ
1665 2467 1828 2566 περὶ
1866 2467 2080 2543 Θεοῦ.
2159 2462 2347 2541 αἰτία
2402 2463 2638 2541 τοίνυν
2693 2464 2812 2541 καὶ
2872 2463 3064 2565 πρό·
3218 2469 3219 2486 ²

596 2607 640 2669 b
667 2593 896 2693 φασις
949 2587 1224 2688 ἀληθὴς
1288 2597 1415 2668 τοῦ
1467 2595 1896 2686 σωματικῶς
1950 2593 2112 2689 περὶ
2168 2592 2359 2667 Θεοῦ
2413 2582 2575 2670 τοῦς
2635 2583 2821 2688 πρὸς
2884 2589 3071 2686 ἦμᾶς

665 2718 1025 2792 ποιεῖσθαι
1101 2710 1366 2813 λόγους
1438 2710 1570 2812 τὴν
1632 2710 2111 2792 θεόπνευστον
2183 2708 2497 2816 γραφὴν,
2562 2712 2680 2789 καὶ
2754 2718 2887 2789 νοῦ
2951 2714 3067 2790 καὶ
3218 2814 3219 2819 ¹

666 2833 999 2937 γλωττης
1047 2837 1124 2915 ἐν
1160 2838 1326 2935 ἡμῖν
1360 2836 1405 2936 ἡ
1450 2835 1788 2939 πτωχεία.
1846 2835 2119 2938 αῤῥητα
2168 2833 2312 2936 γὰρ
2348 2838 2721 2916 παντελῶς
2758 2832 2857 2912 τὰ
2906 2836 3065 2982 περὶ
3088 2877 3151 2917 20
3218 2852 3219 2935 ζ

668 2961 909 3040 αὑτοῦ·
980 2962 1097 3040 καὶ
1134 2961 1259 3039 οὐκ
1297 2957 1382 3059 ἦν
1418 2961 1735 3039 συνιέναι
1774 2993 1841 3038 τι
1878 2965 2023 3037 τῶν
2062 2957 2467 3059 ἀναγκαίων
2503 2956 2865 3037 δύνασθαι
2902 2955 3066 3040 τοῦς
3218 2938 3219 3019 ἶ

666 3085 742 3162 ἐν
779 3084 1026 3169 ἁπτοῖς
1065 3087 1180 3164 καὶ
1215 3084 1528 3187 παχέσιν
1564 3080 1774 3166 ὄντας
1818 3115 2181 3180 σωμασιν,
2221 3085 2279 3159 εἰ
2329 3078 2428 3178 μὴ
2466 3081 2542 3158 ἐν
2578 3079 2775 3185 τάξει
2816 3116 3059 3183 παρα·
3218 3064 3219 3153 ἶ

668 3208 1065 3310 δειγμάτων
1099 3205 1192 3288 τὰ
1227 3209 1497 3287 ἑαυτῶν
1534 3203 1897 3310 δεχόμενοι
1934 3203 2144 3304 μέλη,
2174 3201 2385 3305 μόλις
2424 3205 2645 3288 οὕτως
2682 3203 2936 3302 ἄνιμεν
2972 3209 3062 3287 εἰς

665 3332 933 3416 ἐννοίας
970 3333 1229 3437 ἰσχνὰς
1265 3329 1391 3414 τὰς
1419 3332 1591 3435 ,περὶ
1627 3334 1845 3409 Θεοῦ.

739 3522 789 3560 2.
826 3506 1101 3576 ἀσώματος
1123 3507 1269 3563 Aub.
1594 3524 1647 3578 3.
1685 3509 1854 3562 νοοῖτο
1878 3523 1936 3560 n.
2042 3505 2135 3560 οὐκ
2158 3504 2234 3560 ἔτι
2259 3507 2445 3560 νοεῖται
2467 3514 2591 3560 ante
2614 3504 2785 3575 ἇσόμ.
2812 3514 3054 3578 hanapo-

665 3577 901 3632 nuntD.
931 3578 1032 3633 Ed.
1053 3577 1455 3633 invitisAan
1749 3597 1802 3645 4.
1838 3579 1899 3631 τὸ
1921 3576 2033 3631 δὲ’
2005 3597 2059 3630 εν
2080 3579 2231 3648 ποσῷ
2256 3585 2531 3646 assumpta
2552 3576 2790 3631 exA.D.
2867 3577 3053 3633 Statim

667 3648 749 3700 καὶ
774 3647 829 3702 ἐν
849 3650 993 3736 τόπῳ
1016 3666 1126 3703 om.
1153 3648 1217 3703 Ο.
1294 3647 1423 3703 Post
1445 3646 1576 3702 haec
1600 3646 1683 3702 καὶ
1707 3647 1929 3701 τὸΑ.Ο.
1953 3649 2013 3700 τὸ
2039 3646 2195 3701 δὲῙ).
2222 3646 2324 3702 Ed.
2883 3649 2939 3703 8.
2974 3648 3052 3703 ἐιὶ

665 3721 802 3772 Θεοῦ
839 3719 1046 3787 νοητέον
1081 3717 1184 3774 hoo
1210 3718 1397 3773 ordine
1421 3719 1489 3773 A.
1495 3717 1558 3773 Ο.
1561 3736 1617 3773 n.
1692 3717 1884 3772 Statim
1908 3717 1999 3771 οὐκ
2022 3714 2086 3770 ἂν
2112 3734 2166 3771 ιι.
2193 3719 2275 3771 καὶ
2301 3716 2365 3771 Ο.
2472 3718 2771 3787 αυτοῖςρῗο
2795 3716 2983 3775 ἁπτοῖς
3001 3736 3051 3772 n.

664 3805 716 3858 9.
754 3788 949 3843 πάθεσι
995 3806 1092 3861 pro
1138 3788 1336 3860 παχέσι
1380 3789 1447 3844 Α.
1497 3788 1920 3860 repugnantibus
1969 3786 2033 3843 C.
2038 3788 2109 3842 D.
2113 3805 2167 3841 n.
2275 3809 2390 3842 τοια
2436 3805 2533 3858 pro
2580 3789 2755 3842 τοιάδε
2782 3789 3051 3914 &stipav-
2991 3787 3049 3843 C.

668 3874 753 3913 10.
790 3859 873 3913 καὶ
896 3870 1234 3930 assumptum
1257 3877 1323 3914 ex
1348 3861 1416 3914 A.
1422 3858 1485 3913 C.
1492 3859 1560 3914 D.
1563 3877 1618 3913 n.
1727 3859 1903 3927 εὔηθες
1936 3860 2039 3930 γὰρ
2073 3860 2338 3914 παντελῶς
2360 3805 2473 3912 hoc
2498 3857 2685 3912 ordine
2710 3860 2778 3914 A.

662 3932 826 3985 τελῶς
846 3930 949 4002 γὰρ
974 3931 1147 3999 εὔηθες
1172 3931 1244 3987 D.
1270 3930 1373 3986 Ed.
1655 3945 1736 3985 12.
1771 3929 1935 3983 τούτω
1959 3930 2201 4012 ὑπάρχον
2216 3929 2339 3997 (sic)
2367 3928 2431 3982 C.
2539 3926 2741 4000 ε’φορᾷ]
2774 3938 2838 3993 -ὶ-
2865 3931 2931 3983 r&
2954 3928 3049 3984 Ed-

662 4000 843 4054 invitis
870 4002 936 4056 A.
941 4001 1004 4056 Ο.
1010 4002 1079 4056 D.
1104 4000 1266 4057 habet
1289 3999 1409 4057 cod.
1439 3999 1744 4055 Basiliensie
1771 4000 1857 4054 A
1844 4001 1917 4054 1ii.
1983 4017 2127 4054 ..sec
2150 3998 2258 4053 xiv.
2637 4015 2719 4069 1.3
2758 4000 2821 4055 δὲ
2845 4002 2915 4055 A.
2917 3999 2979 4054 C.
2982 3999 3047 4053 D.

663 4070 783 4125 cod.
813 4070 937 4127 Bas.
962 4073 1064 4144 γὰρ
1092 4071 1602 4142 Ed.13—24.
1640 4070 1766 4125 citat
1790 4069 1909 4126 Cat.
1935 4071 1989 4124 in
2014 4089 2050 4138 4
2072 4069 2205 4123 libb.
2208 4069 2458 4161 Regna
2690 4086 2775 4137 14.
2812 4071 3047 4140 μέμνῃ-ι

661 4142 841 4234 γραφὴ
867 4141 969 4197 hoc
994 4142 1179 4198 ordine
1205 4143 1270 4197 A.
1277 4140 1340 4196 Ο.
1369 4140 1485 4197 Cat.
1566 4140 1775 4227 nwpbe‘
1749 4144 1881 4209 ημᾶς
1901 4143 2145 4196 λαλοῦσα
2166 4140 2232 4194 τὰ
2254 4141 2378 4229 περι
2397 4139 2554 4195 αὐτοῦ
2578 4137 2682 4194 hoc
2706 4140 2897 4196 ordine
2920 4137 3044 4195 Ac.

662 4212 727 4266 τὰ
748 4213 868 4282 περὶ
890 4214 1050 4268 αὐτοῦ
1073 4216 1315 4268 λαλοῦσα
1337 4210 1521 4283 πρόςῆ
1489 4214 1621 4281 ημᾶς
1647 4211 1718 4266 D.
1744 4211 1847 4267 Ed.
2120 4210 2202 4264 16.
2239 4209 2559 4293 πεφύκαμεν“
2560 4206 2688 4265 εἶναι
2712 4220 2768 4265 et
2792 4209 2857 4279 ἦν
2876 4210 3047 4279 ἐτέρας

660 4283 767 4338 hoc
790 4235 976 4338 ordine
1001 4285 1068 4337 A.
1074 4284 1137 4338 C.
1166 4283 1285 4338 Cat.
1576 4296 1658 4354 17.
1696 4285 1830 4337 νοεῖν
1851 4280 2104 4338 δύνασθαι
2126 4281 2230 4336 hoc
2254 4280 2439 4335 ordine
2463 4281 2531 4335 A.
2536 4260 2684 4336 Cat.
2707 4282 2893 4336 invitis
2918 4280 3044 4335 C.D.

669 4355 750 4409 18.
787 4354 991 4444 ἀληθῶς
1017 4354 1136 4410 Cat.
1357 4370 1439 4425 19.
1475 4354 1738 4409 ποιεῖσθαι
1762 4355 1953 4425 λόγους
1977 4352 2079 4407 hoc
2103 4351 2288 4407 ordine
2312 4352 2379 4406 A.
2384 4350 2447 4405 Ο.
2476 4351 2595 4405 Cat.
2695 4355 2820 4406 νοῦν
2842 4352 2957 4423 (tie)
2978 4352 3042 4403 A.

664 4440 751 4479 σο.
789 4422 819 4492 ἦ
845 4441 954 4478 om.
982 4425 1050 4479 A.
1282 4440 1368 4479 21.
1390 4445 1441 4477 τι
1464 4433 1803 4511 assumptum
1828 4442 1893 4478 ex
1918 4424 1984 4477 A.
1989 4422 2053 4478 C.
2082 4422 2199 4478 Cat.
2429 4437 2513 4510 ²,3
2552 4421 2830 4493 δεχόμενοι
2852 4422 2973 4514 μέλι,
2991 4428 3043 4472 ει

650 4493 1006 4633 ἐὲλιὶὰοῖἔίοὲἷ
1034 4494 1138 4619 goe
1163 4494 1349 4550 ordine
1373 4495 1440 4549 A.
1445 4493 1508 4549 C.
1536 4493 1656 4550 Cat.
1680 4493 1811 4565 μέλη
1836 4512 1940 4550 om.
1969 4494 2174 4566 Migne.
2288 4492 2547 4563 ἀνειμένης
2569 4510 2671 4563 pro
2694 4494 2873 4563 ἄνιμεν
2894 4493 2961 4547 εἷς
2978 4487 3043 4545 C.
