3269 5166
238 330 376 398 xix.
411 353 513 421 19.
808 340 921 406 IN
975 341 1044 409 S.
1096 341 1608 409 JOANNEM.
1689 344 1877 409 LIB.
1913 344 2075 409 XII.
2572 344 2657 407 83

242 498 865 606 συναφθήσεσθαι
919 506 1345 606 μελλόντων
1397 509 1591 617 αὐτῷ
1650 509 1779 590 δύο
1833 515 2066 606 λαῶν,
2129 511 2315 613 φημὶ
2377 505 2465 608 δὴ
2526 515 2656 588 τοῦ

243 619 336 728 ἐξ
384 620 698 728 Ἰσραὴλ
755 633 872 711 καὶ
927 640 1056 712 τοῦ
1112 632 1204 739 ἐξ
1248 635 1497 713 ἐθνῶν.
1592 633 2019 737 κατάκριτος
2073 631 2150 713 δὲ
2210 632 2327 713 διὰ
2382 634 2459 711 τί
2509 638 2656 711 τῶν

243 747 590 829 τοιούτων
624 752 666 831 ὁ
704 753 976 852 τύπος;
1038 757 1423 840 Ἰουδαίους
1463 755 1596 856 μὲν
1632 755 1778 862 γὰρ
1832 760 1873 838 ὁ
1925 758 2141 859 νόμος
2191 757 2654 861 κατακρίτους
2677 787 2716 833 ο

244 870 610 974 ἐδείκνυεν,
638 874 870 984 ἔνοχοι
904 878 1049 984 γὰρ
1086 878 1280 981 ἦσαν
1317 887 1472 966 ταῖς
1507 881 2046 986 παραβάσεσιν,
2071 879 2456 982 ’Έλληνας
2492 878 2569 960 δὲ
2607 881 2654 981 ἡ

174 1018 217 1080 5
241 995 520 1098 πλιίνη·
579 1002 1106 1106 λελατρεύκασι
1143 1002 1288 1107 γὰρ
1324 1007 1415 1110 τῇ
1453 1004 1682 1086 κτίσει
1715 1041 1916 1112 παρα
1951 1040 2078 1088 τον
2114 1006 2487 1086 κτίσαντα.

362 1124 510 1202 Και
566 1124 735 1206 καθ’
778 1127 1019 1233 ἕτερον
1070 1127 1147 1208 δε
1207 1129 1478 1233 τρόπον
1540 1136 1608 1210 οὶ
1664 1135 1972 1237 Χριστῷ
2026 1129 2477 1230 κολλώμενοι
2538 1163 2656 1209 και

240 1257 826 1353 συσταυροῦνται
876 1253 1165 1338 πάντως
1220 1254 1440 1363 αὐτῷ·
1524 1253 1837 1335 θάνατον
1893 1253 2037 1356 γὰρ
2092 1287 2345 1355 ωσπερ
2394 1286 2525 1332 τον
2577 1255 2656 1333 ἐκ

239 1374 375 1470 τῆς
429 1374 734 1477 ἀρχαίας
790 1377 1262 1484 ἀναστροφῆς
1320 1377 1792 1476 ὑπομένοντες
1854 1410 2037 1480 προς
2105 1376 2270 1457 νέαν
2324 1409 2484 1455 τινα
2540 1381 2656 1457 καὶ

241 1495 718 1598 εὖαγγελικὴν
754 1501 1339 1609 ἀναμορφοῦνται
1388 1499 1600 1604 ζωήν.
1682 1505 1800 1582 καὶ
1848 1510 2028 1605 γοῦν
2065 1502 2106 1582 ὃ
2147 1504 2449 1584 Παῦλος
2483 1496 2649 1579 ελε-

126 1658 213 1700 10
243 1652 377 1720 γεν
430 1630 476 1667 “
503 1626 604 1702 Οἱ
660 1621 738 1703 δὲ
790 1632 919 1705 τοῦ
973 1623 1224 1727 Ἰησοῦ
1273 1630 1608 1731 Χριστοῦ
1672 1624 1804 1727 τὴν
1870 1660 2114 1730 σαρκα
2175 1623 2652 1728 ἐσταύρωσαν
2743 1631 2856 1761 {³:¹-
2882 1648 2928 1683 v

243 1756 287 1794 ‘⁶
320 1743 471 1826 σῦν
505 1754 653 1832 τοῖς
694 1748 1080 1850 παθήμασι
1135 1751 1256 1831 καὶ
1310 1757 1464 1836 ταῖς
1507 1751 1966 1851 ἐπιθυμίαις,”
2007 1753 2125 1831 καὶ
2170 1750 2400 1831 παλιν
2435 1753 2533 1833 ὡς
2576 1750 2652 1830 ἐν
2676 1761 2723 1827 d

239 1876 393 1954 τοῖς
447 1873 611 1951 καθ’
664 1871 918 1954 ἐαυτον
971 1877 1134 1978 περὶ
1187 1873 1481 1955 πάντων
1538 1885 1581 1923 “
1607 1875 1808 1978 Ἐγω
1856 1873 2003 1980 γὰρ
2040 1873 2158 1955 δια
2196 1872 2419 1973 νόμου
2457 1874 2651 1980 νόμῳ
2742 1882 2823 2000 {lg-
2837 1883 2888 1935 fi.
2910 1897 2985 1948 ι9,

242 1993 776 2094 “ἀπέθανον,”
745 2031 858 2076 ινα
904 2002 1073 2105 Θεῷ
1127 1995 1346 2101 ζήσω,
1383 2000 1693 2105 Χριστῷ
1746 1996 2368 2102 συνεσταύρωμαι,
2425 1994 2520 2099 ζῶ
2575 1995 2652 2076 δε

242 2128 287 2167 “
324 2117 555 2198 οὐκέτι
610 2116 775 2223 ἐγὼ,
831 2119 918 2227 ζῇ
977 2120 1054 2202 δὲ
1110 2124 1186 2202 ἐν
1243 2123 1401 2221 ἐμοὶ
1457 2118 1855 2225 Χριστός·”
1934 2118 2352 2203 ἐπιστέλλει
2410 2122 2486 2202 δὲ
2535 2126 2650 2203 καὶ

132 2276 214 2336 15
239 2239 426 2345 πρός
464 2276 661 2330 τινας
712 2255 757 2291 “
785 2250 878 2326 Εἰ
927 2247 1055 2326 οὖν
1088 2243 1478 2327 ἀπεθάνετε
1515 2248 1590 2327 ἐκ
1625 2254 1756 2326 τοῦ
1805 2244 2118 2346 κόσμου,
2160 2247 2238 2326 τί
2267 2249 2363 2332 ὡς
2401 2246 2652 2350 ζῶντες

241 2378 288 2415 “
322 2369 404 2447 ἐν
439 2373 543 2476 τῷ
584 2366 841 2523 κόσμῷ
895 2370 1355 2476 χρηματίζετε
1381 2369 1450 2467 ;”
1510 2370 1820 2455 θάνατος
1863 2369 2009 2475 γὰρ
2059 2375 2426 2482 κοσμικῆς.
2467 2373 2648 2451 ἀνα-

239 2495 580 2600 στροφῆς
628 2500 726 2580 εἷς
771 2495 1001 2644 ἆρχας
1060 2496 1399 2602 ἁναφερει
1456 2499 1585 2597 τῆς
1640 2496 1718 2576 ἐν
1754 2499 2063 2605 Χριστῷ
2113 2496 2482 2580 πολιτείας
2538 2530 2655 2576 και

240 2615 449 2719 ζωῆς.
500 2619 755 2700 οὐκοῦν
790 2621 835 2720 ἡ
872 2620 1390 2723 συσταύρωσις
1427 2626 1574 2700 τῶν
1610 2620 1739 2700 δύο
1776 2626 2101 2726 λῃστῶν,
2129 2620 2464 2720 σημαίνει
2499 2654 2657 2707 πως

240 2743 415 2842 ἡμῖν
450 2743 567 2824 δια
602 2752 731 2824 τοῦ
768 2745 1344 2845 συμβεβηκότος,
1385 2752 1530 2825 τῶν
1567 2744 1696 2825 δύο
1733 2750 1938 2824 λαῶν
1982 2741 2114 2845 τὴν
2157 2778 2655 2847 παραστασιν,

133 2910 217 2952 20
241 2867 923 2975 συντεθνηξομένων
978 2903 1229 2972 ωσπερ
1285 2875 1389 2977 τῷ
1445 2873 1731 2972 Σωτῆρι
1788 2873 2119 2975 Χριστῷ,
2186 2866 2370 2948 κατά
2424 2902 2506 2970 γε
2569 2868 2654 2947 τὸ

241 2990 761 3099 ἀποτάξασθαι
833 2999 1211 3093 κοσμικαῖς
1285 2994 1591 3094 ἡδοναῖς,
1660 2994 1780 3071 καὶ
1850 2989 2099 3091 μηκέτι
2157 2991 2292 3094 ζῆν
2357 2989 2657 3070 ἑλέσθαι

239 3124 631 3220 σαρκικῶς,
667 3117 1179 3222 συζησομένων
1216 3117 1291 3197 δὲ
1345 3124 1640 3218 μᾶλλον
1694 3121 1798 3266 τῷ
1858 3116 2010 3222 ἰδίῳ
2048 3110 2433 3220 Δεσπότῃ,
2474 3113 2655 3193 ὅσον
2680 3153 2715 3196 e

241 3240 413 3341 ἧκεν
450 3248 546 3327 εἰς
581 3276 665 3323 το
715 3244 909 3350 αὐτῷ
961 3240 1495 3339 πολιτεύεσθαι,
1534 3244 1650 3321 καὶ
1696 3241 1889 3347 αὐτῷ
1935 3237 2069 3339 τὴν
2108 3239 2292 3319 ιδίαν
2338 3236 2656 3342 ἀναγρά-

241 3370 390 3473 ψαι
439 3365 649 3470 ζωήν.
728 3368 1144 3466 λυμαίνεται
1199 3364 1275 3446 δε
1331 3363 1534 3446 οὐδὲν
1568 3371 1661 3471 τῇ
1715 3369 1845 3465 τῆς
1890 3361 2155 3447 εἰκόνος
2208 3360 2518 3463 δυνάμει,
2570 3363 2653 3445 τὸ
2746 3371 2972 3517 Ξκΰῖιίῢὲἲ

137 3529 217 3591 ²5
244 3491 686 3595 κακούργους
734 3488 908 3571 εἶναι
954 3487 1121 3575 τοῦς
1177 3489 1908 3594 συγκεκρεμαμένους·
1976 3498 2021 3536 “
2047 3485 2224 3589 ἦμεν
2261 3523 2406 3593 γαρ
2441 3524 2653 3570 τεκνα
2744 3504 2874 3569 pr·
2899 3505 2953 3555 ii·
2978 3476 2990 3490 ⁰

242 3625 293 3662 ‘⁶
327 3614 631 3763 φύσει’
596 3616 875 3720 οργῆς”
928 3651 1073 3719 προ
1123 3620 1250 3715 τῆς
1303 3649 1399 3699 εις
1444 3612 1774 3718 Χριστον
1813 3613 2148 3712 πίστεως,
2193 3616 2309 3693 καὶ
2367 3613 2655 3723 θανάτω
2744 3584 2795 3632 ³

208 3738 511 3826 πάντες
552 3740 805 3847 ἔνοχοι,
842 3741 1169 3846 καθάπερ
1205 3740 1490 3838 εἴπομεν
1528 3742 1603 3819 ἐν
1640 3742 1853 3844 ἀρχῇ.

2742 2245 2847 2295 Col.
2866 2246 2917 2295 ii.

2746 2325 2824 2360 πο.

234 3957 537 4048 ἘΓραψε
592 3956 665 4023 δὲ
720 3958 829 4023 καί
879 3956 1098 4023 τίτλον
1143 3957 1180 4023 ὁ
1228 3957 1513 4021 Πιλάτοο
1575 3956 1683 4020 καὶ
1734 3955 1971 4020 ἔθΗκεν
2026 3952 2126 4019 ἐπὶ
2183 3960 2294 4019 τοῦ
2352 3960 2650 4042 σταυροῦ·
2688 3975 2759 4031 19

346 4083 425 4153 ἦν
481 4085 555 4154 δὲ
603 4085 1046 4177 ΓεΓραμμὲνον
1119 4084 1412 4151 ΙΗΣΟΥ(
1493 4083 1546 4149 Ο
1614 4081 2062 4149 ΝΑΖΩΡΑΙΟ(
2142 4081 2195 4147 Ο
2264 4078 2646 4146 ΒΑΣΙΛΕΥΕ

138 4223 217 4284 3ο
345 4205 523 4271 ΤΩΝ
594 4203 1003 4274 ΙΟΥΔΑΙΩΝ.

352 4360 594 4436 Τοῦτο
642 4351 730 4454 δὴ
776 4351 1067 4436 πάντως
1110 4353 1269 4432 ἐστὶ
1313 4350 1396 4431 τὸ
1445 4351 1610 4430 καθ’
1652 4349 1853 4450 ἡμῶν
1909 4343 2417 4452 χειρόγραφον,
2454 4341 2495 4423 ὃ
2534 4346 2648 4421 καὶ
2676 4363 2994 4421 aloooA.

314 4553 365 4591 2.
407 4534 713 4605 κατάκριτος
739 4531 804 4587 Ε.
831 4532 990 4586 κατάκ
1026 4552 1126 4584 ιτοι
1154 4529 1257 4585 Ed.
1522 4540 1572 4598 7.
1610 4529 1791 4597 ὥσπερ
1818 4543 1925 4581 om.
1955 4525 2019 4579 E.
2289 4521 2370 4576 16.
2409 4521 2658 4593 χρηματί-

240 4610 379 4677 (crat
412 4605 477 4662 E.
503 4601 1054 4677 χρηματίζεσθεβ).
1339 4618 1426 4671 31.
1466 4603 1630 4655 Τοῦτο
1656 4597 1749 4670 δὴ]
1775 4598 1930 4653 Τουτὶ
1956 4596 2070 4650 δια

1405 4703 1454 4746 Μ
1487 4701 1524 4748 2
