3269 5166
501 577 575 636 31

544 1234 581 1278 0

269 1575 515 1627 SMatth.

270 1643 413 1693 xxiii.
437 1657 515 1705 34.

536 2469 581 2535 d

607 333 734 396 102
1216 330 1295 395 B.
1343 328 1773 394 CYRILLI
1832 327 2416 393 ALEXANDR..
2619 326 3032 412 xix.31-35.

607 552 686 623 Οἱ
747 551 863 622 οὖν
911 550 1247 635 Ἰουδαῖοι,
1305 554 1451 620 έπεὶ
1505 553 1887 645 παρασκευή
1962 549 2064 635 ι-ἷν,
2126 552 2234 618 ἴνα
2297 551 2385 628 μι-ἰ
2459 550 2648 639 μείνη
2719 547 2836 614 έπί
2905 554 3030 613 τοῦ

708 687 991 770 σταυροῦ
1029 680 1109 748 τὰ
1158 678 1434 759 σώματα
1480 681 1552 746 έν
1590 684 1689 766 τῷ
1735 682 2058 765 σαββάτῳ·
2133 675 2213 746 ιῖν
2251 679 2372 769 Γὰρ
2409 680 2661 755 μεγάλη
2711 676 2750 742 ἡ
2802 676 3032 764 ἡμέρα

705 805 923 873 έκείνη
968 812 1083 873 τοῦ
1129 806 1474 886 σαββάτου·
1548 804 1901 894 ι-ἰρώτησαν
1945 804 2059 874 τὸν
2094 806 2402 886 Πιλᾶτον,
2449 805 2558 870 ἴνα
2609 802 3031 873 κατεαΓῶσιν

706 933 927 999 αὐτῶν
981 932 1062 999 τὰ
1119 934 1322 1001 σκέλη
1380 934 1489 998 καὶ
1541 932 1857 1021 ἀρθῶσιν.

720 1084 884 1162 Οὐκ
931 1083 1314 1178 εὐλάβειαν
1347 1084 1846 1238 ἐπιμαρτυρῶν
1882 1088 2029 1165 τοῖς
2064 1080 2328 1183 ἀγρίως
2365 1112 2442 1160 τε
2488 1080 2607 1158 καὶ
2649 1078 3030 1184 ἀνημεζοως
3058 1106 3096 1166 5

606 1212 1009 1314 μιαιφονεῖν
1067 1203 1378 1304 εἰωθόσι,
1429 1209 1546 1286 καὶ
1610 1208 1726 1287 ἐπὶ
1781 1212 1928 1292 τοῖς
1978 1207 2204 1289 οὕτως
2262 1205 2582 1287 ἀνοσίοις
2645 1237 3023 1305 κατεγνω-

606 1327 919 1430 σμένοις,
957 1330 1051 1412 τὰ
1098 1329 1392 1413 τοιαῦτά
1443 1332 1748 1483 φησιν
1715 1364 1756 1409 ο
1799 1329 2141 1433 μακάριος
2181 1325 2758 1431 Εὐαγγελιστὴς,
2793 1331 3029 1408 ἐκεῖνο

607 1452 686 1534 δὲ
732 1455 959 1537 πάλιν
994 1454 1379 1542 ἐπιδεικνὺς
1426 1453 1788 1538 ἀσυνέτως
1830 1488 1908 1534 τε
1963 1456 2081 1533 καὶ
2136 1456 2431 1554 ἀμαθῶς
2486 1452 3012 1553 ὑπομένοντας,

609 1578 787 1683 ὅπερ
821 1580 963 1688 ἔφη
999 1577 1347 1682 Χριστός·
1404 1576 1799 1680 διυλίζουσι
1836 1577 1981 1681 γὰρ
2019 1588 2063 1625 “
2089 1574 2218 1657 τὸν
2247 1576 2574 1675 κώνωπα,
2603 1574 2738 1676 τὴν
2773 1576 3018 1677 κάμη-

608 1714 651 1753 “
687 1713 824 1783 λον
861 1704 1425 1802 καταπίνοντες,”
1464 1702 1557 1783 τὰ
1591 1700 1726 1802 μὲν
1762 1701 1908 1806 γὰρ
1943 1708 2089 1782 τῶν
2124 1700 2609 1802 ἀσεβημάτων
2646 1703 3023 1806 ὑπερφερῆ
3060 1734 3128 1773 10

606 1862 685 1910 τε
721 1830 837 1909 καὶ
873 1828 1215 1909 πάνδεινα
1252 1824 1481 1931 λόγου
1514 1833 1890 1912 παντελῶς
1927 1824 2208 1911 οὐδενὸς
2258 1826 2623 1934 ἀξιοῦντες
2659 1827 3022 1907 ἁλίσκον-

604 1981 748 2034 ται·
826 1950 920 2032 τὰ
956 1952 1042 2032 δέ
1085 1986 1171 2055 γε
1217 1949 1629 2032 λεπτότατά
1683 1985 1759 2030 τε
1816 1953 1932 2031 καὶ
1986 1950 2439 2054 σμικρότατα
2492 1950 2674 2051 μετὰ
2724 1955 3026 2051 πολλῆς

604 2111 797 2162 τινος
850 2080 979 2178 τῆς
1033 2077 1395 2180 ἀκριβείας
1448 2075 2048 2180 περιεργᾶζὸνται,
2087 2077 2251 2155 καθ’
2310 2074 2646 2178 ἑκάτερον
2699 2077 3019 2174 ἀμαθαί-

606 2236 872 2286 νοντες.
951 2205 1068 2282 καὶ
1105 2202 1359 2304 γείτων
1394 2201 1436 2280 ὃ
1472 2197 1795 2305 ἔλεγχος.
1867 2198 2018 2280 ἰδοῦ
2054 2198 2196 2304 γὰρ
2254 2199 2405 2281 ἰδοὺ
2442 2198 2776 2304 Χριστὸν
2830 2202 3024 2279 ἀπο-

606 2327 999 2411 κτείναντες
1041 2323 1173 2427 τὴν
1210 2327 1271 2406 ἐν
1308 2326 1672 2434 σαββάτῳ
1710 2322 1885 2404 αἶδὼ
1920 2333 2287 2407 ποιοῦνται
2331 2327 2496 2429 περὶ
2545 2333 2860 2423 πολλοῦ,
2896 2328 3020 2407 καὶ
3054 2354 3124 2413 15

605 2457 753 2537 τοῖς
811 2450 987 2554 ὑπὲρ
1042 2449 1271 2554 λόγον
1320 2448 1747 2549 τολμήμασι
1801 2448 1931 2529 τὸν
1965 2449 2355 2552 νομοθέτην
2392 2452 2844 2553 ὑβρίσαντες,
2881 2450 3024 2550 τὴν

602 2578 701 2661 είς
750 2573 877 2656 τὸν
928 2572 1148 2674 νόμον
1191 2572 1570 2672 εὐλάβειαν
1612 2572 2199 2679 σχηματίζονται·
2277 2575 2603 2680 μεγάλην
2653 2572 2732 2655 δὲ
2780 2575 3025 2657 οὖσαν

603 2701 842 2782 ἐκείνου
880 2697 968 2799 δὴ
1010 2697 1338 2798 μάλιστα
1392 2701 1504 2781 rof}
1558 2699 1937 2794 σαββάτου
1991 2698 2124 2800 τὴν
2162 2700 2406 2809 ἡμέραν
2442 2709 3025 2803 προσποιοῦνται

603 2830 836 2926 τιμᾶν,
878 2829 944 2906 οἱ
989 2822 1116 2905 τὸν
1152 2828 1279 2925 τῆς
1327 2823 1651 2927 μεγάλης
1686 2824 1950 2926 ἡμέρας
1987 2823 2357 2910 ἀνελόντες
2397 2824 2687 2928 Κύρων,
2727 2829 3030 2907 αἰτοῦσί

603 2985 683 3032 τε
703 2948 915 3056 χάριν
937 2949 1069 3051 τὴν
1105 2951 1343 3034 αὐτοῖς
1371 2952 1488 3029 καὶ
1511 2949 1757 3048 μόνοις
1784 2948 2417 3052 πρεπωδεστάτην.
2472 2949 3024 3053 συνθραύεσθαι
3051 2982 3126 3022 20

607 3073 755 3179 γὰρ
784 3080 998 3156 αὐτῶν
1033 3072 1126 3155 τῖι
1160 3074 1380 3169 σκέλη
1417 3070 2035 3179 παρακεκλήκασι,
2064 3073 2498 3178 θερμοτέραν
2531 3084 2661 3155 τοῦ
2699 3073 3023 3156 θανάτου

605 3198 737 3300 τὴν
765 3199 1050 3308 ἔφοδον,
1080 3196 1198 3278 διὰ
1234 3203 1362 3299 τῆς
1397 3196 1770 3306 ἀφορήτου
1806 3193 2066 3279 λοιπόν
2102 3199 2331 3284 αἰκίας
2356 3207 2499 3285 τοῖς
2530 3198 2668 3301 ἤδη
2696 3207 3023 3299 καμοῦσι

606 3317 1275 3427 κατασκευάζοντες.

506 3538 846 3626 33Ἠλθον
910 3536 1024 3604 οὖν
1088 3532 1150 3603 οἶ
1220 3537 1639 3627 στρατιῶται,
1692 3539 1799 3606 καὶ
1859 3546 1974 3608 τοῦ
2038 3541 2157 3619 μὲν
2220 3538 2486 3632 πρώτου
2550 3541 2878 3610 κατέαξαν
2932 3545 3019 3609 τὰ

507 3687 583 3746 33

271 3864 535 3925 1074Δ.
552 3878 588 3919 a

508 3960 585 4016 34

508 4065 583 4126 35

709 3666 906 3733 σκέλη
965 3664 1073 3729 καὶ
1126 3671 1240 3731 τοῦ
1295 3665 1500 3730 ἄλλου
1550 3668 1665 3731 τοῦ
1712 3665 2287 3755 συσταυρωθέντοσ
2343 3665 2544 3750 αὐτῷ,
2600 3665 2711 3731 έπί
2764 3665 2833 3732 δὲ
2896 3668 3017 3735 τὸν
3049 3697 3124 3759 25

696 3793 957 3858 Ἰησοῦν
1006 3791 1313 3860 έλθόντεο
1358 3792 1452 3856 ὡς
1499 3784 1677 3857 εἶδον
1724 3793 1921 3858 αὐτὸν
1967 3791 2093 3857 ιῖδη
2141 3793 2520 3872 τεθνηκότα,
2561 3792 2636 3857 οὐ
2682 3793 3017 3862 κατέαξαν

711 3919 910 3985 αὐτοῦ
965 3917 1044 3985 τὰ
1101 3920 1320 4000 σκέλη,
1373 3920 1508 3984 ἀλλ’
1571 3913 1668 3984 εἷο
1722 3918 1854 3985 τῶν
1910 3920 2331 4007 στρατιωτῶν
2385 3923 2582 4008 λόΓχη
2636 3919 2836 3986 αὐτοῦ
2897 3921 3018 3987 την

709 4043 999 4133 πλευρὰν
1060 4045 1270 4125 ἔνυξε,
1334 4043 1440 4109 καὶ
1510 4043 1782 4112 ἐξῆλθεν
1856 4042 2045 4108 εὐθὺς
2117 4038 2278 4121 αἷμα
2350 4043 2457 4108 καὶ
2518 4043 2720 4135 ὕδωρ.
2795 4045 2905 4109 καὶ
2980 4048 3020 4113 ὁ

707 4168 1027 4259 ἑωρακὼς
1080 4171 1561 4261 μεμαρτύρηκε,
1604 4169 1710 4233 καὶ
1766 4169 2048 4235 ἀληθινή
2100 4169 2274 4236 έστιν
2330 4169 2530 4236 αὐτοῦ
2580 4171 2617 4235 ἡ
2666 4172 3018 4261 μαρτυρία,

764 4319 890 4391 μένῃ
918 4320 1125 4392 Migne.
1767 4318 2224 4389 ρίως-ἀνημέρως
2249 4320 2315 4374 Ε.
2339 4319 2882 4412 ἅγριοις-ἀνημίροις
2909 4321 3018 4379 Ed.

604 4389 656 4445 6.
683 4336 916 4449 ἀνοσίως
943 4391 1008 4446 Ε.
1243 4392 1298 4446 8.
1335 4390 1557 4459 ὕπομενο
1560 4411 1680 4447 ντας
1608 4318 1800 4446 5Εγρ
1798 4388 1902 4445 Ed.
1927 4408 2023 4461 mg
2026 4390 2226 4460 ,ὑπομε
2215 4392 2402 4447 ’νοντας
2427 4390 2530 4446 Ed.
2553 4391 2950 4485 ὑπομείναντας
2955 4394 3017 4449 F.

609 4479 673 4553 πρ
678 4501 692 4516 .
729 4461 997 4519 ἀνελόντες
1023 4459 1216 4534 Κύριον
1236 4461 1342 4516 hoc
1364 4460 1553 4515 ordine
1578 4460 1646 4515 Ε.
1984 4408 2123 4515 g28.
2162 4461 2382 4532 ἐξῆλθεν
2404 4461 2570 4553 εὐθὺςἲ
2577 4484 2631 4516 αι
2613 4459 2704 4531 {pa
2729 4462 2794 4517 Ε.
2801 4464 2861 4518 F.
2887 4461 3018 4532 αἷμα

600 4479 802 4660 {gfff-,r
830 4533 1009 4659 ιηῐῇῧθεΕο
989 4532 1090 4589 Ed
1099 4483 1203 4587 petel
1227 4530 1416 4589 εὐθέως
1438 4530 1657 4602 ἐξῆλθεν
1684 4530 1943 4602 (rubrice)
1973 4530 2015 4585 F
2039 4549 2150 4603 mg.
2387 4548 2474 4604 29.
2512 4534 2671 4588 αυτοῦ
2694 4533 2726 4602 ἡ
2750 4539 3016 4605 μαρτυρία
