3269 5166
553 326 674 382 644

646 507 802 563 1034
836 520 870 560 c
892 503 929 560 d
1001 502 1122 578 ipse
1171 501 1293 559 sine
1341 499 1709 559 excusatione

645 605 801 661 1038
831 601 889 666 d,
937 604 1092 660 1052
1121 619 1175 668 c,
1226 603 1379 658 1054
1410 619 1444 656 a
1503 598 1711 657 timore

644 699 826 757 victus
859 703 1013 758 1052
1041 698 1097 756 b.

558 797 767 873 Plagae
809 814 1019 872 paucae
1061 804 1120 852 et
1164 795 1376 853 multae
1417 812 1711 852 servorum

535 878 542 885 ⁸
639 894 870 951 Domini
912 894 1261 951 voluntatem
1310 892 1611 950 scientium
1652 900 1711 949 et

638 992 1016 1050 nescientium
1072 995 1191 1050 636
1222 990 1261 1048 b
1288 1010 1321 1048 c
1350 990 1407 1056 d,
1454 993 1570 1049 728
1601 1009 1633 1047 c
1652 989 1708 1054 d,

642 1091 706 1147 Μ
743 1094 816 1148 17
847 1091 964 1156 fin„
1006 1093 1101 1157 18,
1143 1090 1221 1146 iii.
1254 1093 1372 1148 450
1400 1097 1520 1146 not.
1573 1087 1713 1144 Vide

641 1187 945 1264 Supplicia.

559 1286 915 1345 Plaudebant
940 1284 1418 1361 praedicatoribus
1451 1282 1709 1341 nonnulli

639 1385 717 1443 iii.
748 1390 825 1444 47
832 1391 882 1444 3.

559 1482 750 1541 Plebis
820 1483 994 1540 duces
1062 1500 1167 1558 pro
1221 1498 1404 1557 grege
1457 1478 1710 1555 perituro

639 1581 917 1638 rationem
946 1580 1186 1638 reddent
1213 1582 1334 1637 460
1363 1579 1451 1635 ab
1469 1597 1519 1636 e.

560 1687 596 1711 ‘¹
623 1677 852 1735 Pluviae
874 1676 1340 1735 Benedictionis”
1371 1676 1505 1752 quid
1523 1678 1637 1733 651
1661 1693 1709 1731 c.

558 1775 749 1833 Poena
791 1777 952 1850 pejor
995 1775 1303 1851 paralytico
1348 1792 1474 1831 esse
1515 1779 1712 1848 posset

640 1872 747 1929 nisi
778 1891 840 1930 se
867 1872 1209 1930 custodisset
1233 1875 1350 1930 597
1375 1872 1414 1928 d
1460 1871 1709 1928 immise-

639 1970 942 2027 ricordium
970 1970 1047 2029 iii.
1078 1974 1214 2029 565.

559 2068 972 2126 Poenitentiam
1035 2069 1277 2135 differre,
1335 2068 1711 2145 periculosum

643 2170 761 2225 297
793 2186 841 2234 e,
874 2170 991 2226 298
1022 2187 1071 2226 a.

562 2265 950 2323 Poeniteutiae
978 2266 1192 2323 utilitas
1222 2267 1300 2324 iii.
1327 2270 1461 2325 429.

562 2371 598 2393 ‘⁸
630 2362 894 2420 Pontifex
983 2363 1302 2420 misericors
1327 2363 1361 2385 '’
1445 2360 1714 2421 Christus

642 2461 928 2534 quomodo
955 2459 1032 2517 iii.
1059 2463 1174 2519 465
1227 2460 1409 2517 fidelis
1426 2458 1455 2485 ”
1485 2460 1559 2517 iii.
1593 2464 1710 2519 466

641 2556 941 2615 oblationis
983 2576 1120 2616 suae
1161 2558 1238 2618 iii.
1269 2563 1387 2618 477
1459 2577 1587 2617 curn
1625 2558 1713 2617 Eo

639 2653 744 2714 Oui
765 2655 1014 2713 oblatum
1036 2665 1124 2714 est
1142 2655 1508 2733 Oo-aequalis
1516 2656 1710 2717 Chris-

640 2761 735 2811 tus
761 2752 835 2812 iii.
867 2757 1005 2813 468.

558 2848 734 2909 Porta
778 2858 836 2909 et
884 2860 1082 2928 portae
1126 2852 1407 2911 Dominus
1449 2851 1713 2912 Christus

644 2952 760 3008 638
790 2949 846 3008 b.

561 3046 952 3123 Praeceptoris
985 3056 1074 3106 est
1103 3048 1410 3124 repetendo
1439 3067 1553 3105 non
1581 3066 1715 3124 gra-

640 3145 778 3212 vari,
809 3146 914 3203 sibi
956 3165 1141 3204 noxae
1183 3146 1385 3222 majori
1413 3165 1583 3221 quam
1611 3164 1708 3202 au·

642 3242 922 3301 ditoribus
992 3244 1279 3302 silentium
1336 3251 1538 3319 putare
1606 3260 1714 3299 nec

642 3340 878 3399 Domini
900 3341 1181 3400 talentum
1202 3341 1261 3398 iu
1282 3341 1489 3417 ignava
1512 3340 1715 3397 inertia

642 3440 865 3498 tradere
899 3442 1013 3498 128
1044 3459 1094 3505 e,
1132 3444 1245 3498 129
1276 3439 1383 3504 ab,
1413 3439 1486 3496 cf.
1516 3440 1629 3497 192
1660 3456 1711 3504 e,

645 3540 762 3595 508
811 3538 865 3603 b,
921 3540 1037 3596 565
1089 3537 1147 3604 d,
1204 3537 1278 3594 iii.
1333 3540 1450 3594 473
1525 3535 1715 3593 modis

641 3634 812 3692 variis
876 3634 931 3690 di
1032 3634 1191 3691 ‘liora
1243 3633 1545 3709 explanare
1597 3635 1711 3691 148

643 3730 698 3797 b,
744 3733 862 3788 214
907 3750 956 3798 e,
1009 3731 1079 3790 cf.
1113 3735 1229 3790 352
1257 3732 1348 3789 bc
1411 3731 1715 3808 neophytis

641 3828 811 3886 fidem
843 3829 1043 3886 afferre
1065 3829 1253 3905 potius
1275 3847 1440 3903 quam
1465 3829 1714 3887 rationes

648 3930 762 3985 149
786 3945 834 3984 e.

558 4023 927 4100 Praeceptori
968 4025 1166 4100 culpae
1204 4043 1320 4082 non
1359 4033 1446 4081 est
1490 4023 1710 4080 audito-

642 4142 766 4180 rum
815 4122 1054 4180 tarditas
1100 4126 1212 4181 148
1243 4141 1275 4180 e
1346 4129 1446 4179 aut
1487 4139 1713 4179 recusa-

644 4220 725 4278 tio
772 4222 886 4278 961
941 4238 974 4276 c
1057 4219 1333 4277 docentur
1387 4238 1422 4275 a
1464 4218 1715 4276 Domino

643 4317 1031 4393 proximorum
1057 4316 1299 4374 salutem
1312 4316 1542 4392 majoris
1551 4317 1716 4374 aesti-

642 4431 799 4471 mare
848 4431 1018 4488 quam
1074 4413 1159 4472 sui
1217 4413 1473 4490 corporis
1521 4432 1715 4472 curam

650 4512 763 4566 196
785 4510 822 4565 b
843 4528 891 4565 c.

1357 317 1683 378 INDEX
1768 316 2140 375 RERUM.

2733 332 2977 371 rnen

1810 498 2213 576 Praeceptores
2286 498 2477 555 inania
2542 499 2976 575 interrogantes

1892 599 2038 655 male
2066 598 2254 655 ferunt
2283 600 2402 654 295
2431 596 2535 655 de.

1812 694 2279 771 Praeceptoribus
2296 693 2749 752 submittendum
2778 697 2899 752 308
2918 692 2974 750 b.

1813 793 2249 868 Praeceptorum
2290 793 2571 849 bonorum
2614 791 2857 848 verbum
2903 791 2976 847 ad

1892 892 2161 949 virtutem
2207 891 2515 965 vitamque.
2563 888 2852 945 malorum
2900 889 2973 945 ad

1893 988 2267 1065 perditionem
2298 992 2418 1047 445
2448 1007 2499 1053 e.
2545 989 2665 1046 446
2693 1006 2729 1043 a
2806 1006 2972 1061 repe·

1891 1096 2021 1145 tens
2067 1086 2394 1164 exemplum
2436 1086 2610 1143 habet
2652 1084 2969 1160 agricolam

1891 1186 2144 1243 laborem
2190 1193 2540 1260 repetentem
2588 1185 2708 1241 508
2737 1183 2828 1240 ed
2889 1182 2966 1240 D.

1893 1283 2131 1342 Paulum
2163 1286 2281 1342 508
2305 1283 2359 1340 d.

1814 1381 2173 1456 Praeceptori
2202 1380 2493 1455 exemplar
2520 1377 2808 1444 Christus,
2851 1397 2968 1436 non

1893 1498 2092 1537 omnes
2117 1479 2343 1536 lucrans
2373 1477 2460 1534 vel
2489 1475 2625 1552 Ipoe
2655 1480 2775 1535 533
2822 1485 2970 1533 tem-

1892 1596 2032 1653 pora
2047 1575 2443 1634 convenientia
2458 1575 2771 1632 observans
2792 1577 2971 1631 7222.

1812 1675 2216 1750 Praeceptores
2251 1673 2323 1730 ad
2354 1672 2537 1729 Deum
2568 1671 2683 1741 Qui
2718 1671 2971 1728 fructum

1892 1775 2419 1846 incrementumque
2448 1771 2565 1835 dat,
2587 1770 2844 1846 aspicere
2871 1771 2971 1826 de-

1893 1872 2032 1929 bent
2060 1874 2173 1929 901
2202 1869 2240 1926 d
2302 1878 2570 1944 tanquam
2614 1876 2674 1926 et
2715 1868 2975 1943 agricola

1896 1971 2009 2027 901
2044 1987 2076 2026 e
2152 1986 2269 2024 non
2306 1967 2533 2043 gravari
2564 1975 2666 2023 aut
2705 1966 2971 2031 deficere,

1895 2067 1942 2124 si
1970 2066 2219 2124 fructum
2247 2083 2362 2122 non
2389 2064 2619 2121 videant
2650 2068 2791 2122 902.

1812 2164 2283 2239 Praeceptoribus
2332 2181 2575 2238 gregum
2631 2161 2970 2237 spiritalium

1894 2281 2029 2321 cura
2057 2260 2400 2336 praecipitur
2432 2263 2587 2319 1119
2618 2259 2673 2318 d.

1813 2361 2216 2435 Praeceptores
2260 2358 2330 2415 iis
2377 2358 2474 2434 qui
2517 2357 2793 2415 animales
2834 2367 2975 2415 sunt

1896 2477 2038 2533 opus
2120 2457 2429 2532 spiritales·
2459 2458 2519 2511 M
2577 2458 2657 2514 54
2744 2456 2807 2512 in
2863 2455 2978 2514 Die

1893 2555 2101 2616 Judicii
2129 2555 2451 2613 auditorum
2480 2554 2814 2613 surditatem
2843 2573 2978 2630 pro-

1895 2655 2042 2712 ferre
2069 2673 2185 2712 non
2211 2661 2483 2730 poterunt
2510 2654 2585 2710 iii.
2619 2657 2696 2711 47
2702 2656 2757 2711 3.

1815 2751 2167 2810 Praedicatio
2210 2752 2539 2828 evangeliea
2577 2750 2797 2809 Christi
2840 2771 2977 2828 pro-

1896 2851 2016 2927 prie
2047 2856 2187 2910 534.
2245 2849 2383 2907 Vade
2410 2850 2671 2906 Animus.

1817 2948 2092 3014 Praemia,
2150 2966 2266 3005 uon
2318 2966 2537 3023 poenae
2584 2953 2835 3011 tantum,
2882 2945 2975 3004 Is-

1897 3045 2110 3103 raelitis
2163 3045 2477 3103 afferuntur
2534 3047 2652 3102 423
2689 3045 2729 3101 d
2807 3064 2973 3101 sanc-

1897 3153 2084 3201 torum
2128 3162 2244 3200 non
2288 3161 2462 3217 parva
2502 3142 2572 3199 Μ
2603 3145 2682 3200 28
2762 3161 2981 3219 magna

1897 3241 2021 3299 Deo
2070 3239 2465 3298 obedientibus
2506 3243 2623 3299 728
2646 3240 2685 3296 d
2755 3242 2980 3316 majora

1899 3339 2228 3414 minoraque
2254 3339 2312 3395 in
2341 3338 2503 3396 coelo
2543 3340 2659 3397 763
2683 3338 2724 3394 d
2777 3357 2973 3395 eorum

1899 3438 1993 3512 qui
2024 3456 2128 3512 pro
2157 3435 2389 3493 Christo
2417 3436 2710 3511 patiantur
2739 3438 2878 3493 903.

1815 3534 2070 3593 Praemia
2109 3534 2527 3591 abundantiora
2559 3543 2626 3591 ut
2657 3535 2977 3592 severiores

1894 3633 2117 3690 labores
2146 3632 2213 3689 M
2246 3636 2323 3691 96
2362 3634 2442 3707 [p.
2470 3633 2641 3706 348].

1816 3731 2154 3807 Praeparate
2186 3730 2349 3787 Viam
2381 3730 2613 3786 Domini
2648 3733 2763 3788 109
2792 3730 2853 3787 b.

1817 3827 2200 3885 Praescientia
2221 3828 2326 3884 Dei
2350 3827 2763 3903 arbitriumque
2789 3828 2976 3886 homi-

1899 3926 1987 3983 nis
2015 3925 2253 3983 liberum
2281 3944 2395 3982 una
2422 3925 2745 3983 consistunt
2774 3929 2897 3984 976
2920 3945 2974 3983 a.

1816 4023 2023 4082 Preces
2050 4033 2108 4083 et
2135 4024 2452 4099 psalmodia
2481 4024 2745 4099 primum,
2770 4024 2980 4081 deinde

1898 4122 2112 4198 linguis
2137 4121 2294 4196 loqui
2323 4121 2389 4177 M
2422 4124 2499 4179 69
2531 4117 2611 4200 [p.
2640 4123 2760 4179 294
2789 4117 2943 4201 init]

1817 4219 1993 4277 Primi
2023 4219 2208 4285 ultimi
2237 4219 2383 4277 fiunt
2414 4222 2534 4278 206
2564 4238 2597 4276 a
2615 4220 2670 4277 b.

1824 4317 2109 4374 Primitiae
2153 4324 2392 4375 naturae
2436 4303 2667 4374 nostrae
2710 4317 2979 4375 Christus

1901 4419 2020 4473 814
2050 4414 2088 4471 d
2138 4413 2569 4472 resurrectionis
2608 4421 2668 4471 et
2709 4409 2859 4473 vita'e
2906 4415 2972 4472 M

1904 4517 1979 4570 74
2013 4513 2127 4585 fin„
2161 4515 2235 4571 76
2270 4514 2347 4588 [ρ.
2376 4512 2540 4585 308].
