3269 5166
701 370 785 434 10
1306 366 1387 433 Β.
1434 364 1851 432 CYRILLI
1908 364 2494 430 ALEXANDR.
2818 359 2967 427 xvii.
2992 372 3080 443 25.

818 528 1035 614 Μετὰ
1090 533 1327 614 τοίνυν
1360 567 1447 614 το
1495 539 1722 613 ταῦτα
1770 535 2011 629 εἰπεῖν,
2047 525 2323 611 δίκαιον
2357 527 2562 614 εὐθὺς
2595 526 2953 609 ἀποκαλεῖ
2974 521 3086 602 τὸν

704 658 1000 763 Πατέρα
1046 659 1161 738 καὶ
1210 654 1417 757 μάλα
1452 655 1762 747 εἰκότως,
1801 654 1886 736 οὗ
1923 656 2075 736 κατ’
2115 655 2435 735 εὐδοκίαν
2472 687 2591 734 και
2625 651 2938 751 θέλησιν
2969 646 3078 751 γε’·

700 816 912 888 γονεν
944 781 1390 886 ἅνθρωπος
1359 814 1398 859 ο
1434 777 1694 877 Υἱος,“’
1663 814 1777 859 ινα
1814 781 1932 859 καὶ
1965 786 2095 859 τοῦ
2132 777 2250 859 διὰ
2279 777 2704 877 Πνεύματος
2743 776 3086 879 ἁγιασμοῦ

703 942 819 989 και
873 911 1001 1007 τῆς
1035 939 1218 1010 προς
1255 904 1449 985 Θεὸν
1493 902 1818 987 ἑνώσεως
1867 906 1984 984 καὶ
2032 912 2162 984 τοῦ
2210 909 2366 988 ταῖς
2421 901 2571 984 ἀνω
2615 907 2874 1001 μοναῖς
2908 900 3085 977 ἐναυ-

702 1030 1050 1135 λίζεσθαι,
1106 1031 1430 1111 συνεῖναί
1483 1063 1561 1109 τε
1623 1031 1740 1109 καὶ
1796 1027 2370 1128 συμβασιλεύειν
2431 1028 2626 1135 αὐτῷ
2679 1031 2778 1132 τῇ
2837 1025 3128 1124 ἀνθρω-5

363 1144 496 1261 ffb·
511 1141 568 1195 θ’
634 1166 680 1235 b
703 1157 870 1263 πείᾳ
927 1154 1148 1264 φύσει
1211 1154 1501 1257 γε’νηται
1555 1151 1925 1260 πρόξενος,
1987 1151 2366 1258 ἐκτισμένῃ
2421 1149 2553 1250 μὲν
2619 1160 2665 1199 “
2704 1151 2817 1231 ἐπ’
2882 1145 3086 1250 ἔργοις

362 3024 449 3077 Ps.
466 3024 636 3076 cxviii.

368 3101 480 3156 137.

704 1281 1069 1383 ἀγαθοῖς·”
1128 1279 1365 1359 ἔκτισε
1399 1276 1545 1383 γὰρ
1582 1278 1711 1358 οὐκ
1748 1280 1863 1357 ἐπὶ
1900 1278 2111 1384 κακίᾳ
2145 1277 2274 1358 τὸν
2310 1275 2695 1381 ἄνθρωπον
2736 1275 2780 1356 ὃ
2819 1270 2996 1355 Θεὸς
3025 1270 3086 1348 ἐν

701 1408 974 1510 ἀρχαῖς·
1031 1400 1674 1507 παρατετραμμένη
1730 1398 1806 1482 δὲ
1855 1399 2040 1505 πρὸς
2096 1399 2523 1509 φαυλότητα
2576 1408 2737 1486 ταῖς
2798 1394 3085 1480 ἀνοσίοις

698 1537 828 1609 τοῦ
883 1526 1234 1623 διαβόλου
1287 1532 1660 1632 μηχαναῖς,
1700 1528 1817 1605 καὶ
1868 1529 1996 1626 τῆς
2040 1528 2345 1632 ἀρχαίας
2393 1524 2658 1626 ἐκείνης
2692 1528 2822 1606 καὶ
2857 1524 3080 1623 θεοφι-

698 1661 876 1737 λοῦς
921 1655 1215 1757 ἀγωγῆς
1258 1649 1579 1755 καθάπερ
1622 1648 1816 1736 τινὸς
1854 1653 2033 1736 ἰδίας
2078 1650 2700 1758 ε’κμεμοχλευμένη
2742 1647 3077 1753 κρηπῖδος.
3103 1673 3148 1715 10

697 1775 788 1879 ἦν
823 1775 967 1882 γὰρ
1001 1774 1090 1878 δὴ
1128 1777 1244 1857 καὶ
1281 1778 1572 1876 ἀληθῶς
1609 1773 1722 1855 ὅτι
1756 1774 2091 1874 μάλιστα
2122 1776 2400 1879 πρέπον
2441 1777 2545 1884 τῷ
2580 1775 2836 1883 δικαίῳ
2876 1766 3082 1868 Πατρῖ

697 1899 784 1983 τὸ
843 1900 1335 2007 καταῤῥαχθὲν
1371 1903 1449 1981 ἐκ
1503 1899 1930 2008 πλεονεξίας
1986 1902 2287 2008 ὑψῶσαι
2342 1899 2591 1998 πάλιν,
2625 1902 2750 1980 καὶ
2789 1897 2876 1979 τὸ
2913 1893 3013 2000 ἐφ’
3045 1885 3084 1968 ἆ

699 2025 800 2126 μὴ
849 2029 1218 2128 προσῆκεν
1262 2023 1821 2132 ἐξειλκυσμένον
1871 2031 1968 2110 εἰς
2020 2023 2154 2125 τὴν
2207 2027 2284 2104 ἐν
2338 2028 2592 2130 ἀρχαῖς
2644 2021 3081 2117 καταστῆσαι

700 2150 927 2247 θέσιν,
1002 2152 1118 2230 καὶ
1189 2149 1621 2258 ἀπαλλάξω
1695 2149 1827 2249 μὲν
1899 2148 2248 2253 ἁμαρτίας
2319 2153 2448 2249 τῆς
2514 2142 3073 2240 ἀκαλλεστᾶτης,

702 2272 1175 2371 μεταπλάσαι
1231 2270 1306 2353 δὲ
1365 2272 1619 2379 ὥσπερ
1681 2281 1775 2359 εἶς
1832 2273 2070 2355 εἰκόνα
2125 2273 2259 2376 τὴν
2314 2272 2635 2378 πρώτην,
2696 2271 2789 2354 τὸ
2857 2270 2966 2351 καὶ
3019 2263 3080 2342 ἐν
3099 2284 3144 2348 ¹5

645 2435 683 2480 ο
705 2400 957 2504 ἀρχαῖς
995 2400 1182 2479 οὕτω
1230 2399 1734 2498 πεποιημένον·
1814 2397 1943 2478 τὸν
1981 2397 2069 2478 δέ
2108 2432 2193 2502 γε
2228 2400 2742 2506 συντρίψαντα
2782 2396 2898 2478 καὶ
2932 2394 3073 2471 ἀνο-

702 2523 886 2607 σίως
927 2527 1414 2629 παραφθεῖραι
1462 2521 1977 2623 τετολμηκότα,
2011 2522 2343 2605 τουτέστι
2394 2520 2525 2604 τὸν
2567 2527 2919 2617 σατανᾶν,
2955 2517 3080 2595 ταῖς

698 2647 893 2754 αὐτῷ
957 2644 1404 2749 πρεπούσαις
1481 2646 1844 2727 ὑποθεῖναι
1906 2655 2209 2748 ποιναῖς,
2280 2682 2339 2727 ει
2405 2682 2523 2729 και
2584 2645 2850 2752 μικρὸν
2912 2638 3078 2739 οἶμαι

700 2769 952 2874 γένοιτ’
992 2806 1085 2853 αν
1127 2776 1275 2852 πᾶν
1307 2766 1490 2855 εἶδος
1538 2771 1777 2851 ἐκείνω
1829 2772 2332 2876 κολαστηρίων
2377 2771 2748 2874 τοσαύτην
2785 2765 3072 2872 ενδειξα·

698 2895 890 3006 με’νῳ
945 2894 1127 2977 κατὰ
1164 2901 1359 2977 Θεοῦ
1394 2895 1578 3056 x'‘r-1⁸71!
1597 2896 1967 2978 ἀπόνοιαν.
2050 2893 2109 2977 ὦ
2162 2906 2547 3003 τοιγαροῦν
2592 2895 2824 3006 Πάτερ
2882 2879 3086 2975 δίκαιε
3097 2910 3145 2953 ²⁰

700 3028 890 3132 φησι
929 3034 972 3072 “
997 3024 1294 3108 Δίκαιος
1327 3019 1473 3126 γὰρ
1509 3018 1591 3119 εἷ,
1631 3025 1751 3103 καὶ
1794 3019 2069 3125 ἀγαθος
2119 3058 2236 3103 και
2267 3022 2478 3123 εὐθὴς
2522 3023 2568 3122 ἡ
2616 3021 2858 3126 κρίσις
2900 3008 3071 3108 cous

701 3147 1310 3257 καταπέμψαντος
1365 3152 1468 3256 τῷ
1533 3145 1789 3256 κόσμῳ
1844 3145 2028 3252 πρὸς
2080 3148 2486 3250 ἐπικουρίαν
2541 3148 2659 3228 καὶ
2707 3140 3076 3226 ἀνανέωσιν

700 3270 825 3370 ἐμὲ
898 3271 1024 3352 τὸν
1097 3271 1238 3352 σὸν
1331 3275 1622 3370 ἀληθῶς
1700 3276 1819 3353 καὶ
1913 3270 2218 3375 γνήσιον
2291 3273 2495 3353 Υἱόν.
2591 3272 2766 3351 ἀλλ’
2847 3265 2906 3347 ὦ
2971 3262 3075 3358 ‘¹75⁹

702 3394 962 3490 ἀνοίας,
1020 3394 1271 3501 φησίν·
1366 3393 1544 3473 ὄντα
1596 3393 1742 3500 γάρ
1800 3431 1880 3478 σε
1935 3404 2260 3477 τοιοῦτον
2321 3404 2352 3478 ὅ
2415 3396 2673 3502 κὸσ-μος
2738 3398 2859 3477 οὐκ
2915 3388 3073 3491 ἔγνω·

700 3515 748 3617 ἢ
786 3515 929 3619 γὰρ
979 3514 1069 3597 ἀν
1105 3514 1310 3601 εὐθὺς
1360 3514 1493 3616 τὴν
1529 3521 1716 3600 οὕτω
1753 3520 2275 3629 φιλάνθρωπον
2326 3518 2798 3621 ἐννοήσαντες
2847 3515 3075 3625 ψῆφον
3094 3521 3146 3585 ²5

635 3648 678 3713 d
703 3643 820 3721 καὶ
873 3648 1093 3740 νεῦμα
1142 3639 1227 3722 τὸ
1272 3641 1615 3744 γαληνὸν,
1654 3643 2168 3750 προσέδραμόν
2202 3678 2279 3725 τε
2316 3650 2420 3754 τῷ
2461 3641 2789 3747 σώζοντι,
2828 3639 2947 3722 καί
2971 3660 3076 3713 0'0‘

701 3769 1082 3868 προσῆγον
1118 3767 1437 3848 ἐθελοντὶ
1474 3767 1607 3869 τὴν
1645 3771 2010 3874 λατρείαν.

813 3895 1045 3971 Ταυτὶ
1108 3891 1240 3991 μὲν
1298 3891 1424 3972 οὖν
1486 3893 1527 3972 ὁ
1584 3893 1915 3997 Χριστὸς
1979 3894 2336 3997 διελέγετο
2399 3901 2503 4005 τῷ
2570 3895 2831 4000 Πατρὶ,
2891 3880 3077 3993 χάριν

698 4012 949 4117 ὥσπερ
985 4014 1117 4115 τὴν
1157 4014 1334 4168 ὑπερ
1371 4016 1574 4116 ἡμῶν
1607 4020 1725 4097 καὶ
1761 4021 1847 4098 δι’
1887 4018 2073 4118 ἡμᾶς
2108 4021 2555 4117 ἀνατιθεις,’
2519 4021 2806 4123 επείπερ
2841 4011 3074 4096 δίκαιος

699 4137 798 4215 ὧν
835 4138 1167 4220 ἐπένευσε
1217 4139 1347 4238 μὲν
1381 4147 1528 4225 τοῖς
1580 4176 1658 4222 εκ
1708 4142 2128 4249 πλεονεξίας
2164 4150 2486 4225 παθοῦσι
2535 4141 2668 4246 τὴν
2703 4131 3066 4240 σωτηρίαν,
3094 4147 3147 4208 3⁰

700 4262 1121 4344 κατεδίκασε
1183 4263 1257 4346 δε
1317 4273 1445 4345 τοῦ
1509 4262 1858 4363 διαβόλου
1926 4266 2058 4368 τὴν
2123 4268 2514 4350 ἀπώλειαν.
2609 4270 2727 4349 καὶ
2783 4297 2907 4347 τον
2963 4247 3075 4354 μὲν

777 4559 857 4613 15.
896 4566 980 4600 και
1003 4553 1345 4617 assumptum
1376 4563 1441 4602 ex
1467 4546 1533 4603 E.
1894 4565 1979 4604 21.
2018 4548 2168 4606 εὐθὺς
2193 4550 2258 4605 Ε.
2621 4561 2708 4621 27.
2744 4543 2996 4620 προσῆγον
3019 4525 3069 4581 Ε·

696 4615 1038 4689 προσήγαγον
1064 4615 1166 4670 Ed.
