3269 5166
314 428 340 495 [
409 425 536 491 H]
604 327 732 392 178
935 329 1013 393 Β.
1062 327 1442 393 CYBILLI
1493 322 2033 391 ALEXANDB.
2086 319 2660 388 FRAGMENTA
2783 316 3008 382 iii.21.

359 440 385 477 2
474 463 488 478 0

693 490 729 520 0⁹
1149 491 1172 517 S

606 500 650 539 ‘⁶
685 525 990 575 εκαστος
1041 526 1186 595 προ
1268 490 1395 572 τὸν
1448 491 1772 589 πλησίον
1827 489 2065 569 αὐτοῦ·
2145 488 2261 566 καὶ
2318 483 2690 589 προσέσχε
2741 483 3013 585 Κύριος

607 626 653 663 “
690 618 809 695 καὶ
866 614 1317 716 εἶσήκουσε.”
1409 613 1673 714 ταύτης
1740 613 1959 709 ἕνεκα,
2026 613 2238 717 φησὶ,
2300 615 2430 710 τῆς
2493 610 2721 694 αἰτίας
2779 603 3013 715 ᾤοντό

418 772 460 827 3
489 768 584 826 H.
609 773 792 824 τινες
839 737 1002 823 τοὺς
1052 740 1395 822 ἶουδαίους
1444 739 1681 838 λέγειν
1720 737 2106 842 Ποιήσωμεν
2147 738 2242 815 ταὶ
2296 732 2500 815 aaz&
2552 733 2664 813 ‘lm
2716 729 2867 845 ἔλθῃ
2918 727 3019 809 τιὶ

610 863 878 966 ἀγαθαί·
971 858 1208 944 ἔνδικον
1281 861 1511 967 γεμὴν
1583 862 1657 941 τὶ
1728 865 1944 967 κρῖμα.
2017 856 2266 956 εἰπὼν,
2337 861 2383 960 ἢ
2461 865 2607 938 τῶν
2681 852 3021 937 ἲουδαίοις

610 986 1178 1093 ἐπιφημιζόντων
1228 989 1478 1083 ἐκεῖνα,
1520 985 1746 1087 ἤγουν
1781 991 1927 1064 τῶν
1963 983 2200 1086 λέγειν
2237 982 2824 1081 ἀποτολμώντων
2845 976 3019 1060 “Ora
3047 995 3084 1055 5

612 1113 990 1214 ποιήσωμεν
1026 1109 1119 1193 ταὶ
1158 1110 1360 1193 κακαὶ
1389 1111 1503 1192 ἵνα.
1541 1108 1693 1225 ἔλθῃ
1733 1106 1825 1190 τὶ
1862 1107 2125 1212 ἀγαθά.

369 1380 438 1421 21
465 1380 588 1440 sqq.
822 1354 976 1421 Νυνὶ
1030 1355 1101 1420 δὲ
1156 1356 1355 1443 χωρίο
1410 1353 1610 1430 νόμου
1668 1351 2041 1418 δικαιοσύνη
2096 1351 2266 1416 Θεοῦ
2322 1351 2819 1439 πεφανέρωται.

280 1533 595 1586 S·1·¹²0·i·⁶·
731 1515 924 1598 Οἶδα
958 1516 1068 1598 ὅτι
1102 1517 1501 1621 γέγραπται
1536 1517 1705 1619 περί
1747 1550 1981 1615 τινων,
2020 1514 2129 1595 ὅτι
2177 1525 2220 1563 “
2246 1514 2440 1615 ἦσαν
2476 1516 2729 1595 δίκαιοι
2765 1509 3017 1617 ἀμφό-

620 1652 665 1690 “
702 1675 888 1743 τεροι
953 1640 1411 1744 πορευόμενοι
1484 1643 1560 1721 ἐν
1622 1647 1776 1724 ταῖς
1837 1641 2158 1722 ἐντολαῖς
2217 1642 2334 1719 καὶ
2400 1638 2835 1736 δικαιώμασι
2894 1643 3028 1715 τοῦ

624 1777 666 1813 “
703 1770 1035 1866 Χριστοῦ
1089 1763 1506 1863 ἅμεμπτοι,”
1558 1766 1675 1843 καὶ
1739 1765 1781 1843 ὁ
1839 1763 2184 1865 μακάριος
2232 1764 2306 1844 δὲ
2354 1769 2655 1847 Παῦλος
2705 1763 2869 1868 ἔφη,
2919 1760 3031 1840 ὅτι
3061 1792 3131 1834 10

286 1910 504 1962 Phil-iii·
522 1910 571 1961 6.
624 1893 740 1970 καὶ
794 1887 1006 1973 αὐτὸς
1062 1900 1106 1937 “
1132 1888 1314 1969 κατὰ
1369 1887 1829 1986 δικαιοσύνην
1881 1885 2015 1987 τὴν
2068 1889 2143 1968 ἐν
2199 1887 2395 1997 νόμῳ
2450 1886 2742 1991 γε’γονεν
2787 1886 3021 1986 ἄμεμ-

622 2025 665 2061 “
697 2013 950 2097 πτος·”
1021 2014 1189 2093 ἀλλ’
1232 2015 1272 2092 ὁ
1312 2016 1388 2093 ἐν
1422 2013 1700 2096 τούτοις
1750 2011 2138 2111 ἄμεμπτος,
2179 2015 2378 2093 οὔπω
2420 2011 2742 2116 πέπραχε
2793 2009 2888 2091 τὰ
2942 2008 3029 2091 δι’

622 2135 723 2218 ὧν
759 2137 966 2216 ἔσται
1004 2133 1339 2241 λαμπρὸς
1373 2139 1491 2217 καὶ
1527 2138 1864 2235 ἀοίδιμος·
1928 2139 2043 2216 καὶ
2079 2144 2259 2237 γοῦν
2295 2134 2507 2221 αὐτὸς
2544 2136 2685 2241 ἔφη
2723 2132 2954 2215 πάλιν
2990 2135 3030 2212 ὃ

625 2259 971 2363 μακάριος
1012 2266 1330 2358 Παῦλος,
1370 2264 1466 2345 ὡς
1513 2261 1754 2363 ἠγεῖτο
1798 2259 1930 2359 μὲν
1979 2259 2266 2341 ἅπαντα
2301 2259 2395 2340 τὰ
2431 2263 2508 2341 ἐν
2545 2260 2741 2366 νόμῳ
2777 2257 3034 2362 ζημίαν

290 2406 372 2458 rb.
399 2407 444 2457 8.
629 2388 746 2464 καὶ
800 2387 874 2464 ἐν
925 2384 1067 2493 'lo-q>
1113 2383 1515 2480 σκυβάλοις
1571 2382 2087 2486 κατελογίζετο·
2167 2384 2407 2489 ζητοίη
2461 2383 2539 2464 δὲ
2592 2382 2821 2465 πάλιν
2877 2395 2924 2432 “
2949 2381 3034 2464 τὸ
3067 2410 3137 2470 15

631 2518 675 2555 ‘⁶
713 2509 1054 2614 ὑπερέχον
1112 2513 1238 2609 τῆς
1293 2508 1630 2611 γνώσεως
1676 2510 2073 2612 Χριστοῦ.”
2144 2510 2542 2613 κατακρίνει
2600 2507 2677 2589 δὲ
2726 2505 2956 2588 πάλιν
2993 2510 3036 2588 ὁ

298 2665 324 2700 ²
341 2650 604 2715 0οΓ-1119-
632 2631 848 2733 νόμος
901 2632 1067 2719 τοὺς
1121 2635 1725 2738 παραβαίνοντας·
1807 2633 2030 2739 ταύτῃ
2075 2668 2185 2714 τοι
2240 2633 2536 2737 ἑτέρωθί
2580 2639 2816 2741 φησιν
2871 2643 2914 2680 “
2944 2638 3040 2713 Εἰ

632 2767 676 2804 “
713 2756 857 2860 γὰρ
920 2763 1010 2861 τῇ
1072 2760 1390 2865 διακονίᾳ
1446 2762 1572 2857 τῆς
1627 2758 2113 2859 κατακρίσεως
2170 2757 2371 2865 δόξα,
2426 2763 2691 2866 πολλῷ
2746 2764 3042 2855 μᾶλλον

635 2892 679 2929 “
714 2881 1126 2985 περισσεύει
1181 2883 1226 2981 ἡ
1287 2884 1604 2963 διακονία
1661 2886 1789 2982 τῆς
1844 2882 2299 2983 δικαιοσύνης
2354 2881 2604 2990 δόξῃ·”
2681 2882 3040 2981 πλείστης

634 3003 712 3086 δὲ
750 3007 971 3107 οὔσης
1007 3009 1303 3106 ἐντολῆς
1340 3009 1416 3086 ἐν
1452 3008 1669 3115 αὐτῷ,
1703 3005 1914 3087 πᾶσά
1947 3041 2102 3092 πως
2140 3007 2419 3109 ἀνάγκη
2457 3010 2573 3087 καὶ
2609 3006 2739 3087 τὸν
2774 3009 3042 3109 ἀκριβῆ
3069 3042 3142 3084 20

638 3129 1114 3234 νομοφύλακα
1163 3131 1554 3211 διαπταίειν
1592 3130 1667 3211 ἕν
1721 3165 1895 3227 τισι,
1934 3133 2050 3211 καὶ
2095 3130 2530 3234 παραβάτην
2569 3129 2789 3230 νόμου
2841 3131 3045 3212 καθί-

639 3258 987 3333 στασθαι.
1052 3256 1169 3333 καὶ
1205 3253 1315 3334 ὅτι
1353 3256 1694 3362 φορτικὸς
1727 3257 2036 3354 ἀληθῶς,
2066 3256 2691 3358 διωμολογήκασιν
2725 3258 3048 3359 ἐναργῶς

301 3382 612 3517 ῗξξῦχῗῇο.
639 3382 707 3458 οἱ
742 3375 1115 3458 θεσπέσιοι
1160 3379 1498 3479 μαθηταί·
1576 3378 1904 3484 ἔφασκον
1940 3377 2084 3481 γάρ
2147 3391 2188 3427 “
2220 3384 2379 3460 Νῦν
2418 3381 2542 3459 οὖν
2578 3381 2655 3459 τί
2683 3378 3048 3483 πειράζετε

639 3512 682 3551 “
719 3501 847 3581 τὸν
884 3500 1096 3599 Θεὸν,
1135 3504 1470 3582 ἐπιθεῖναι
1507 3501 1721 3606 ζυγὸν
1754 3505 1866 3583 ἐπὶ
1906 3501 2032 3583 τὸν
2075 3500 2446 3608 τράχηλον
2483 3509 2628 3583 τῶν
2664 3509 3042 3603 μαθητῶν,

641 3636 688 3673 “
723 3623 806 3705 ὃν
842 3628 1002 3707 οὔτε
1040 3632 1107 3707 οἱ
1138 3625 1437 3729 πατέρες
1472 3627 1673 3726 ἡμῶν
1700 3629 1858 3706 οὔτε
1890 3627 2087 3727 ἡμεῖς
2125 3627 2534 3732 ἰσχύσαμεν
2568 3625 2956 3724 βαστάσαι
2985 3626 3048 3723 ;”
3081 3657 3154 3718 25

646 3748 759 3829 ὅτε
815 3751 1050 3831 τοίνυν
1073 3750 1439 3850 ’Έλληνες
1493 3749 1625 3849 μὲν
1664 3748 1857 3849 ἦσαν
1916 3753 2034 3858 ὑφ’
2078 3752 2430 3855 ἁμαρτίαν
2469 3755 2567 3837 ὡς
2621 3752 3055 3852 ἠγνοηκότες

644 3871 771 3954 τὸν
808 3876 1260 3978 δημιουργὸν,
1296 3875 1626 3954 Ἰουδαῖοι
1663 3875 1738 3955 δὲ
1777 3879 1873 3959 ὡς
1920 3878 2046 3974 τῆς
2101 3885 2228 3955 τοῦ
2286 3875 2506 3976 νόμου
2558 3877 3056 3979 παραβάσεως

648 3997 901 4102 ἔνοχοι,
939 3997 1226 4099 ἐδέησεν
1263 3999 1665 4099 ἀναγκαίως
1714 4006 1863 4084 τοῖς
1913 3999 2123 4080 οὖσιν
2160 4002 2275 4080 ἐπὶ
2312 4003 2439 4099 τῆς
2476 4002 2610 4101 γῆς
2650 4009 2781 4080 τοῦ
2818 4005 3048 4081 δικαι-

310 4155 413 4208 Tit.
437 4152 511 4205 iii.
538 4166 585 4217 5·
650 4130 899 4205 οῦντος
932 4126 1286 4227 Χριστοῦ·
1355 4123 1867 4220 δεδικαιῶμεθα
1922 4123 2067 4226 γὰρ
2127 4134 2169 4170 “
2193 4125 2321 4204 οὐκ
2376 4122 2465 4230 ἐξ
2515 4123 2745 4228 ἔργων
2790 4130 2943 4204 τῶν
2985 4127 3061 4205 ἐν

653 4257 698 4296 “
734 4246 1152 4352 δικαιοσύνῃ
1225 4243 1325 4327 ὧν
1388 4246 1825 4348 ἐποιήσαμεν
1887 4249 2104 4350 ἡμεῖς,
2172 4246 2374 4327 ἀλλὰ
2447 4246 2630 4328 κατὰ
2702 4245 2787 4329 τὸ
2864 4247 3065 4330 πολὺ
3092 4284 3169 4344 30

724 4451 777 4502 4.
812 4429 999 4504 γεμὴν]
1026 4431 1085 4486 δὲ
1106 4431 1206 4503 μὴν
1231 4431 1299 4488 Β.
1728 4450 1810 4489 10.
1847 4438 2080 4505 Χριστοῦ
2103 4433 2352 4489 exhibere
2377 4432 2496 4490 Cat.
2523 4434 2648 4489 Vat.
2674 4443 2907 4490 testatur
2932 4435 3069 4493 Mai.

657 4501 1046 4647 &mig-eg}
1078 4510 1137 4569 -1-
1166 4507 1260 4560 rofi
1286 4503 1353 4559 B.
1739 4504 1824 4559 28.
1860 4509 1954 4559 τοῦ
1977 4505 2395 4562 emendaverunt
2421 4505 2552 4560 Mai.
2580 4504 2821 4563 Cramer.
2846 4509 2912 4563 οὗ
2940 4508 3071 4579 (sic)
