3269 5166
338 451 596 519 [9³M·]

648 343 777 405 342
992 341 1071 405 Β.
1114 339 1492 405 CYRILLI
1535 339 2070 405 ALEXANDR.
2116 340 2680 405 FRAGMENTA
2874 338 2954 401 iv.
2977 338 3032 400 6.

652 511 712 585 εἰ
762 505 861 605 μὴ
898 506 973 585 ἕν
1008 540 1094 609 γε
1141 513 1243 613 τῷ
1291 511 1607 587 νοεῖσθαι
1646 506 1832 589 Θεὸς
1870 508 1987 585 καὶ
2025 502 2211 587 εἰκῶν
2248 508 2358 586 τοῦ
2400 503 2707 607 Πατρὸς,
2742 507 2865 582 καὶ
2919 504 3040 582 οὐκ

652 632 728 708 ἐν
761 630 900 737 ’ίσῳ
935 627 1181 737 τρόπῳ
1231 635 1377 711 τοῖς
1426 629 1590 709 καθ’
1644 629 1848 728 ἡμᾶς,
1888 629 2254 713 οὐσιωδῶς
2289 627 2366 709 δὲ
2401 636 2692 728 μᾶλλον
2730 630 2852 707 καὶ
2897 634 3033 728 φυ·

650 759 926 850 σικῶςὲ
990 755 1106 832 καὶ
1161 754 1255 832 οὔ
1300 786 1370 830 τι
1416 785 1558 833 που
1609 750 1849 856 φαμὲν
1886 755 1983 836 ὡς
2038 751 2178 854 ἄρα
2235 751 2475 852 δεήσει
2527 755 2644 832 καὶ
2699 750 2922 831 αὐτὸν
2972 754 3045 830 ἐν

650 879 870 979 σαρκὶ
907 876 1256 978 γεγονότα
1300 882 1615 956 νοεῖσθαι
1668 875 1795 955 τὸν
1836 877 2150 978 Πατέρα·
2223 878 2307 957 οὐ
2343 878 2486 979 γάρ
2522 879 2722 957 ἐστιν
2759 879 2841 955 ἐν
2874 874 3038 955 τού·

650 1035 797 1085 τοις
860 1006 986 1099 τῆς
1052 998 1315 1084 εἰκόνος
1389 997 1474 1079 τὸ
1542 998 1841 1085 κάλλος·
1927 1003 2149 1080 ε’κεῖνο
2206 1001 2283 1081 δὲ
2344 1008 2635 1099 μᾶλλον
2696 1006 3050 1102 περινοεῖν
3073 1029 3105 1087 5

651 1124 876 1232 ἄξιον,
922 1129 1016 1207 ὡς
1054 1124 1239 1208 Θεὸς
1283 1122 1372 1222 ἦν
1419 1125 1459 1203 ὁ
1509 1122 1748 1226 Λόγος
1803 1127 1920 1204 καὶ
1973 1122 2117 1226 πρὸ
2173 1124 2446 1228 σαρκὸς
2500 1124 2881 1229 χαρακτὴρ
2939 1125 3052 1202 καὶ

653 1250 992 1348 ὁμοίωσις
1057 1248 1331 1352 φυσικὴ
1403 1257 1532 1328 τοῦ
1605 1248 2047 1350 γεννήτορος·
2136 1252 2253 1329 καὶ
2319 1249 2545 1329 πάλιν
2618 1251 2784 1328 καθ’
2871 1249 3053 1346 ἡμᾶς

651 1372 975 1476 γεγονότι
1032 1372 1115 1453 τὸ
1160 1375 1237 1452 ἐν
1278 1378 1528 1478 μορφῇ
1585 1377 1901 1453 νοεῖσθαι
1956 1380 2084 1452 τοῦ
2137 1372 2448 1477 Πατρὸς,
2493 1371 2802 1472 ἐνούσης
2862 1375 3053 1479 αὐτῷ

652 1503 777 1596 τῆς
840 1498 1238 1596 οἰκονομίας
1301 1495 1383 1575 τὸ
1449 1496 1920 1599 ἀνθρώπινον·
2007 1496 2438 1598 λελόγισται
2503 1498 2738 1576 τοίνυν
2811 1501 2914 1579 ὡς
2982 1495 3054 1575 ἓν

648 1621 830 1718 μετὰ
878 1625 1003 1717 τῆς
1054 1621 1230 1704 ἰδίας
1267 1618 1565 1722 σαρκός·
1641 1620 1802 1700 ἔστι
1847 1620 1923 1699 δὲ
1966 1624 2083 1700 καὶ
2121 1622 2344 1703 οὕτως
2383 1619 2566 1702 εἶκιῖν
2602 1623 2710 1699 τοῦ
2755 1619 3052 1723 Πατρὸς
3082 1647 3141 1686 10

652 1747 814 1824 καθ’
856 1744 897 1823 ὃ
935 1746 1050 1823 καὶ
1088 1743 1244 1822 ἔστι
1283 1740 1468 1828 Θεὸς
1505 1747 1621 1823 καὶ
1659 1744 1745 1850 ἐξ
1778 1744 1995 1824 αὐτοῦ
2031 1742 2447 1846 γεγέννηται
2484 1742 2665 1824 κατὰ
2706 1744 2972 1849 φύσιν.

589 1973 764 2039 6“Οο
818 1973 1111 2051 ἔλαμψεν
1164 1972 1233 2037 ὲν
1288 1968 1430 2037 ταῖς
1490 1972 1786 2060 καρδίαις
1840 1972 2028 2049 ἡμῶν
2083 1973 2252 2062 πρὸς
2303 1973 2642 2059 φωτισμὸν
2697 1981 2820 2040 τῆς
2892 1975 3052 2048 Γνώ-

314 3047 448 3097 Phil.
471 3048 540 3097 iii.
562 3047 608 3097 8.

318 4165 403 4215 Es.
435 4166 501 4215 ix.
528 4178 569 4216 2.

792 2122 961 2166 σεωο
1016 2106 1129 2164 τῆς
1183 2099 1381 2167 δόξης
1433 2104 1548 2164 τοῦ
1604 2098 1773 2164 Θεοῦ
1827 2100 1899 2164 ἐν
1954 2097 2294 2189 προσώπῳ
2334 2099 2548 2166 Ἰησοῦ
2602 2101 2912 2190 Χριστοῦ.

749 2272 928 2351 “Ort
982 2277 1078 2355 εἶς
1126 2270 1316 2353 Θεὸν
1365 2272 1411 2372 ἡ
1459 2277 1727 2369 πίστις,
1783 2270 1916 2351 κᾶν
1973 2277 2029 2351 εἶ
2086 2273 2162 2351 ἐν
2218 2272 2593 2381 προσώπῳ
2656 2272 3053 2374 πράττοιτο

650 2404 776 2474 τοῦ
820 2401 1172 2496 Χριστοῦ,
1220 2403 1568 2500 σαφηνιεῖ
1607 2397 1648 2474 ὁ
1690 2394 2177 2498 μυσταγωγὸς
2233 2396 2351 2475 διὰ
2403 2401 2529 2495 τῆς
2581 2400 3052 2499 προκειμένης
3085 2423 3140 2480 ¹5

651 2518 934 2627 λέξεως·
997 2520 1373 2619 κέκληνται
1422 2518 1564 2625 γὰρ
1599 2519 1937 2601 Ἰουδαῖοί
1980 2554 2057 2600 τε
2114 2523 2230 2600 καὶ
2253 2518 2619 2621 Ἕλληνες
2664 2519 2855 2624 πρὸς
2893 2522 3044 2601 ἐπί-

649 2679 924 2747 γνωσιν
981 2652 1108 2724 τοῦ
1157 2651 1510 2747 Χριστοῦ,
1567 2651 1634 2725 οὶ
1694 2646 1822 2742 μὲν
1885 2648 1979 2728 ὡς
2041 2647 2118 2725 ἐκ
2183 2642 2465 2745 πλάνης
2529 2648 2648 2724 καὶ
2713 2648 3054 2748 λατρείας

648 2773 960 2874 ψευδοῦς
1017 2774 1111 2853 εἷς
1168 2770 1613 2872 θεογνωσίαν
1669 2769 1802 2868 τὴν
1857 2770 2117 2869 ἀληθῆ,
2155 2772 2222 2848 οὶ
2268 2769 2343 2849 δὲ
2389 2776 2485 2853 εἰς
2527 2771 3054 2873 ἀκριβεστέραν

650 2893 926 2993 εἴδησιν
1000 2897 1127 2993 τῆς
1199 2896 1274 2973 ἐν
1348 2891 1544 3002 νόμῳ
1620 2892 2310 2996 παιδαγωγούμενοι.
2408 2893 2745 2998 ταύτῃτοι
2820 2898 2944 2973 καὶ
3012 2894 3050 2971 ὁ

651 3018 1040 3103 θεσπέσιος
1110 3023 1405 3101 Παῦλος
1469 3028 1515 3065 “
1536 3017 1654 3097 διὰ
1715 3016 1797 3097 τὸ
1865 3019 2204 3120 ὑπερέχον
2273 3020 2400 3116 τῆς
2466 3016 2862 3119 γνώσεως”
2929 3025 3052 3097 τοῦ
3079 3057 3140 3095 20

650 3148 980 3246 Χριστοῦ
1017 3143 1234 3243 ὀλίγα
1267 3141 1753 3247 πεφροντικὼς
1788 3146 1933 3220 τῶν
1969 3143 2044 3220 ἐν
2083 3139 2275 3249 νόμῳ
2302 3138 2744 3240 μαθημάτων
2773 3142 3048 3242 ὁρᾶται.

652 3266 768 3346 ὅτε
814 3266 1050 3346 τοίνυν
1085 3263 1417 3367 Χριστὸν
1465 3263 1941 3369 κηρύττουσιν
1990 3269 2055 3344 οἱ
2103 3268 2591 3367 μυσταγωγοὶ,
2632 3268 2750 3344 καὶ
2807 3271 2878 3345 οἶ
2930 3272 3044 3347 πι-

651 3389 1022 3472 στεύοντες
1061 3394 1158 3472 εἷς
1186 3389 1376 3470 Θεὸν
1412 3396 1508 3473 εἱς
1537 3389 1729 3470 Θεὸν
1755 3387 1883 3468 τὸν
1920 3389 2042 3468 ἕνα
2079 3393 2195 3468 καὶ
2232 3391 2521 3488 ἀληθῶς
2557 3392 3046 3485 πιστεύουσιν,

651 3518 804 3595 πῶς
862 3514 1019 3616 οὐχὶ
1053 3510 1236 3596 Θεὸς
1292 3515 1332 3591 ὁ
1382 3512 1705 3618 Χριστὸς
1761 3514 1844 3592 οὐ
1902 3511 2126 3609 νόθος,
2166 3514 2249 3591 οὐ
2297 3512 2788 3617 ψευδώνυμος,
2826 3515 3047 3616 ἤγουν

649 3633 1033 3741 ἑτεροφυὴς
1068 3634 1265 3739 παρὰ
1303 3636 1429 3716 τὸν
1470 3636 1783 3738 Πατέρα,
1819 3633 2095 3736 ἀληθὴς
2133 3634 2208 3715 δὲ
2253 3642 2542 3734 μᾶλλον
2578 3639 2673 3719 ὡς
2710 3638 2799 3743 ἐξ
2829 3640 3046 3716 αὐτοῦ
3070 3676 3131 3734 ²5

653 3756 836 3836 κατὰ
899 3758 1183 3863 φύσιν;
1276 3762 1547 3864 ἀχλύος
1613 3759 1746 3858 μὲν
1809 3757 1952 3863 γὰρ
2029 3763 2283 3858 νοητῆς
2355 3761 2470 3839 καὶ
2541 3761 3044 3857 δαιμονιῶδους

656 3882 934 3982 ἀπάτης
972 3885 1011 3963 ὁ
1046 3890 1191 3962 τῶν
1227 3884 1717 3983 πλανωμένων
1753 3885 2203 3982 μεμέστωται
2241 3891 2426 3979 νοῦς,
2463 3884 2632 3962 ἀλλ’
2672 3884 3037 3986 ἐπηγγέλ-

655 4016 823 4085 λετο
850 4005 1035 4090 Θεὸς
1071 4008 1149 4087 ἐκ
1186 4009 1464 4093 σκότους
1503 4009 1672 4106 ἡμῖν
1701 4004 2160 4112 ἀναλάμψειν
2193 4006 2277 4086 τὸ
2316 4006 2487 4113 φῶς·
2546 4006 2689 4114 ἔφη
2725 4006 2871 4110 γάρ
2906 4040 3042 4088 που

653 4127 768 4208 διὰ
824 4133 1068 4235 φωνῆς
1121 4130 1444 4210 Ἡσαΐου
1501 4144 1544 4179 “
1569 4134 1667 4212 Ὁ
1720 4129 1896 4215 λαὸς
1959 4134 1999 4211 ὃ
2060 4130 2450 4231 καθήμενος
2499 4133 2575 4210 ἐν
2638 4130 2885 4212 σκότει
2945 4131 3038 4210 ἴδε

652 4307 768 4362 θεὸς
793 4305 899 4377 (sic
924 4306 1075 4377 cod.)
1099 4308 1164 4362 τὰ
1189 4306 1412 4375 νοήματα
1444 4313 1546 4363 τῶν
1568 4309 1804 4364 ἀπίστων
1817 4330 1834 4373 ;
1873 4309 1920 4362 εἷ
1941 4309 2043 4377 γὰρ
2068 4310 2266 4365 σκοπὸς
2295 4311 2369 4379 τῷ
2400 4312 2606 4382 πονηρῷ
2638 4314 2950 4379 προσκυνεῖν
2981 4310 3038 4375 τῇ

652 4378 817 4432 κτίσει
853 4379 993 4447 παρὰ
1028 4380 1117 4432 τὸν
1141 4378 1402 4441 κτίσαντα,
1428 4381 1477 4432 οἷ
1502 4380 1558 4433 δὲ
1582 4380 1762 4434 πιστοὶ
1793 4383 2181 4447 προσκυνοῦσιν
2204 4380 2341 4451 αὐτῷ
2365 4380 2434 4435 ὣς
2458 4379 2619 4450 φύσει
2646 4372 2747 4452 θεῷ
2784 4381 3038 4449 ὀμοουσίφ

652 4452 723 4520 τῷ
760 4449 932 4517 πατρί·
973 4448 1073 4515 ὅρα
1103 4449 1164 4503 οὐ
1190 4449 1379 4517 κτίσμα
1404 4452 1432 4501 ὁ
1459 4451 1579 4506 υἱός·
1625 4449 1735 4504 ἐπεὶ
1762 4451 1809 4502 01
1834 4451 2013 4504 πιστοὶ
2035 4452 2239 4517 μᾶλλον
2264 4451 2325 4504 οὐ
2347 4450 2446 4519 μὴν
2469 4452 2520 4503 οἷ
2542 4451 2754 4505 ἄπιστοι
2780 4452 3037 4519 εὑρίσκον-

652 4541 733 4572 ται
760 4519 1119 4577 σκοτισθίντες
1144 4521 1273 4587 πρὸς
1297 4519 1387 4586 τὴν
1412 4519 1657 4587 ἀληθινὴν
1680 4526 1889 4589 γνῶσιν.
1935 4519 2007 4574 Η.
2449 4521 2499 4574 8.
2539 4521 2824 4590 legendum
2851 4534 2909 4576 ut
2935 4518 3036 4573 vid.

651 4588 882 4657 ἐνούσης.
1208 4607 1285 4644 12.
1332 4589 1452 4645 Hoc
1480 4591 1719 4644 scholion
1749 4607 1854 4645 non
1882 4591 2092 4645 exhibet
2125 4589 2195 4643 H.
