3269 5166
836 347 1198 412 CONTRA
1259 349 1958 415 SYNOUSIASTAS.
2472 354 2604 417 479

192 515 328 589 τοῦ
368 507 616 611 Λόγου
656 510 885 615 φύσιν
921 516 1015 594 εἰς
1068 510 1245 613 ὅπερ
1290 514 1416 592 οὐκ
1473 509 1587 611 ἦν,
1630 515 1856 598 οὕτως
1910 514 2039 594 οὐκ
2093 514 2183 595 ἂν
2234 520 2330 600 εἰς
2377 513 2607 621 φύσιν

195 630 538 732 θεότητος
590 631 1131 737 μεταχωρήσειν
1185 634 1287 715 ἔτι
1343 635 1469 716 τὸν
1524 635 1845 740 γενητὸν,
1882 638 1999 717 ἵνα
2051 636 2155 738 μὴ
2208 636 2463 717 πολλὰ
2516 635 2608 715 τὰ

196 751 352 835 ἀπο
387 761 533 836 τῶν
572 790 734 858 περι
775 757 995 856 αὐτὴν
1033 759 1262 860 ὀρῶτο
1299 758 1899 858 συμβαίνοντα,
1856 795 1905 839 α
1963 763 2078 840 καὶ
2122 759 2335 866 μέχρι
2370 758 2610 858 μόνων

197 880 492 958 ἐννοιῶν
524 878 895 959 ἐλάσαντα
949 879 1567 963 δυσαπόνιπτον
1523 919 1614 961 αν
1664 884 1814 987 ἔχοι
1870 888 1995 984 τῆς
2050 886 2467 990 δυσφημίας
2521 917 2609 964 το

129 1029 169 1091 5
202 1002 561 1104 ἔγκλημα.
642 1009 703 1083 εἰ
749 1002 892 1108 γὰρ
930 1003 1120 1089 ὅλως
1167 1006 1600 1104 μεθίσταταί
1644 1041 1711 1086 τι
1756 1013 1901 1087 τῶν
1938 1014 2255 1108 γενητῶν
2309 1013 2408 1092 εἰς
2452 1004 2610 1087 θεό-

199 1159 392 1224 τητα
450 1134 797 1230 φυσικῶς,
847 1128 975 1207 οὐκ
1031 1128 1121 1208 ἄν
1174 1162 1282 1212 τις
1336 1128 1640 1230 ἁμάρτοι
1699 1138 2061 1231 λογισμοῦ
2119 1138 2248 1209 τοῦ
2307 1128 2602 1227 εἰκότος,

202 1248 405 1351 εἴπερ
453 1249 690 1329 ’ἕλοιτο
745 1250 984 1351 λε’γειν
1032 1255 1151 1331 καὶ
1204 1254 1333 1332 οὐκ
1387 1252 1477 1359 ἐξ
1525 1254 1656 1333 οὐκ
1710 1253 1937 1333 ὄντων
1988 1250 2329 1358 ὑπάρχειν
2364 1251 2607 1352 αὐτὴν,

206 1375 329 1451 καί
370 1373 551 1472 ὕλην
587 1369 838 1476 ῶσπερ
869 1373 1032 1454 τινὰ
1084 1383 1213 1455 τοῦ
1265 1372 1440 1456 εἶναι
1495 1382 1748 1482 λαχεῖν
1784 1374 1867 1456 τὸ
1920 1377 2047 1456 οὐκ
2098 1374 2182 1455 ὂν
2218 1377 2455 1475 αὐτῆς,
2493 1377 2610 1456 καὶ

207 1495 465 1580 οὐσίας
517 1496 909 1593 ἀσωμάτου
955 1497 1041 1577 τὸ
1090 1505 1310 1598 σῶμα
1365 1499 1703 1600 γενέσθαι
1754 1497 2150 1597 σύστασιν,
2188 1496 2497 1601 ἀοράτου
2533 1531 2610 1578 τε

104 1665 182 1705 10
211 1620 332 1698 καὶ
370 1621 690 1725 ἀναφοῦς
733 1619 970 1720 ἁπτήν
1006 1655 1084 1700 τε
1133 1625 1249 1701 καὶ
1300 1621 1587 1723 ὀρατήν.
1666 1625 1784 1703 καὶ
1827 1622 2020 1724 εἴπερ
2057 1623 2214 1702 ε’στί
2251 1619 2392 1724 ζωὴ
2429 1619 2614 1700 κατὰ

210 1741 448 1847 φύσιν
483 1745 581 1826 ὧς
631 1745 710 1822 ἐκ
759 1743 940 1846 ζωῆς
993 1753 1120 1825 τοῦ
1170 1743 1462 1849 Πατρὸς
1516 1747 1556 1825 ὁ
1612 1743 2031 1847 Μονογενὴς
2089 1746 2306 1826 αὐτοῦ
2342 1743 2609 1846 Λόγος,

207 1865 620 1971 εἰσεδέξατο
671 1865 748 1946 δὲ
796 1866 981 1948 κατὰ
1026 1866 1300 1971 τροπὴν
1333 1875 1430 1952 εἰς
1475 1866 1999 1969 ὄμοουσιότητα
2047 1865 2236 1947 καθά
2289 1874 2479 1972 φησι
2527 1863 2614 1947 τὸ

208 1988 303 2095 ἐξ
336 1989 784 2093 ἀνθρωπίνου
820 1991 1259 2097 φυράματος,
1295 1990 1491 2071 πολῦ
1526 1991 1601 2072 δὲ
1638 1990 1723 2071 τὸ
1761 1992 1937 2089 δεός,
1972 1989 2073 2091 μὴ
2110 1991 2254 2093 ἄρα
2286 2025 2392 2076 τις
2429 1989 2615 2070 εἴποι

210 2117 547 2215 καθαρῶς
602 2113 731 2193 οὐκ
791 2110 967 2193 εἶναι
1025 2112 1211 2215 ζωὴν
1265 2113 1506 2196 αὐτόν·
1567 2116 1652 2195 οῦ
1707 2115 1850 2216 γάρ
1906 2118 2105 2195 ἐστιν
2159 2111 2421 2216 ἀμιγὴς
2485 2121 2615 2193 τοῦ

108 2258 183 2319 15
214 2237 641 2342 φθείρεσθαι
702 2235 1127 2345 πεφυκότος.
1232 2238 1536 2345 μάχεται
1610 2238 1687 2319 δὲ
1751 2243 1868 2320 καὶ
1942 2238 2195 2342 ἑτέρως
2266 2243 2358 2342 τῇ
2432 2234 2617 2337 μετὰ

212 2358 494 2463 σαρκὸς
528 2363 891 2469 οἰκονομίᾳ
938 2368 1084 2441 τῶν
1119 2363 1688 2462 πεπλανημένων
1723 2362 1768 2462 ἡ
1819 2361 2019 2469 δόξα·
2078 2365 2196 2442 καὶ
2243 2362 2405 2441 τίνα
2452 2359 2617 2464 τρό-

211 2518 363 2565 πον
418 2485 730 2587 ἐροῦμεν·
810 2483 1131 2594 ἐπεφάνη
1187 2484 1330 2588 γάρ
1388 2486 1557 2586 ἡμῖν
1597 2483 1786 2570 Θεὸς
1839 2483 1941 2564 ῶν
1982 2483 2266 2589 Κύριος,
2302 2485 2420 2564 ἵνα
2482 2482 2616 2587 τὴν

217 2606 391 2687 καθ’
451 2608 655 2707 ἡμῶν
705 2609 1267 2711 τυραννήσασαν
1323 2609 1549 2715 ἀνέλῃ
1599 2607 1904 2714 φθόραν,
1962 2609 2096 2713 οὐχ
2159 2612 2276 2689 ἵνα
2339 2614 2619 2717 φθορᾶς

216 2732 529 2836 με’τοχον
562 2730 696 2830 τὴν
732 2734 994 2813 οἰκείαν
1036 2732 1250 2817 αὐτὸς
1304 2733 1648 2840 ἀποφήνῃ
1685 2731 1917 2840 φύσιν
1961 2735 2356 2834 ἀνακιρνῶν
2392 2734 2620 2839 ἑαυτῷ

111 2889 191 2930 20
215 2853 356 2954 τὴν
391 2857 496 2962 τῷ
529 2854 812 2964 θανάτῳ
848 2854 1156 2962 κάτοχον
1190 2853 1453 2961 σάρκα.
1533 2855 1884 2940 ἰσοπαλές
1928 2858 2052 2937 οὖν
2089 2857 2232 2960 ἄρα
2265 2854 2351 2936 τὸ
2390 2889 2615 2954 κατη·

216 2978 529 3082 γόρημα,
589 2977 723 3059 κᾶν
777 2986 837 3060 εἰ
898 2978 1028 3060 τὸν
1080 2990 1208 3061 τοῦ
1265 2986 1457 3062 Θεοῦ
1515 2978 1764 3083 Λόγον
1826 2986 1923 3065 εἰς
1987 2980 2326 3080 σώματος
2393 2977 2622 3085 φύσιν

215 3102 765 3210 μετεστράφθαι
836 3137 944 3189 τις
1017 3102 1238 3206 λε’γοι,
1305 3104 1440 3185 κᾶν
1504 3104 1640 3184 εἴτε
1705 3103 1839 3202 τὴν
1905 3104 2147 3207 σάρκα
2220 3101 2622 3209 μεταφύναι

217 3223 450 3307 πάλιν
512 3230 611 3310 εἰς
672 3225 1193 3326 ὁμοουσιότητα
1267 3227 1451 3331 πρὸς
1507 3228 1721 3309 Θεόν.
1822 3230 2228 3334 ἀποφοιτᾶν
2292 3226 2416 3306 οὖν
2481 3224 2623 3329 ἄρα

217 3350 487 3452 πρέποι
522 3346 613 3429 ἂν
656 3350 839 3450 ἡμᾶς
879 3351 1135 3430 τούτου
1179 3384 1256 3429 τε
1298 3351 1641 3449 κάκείνου,
1679 3351 1873 3453 εἴπερ
1918 3352 2119 3430 ἐστὶν
2156 3351 2284 3429 οὐκ
2329 3346 2624 3452 ἀζήμιον

1713 3475 1839 3501 Αἱ,

114 3506 193 3567 25
220 3472 308 3554 τὸ
342 3475 641 3553 ἑλέσθαι
675 3481 964 3581 φρονεῖν
1000 3485 1043 3521 “
1066 3476 1237 3577 παρ’
1275 3510 1316 3555 ο
1353 3479 1461 3555 δεῖ
1488 3481 1799 3581 φρονειν.
2645 3479 2964 3545 Rom-¹1¹3·

1426 3763 1446 3791 Ι

325 3925 493 4005 Ἵνα
536 3922 987 4023 πιστεύωμεν
1023 3922 1131 4003 ὅτι
1180 3921 1314 4003 κᾶν
1357 3928 1415 4003 εἰ
1462 3929 1609 4006 τοῖς
1663 3922 2024 4024 ἡμετέροις
2073 3919 2417 4019 σώμασιν
2453 3922 2618 4020 ὁμο-

228 4048 404 4158 φυές
451 4045 543 4147 ἦν
590 4046 674 4128 τὸ
727 4045 934 4148 ἅγιον
978 4049 1195 4128 αὐτοῦ
1249 4051 1366 4127 καὶ
1404 4047 1776 4148 πάναγνον
1812 4051 2054 4143 σῶμα,
2097 4045 2267 4124 ἀλλ’
2309 4044 2435 4124 οὖν
2468 4045 2629 4123 ἐστι

294 4310 348 4364 3.
385 4292 581 4363 ‹Speos—3
605 4291 663 4347 b.
898 4291 950 4346 6.
987 4290 1192 4348 εἰκότως
1215 4289 1270 4345 b.
1510 4305 1559 4361 7.
1599 4288 1887 4344 delendum
1910 4288 2003 4343 οὐκ
2066 4289 2195 4342 rius-
2433 4304 2515 4357 19.
2539 4286 2630 4342 ἀν·

222 4380 490 4503 3933?
508 4430 591 4503 [p
618 4359 822 4497 :33:⁷3⁹
834 4449 867 4501 3
921 4360 1093 4486 Regina
1111 4359 1470 4501 Zgnzervavit)
1506 4361 1876 4522 ,Ιπιζξῃίἒιὸιῗιει
1881 4375 2186 4499 szffperaffi·
2207 4356 2632 4481 εόιιῗῐιιῒιςξῖίιδῖόθ

225 4504 511 4575 physitas
495 4521 556 4557 m
573 4501 707 4556 Mau
729 4501 923 4573 Script.
939 4501 1059 4558 Vet.
1075 4502 1165 4558 vii.
1184 4517 1310 4573 302,
1324 4502 1469 4574 λέγει
1492 4503 1595 4573 γὰρ
1619 4502 1676 4557 ἐν
1697 4502 1772 4574 τῷ
1796 4502 1923 4555 κατὰ
1945 4505 2048 4556 τῶν
2072 4501 2467 4554 συνουσιαστῶν
2488 4498 2633 4569 λόγῳ

225 4578 386 4630 ταῦτα
411 4573 782 4646 praemittens.
