3269 5166
304 380 468 421 HOBB

1128 364 1454 424 INDEX
1537 364 1910 423 RERUM.

2609 368 2727 424 639

383 552 573 603 totum
618 545 676 604 in
721 546 1033 609 Dominum
1085 547 1296 607 amoris
1340 547 1464 607 offi·
1569 547 1914 607 Miraculum
1957 548 2204 624 primum
2249 558 2519 625 operatur
2560 549 2734 607 Chri-

384 642 538 701 cium
568 645 869 719 perficiunt
896 649 1016 706 695
1037 647 1093 705 b.

302 736 590 816 Martyres
620 746 738 801 818
762 762 813 802 c.

1651 656 1793 716 stus,
1850 647 2125 705 honorem
2184 647 2513 724 parentibus
2569 647 2727 704 debi-

1651 750 1770 801 tam
1798 745 2073 803 exhibens
2101 749 2215 804 135
2235 764 2284 805 e.

302 835 635 897 Matthaeus
698 841 1065 918 Evangelista
1125 840 1463 903 nominatim
1567 840 1849 900 Miracula
1875 860 1978 918 pro
1999 844 2410 918 Apostolorum
2437 842 2554 900 vita
2579 861 2722 918 quo-

384 936 596 995 citatus
619 942 736 997 282
758 958 812 1006 e,
839 943 956 999 328
975 960 1026 1006 c,
1051 945 1169 1001 547
1188 938 1245 1005 d,
1270 942 1389 997 854
1409 957 1460 1005 e,

391 1037 547 1094 1067
567 1055 618 1102 c,
654 1040 810 1096 1079
829 1057 878 1109 a,
915 1042 1070 1099 1092
1095 1058 1148 1097 a.

306 1130 594 1191 Mediator
652 1134 920 1193 Christus
981 1137 1110 1215 quia
1173 1136 1334 1194 Deus
1402 1141 1461 1192 et

388 1230 584 1289 Homo
616 1236 732 1292 769
754 1235 807 1298 b.
849 1235 919 1295 cf.
953 1238 1070 1295 987
1095 1234 1152 1301 d,
1197 1236 1351 1292 1006
1374 1251 1409 1290 a
1428 1251 1461 1290 c

386 1348 620 1390 suorum
666 1350 783 1391 non
823 1332 1136 1391 infidelium
1173 1329 1464 1391 Mediator

387 1429 507 1485 967
531 1429 572 1484 d
625 1429 937 1489 mediatore
978 1431 1101 1488 sine
1145 1447 1250 1489 nos
1293 1428 1464 1487 docet

387 1523 653 1583 Christus
682 1529 795 1586 881
819 1547 869 1585 a.

308 1620 664 1681 Medicorum
708 1626 1130 1687 mansuetudini
1169 1644 1461 1701 compara-

385 1728 482 1778 tur
509 1720 791 1781 Dominus
821 1724 1084 1782 Christus
1116 1727 1235 1784 490
1258 1724 1316 1782 b.

304 1814 600 1877 Meletiani
628 1821 703 1881 iii.
734 1824 871 1881 606.

305 1914 574 1974 Meliores
602 1919 708 1976 sibi
735 1919 978 1979 invicem
1006 1920 1264 1979 arbitrari
1292 1920 1464 1979 debe-

391 2034 518 2075 mus
550 2019 665 2076 727
689 2036 738 2074 c.

307 2113 467 2174 Meni
538 2123 941 2190 comparantur
1010 2115 1224 2177 Christi
1294 2115 1467 2177 verba

389 2217 508 2272 407
538 2212 595 2269 b.

306 2308 476 2369 Mens
524 2309 771 2366 humana
819 2310 1083 2370 lucernae
1137 2320 1465 2387 comparata

390 2410 468 2466 66
492 2426 544 2466 e.

308 2503 477 2565 Mens
518 2504 751 2563 indocta
790 2505 962 2581 lapidi
996 2506 1268 2567 resilienti
1305 2526 1460 2564 com·

389 2613 587 2682 parata
611 2608 724 2664 146
745 2604 783 2664 d
845 2624 1005 2666 mens
1032 2605 1260 2665 indocta
1289 2608 1405 2664 358
1426 2605 1464 2662 b

299 2727 302 2730 ·
389 2711 558 2760 acuta
625 2702 753 2762 cani
817 2703 1075 2764 venatico
1138 2711 1465 2779 comparata

392 2805 509 2861 357
533 2818 583 2868 e,
616 2803 732 2858 358
756 2819 792 2858 a
810 2801 863 2858 b.
1401 2867 1404 2872 μ

308 2898 516 2960 Mensa
561 2897 776 2957 Christi
818 2916 924 2956 nos
969 2899 1252 2973 pascentis
1294 2907 1465 2975 typus

390 3000 509 3056 389
532 3015 581 3069 e,
613 2999 730 3055 390
752 2996 804 3056 b.

307 3094 547 3158 Mensae
587 3092 822 3152 Domini
862 3113 979 3151 non
1022 3094 1402 3153 admittuntur
1424 3094 1466 3156 ii

388 3194 484 3269 qui
529 3191 801 3268 Spiritum
832 3190 1111 3250 Sanctum
1145 3211 1263 3252 non
1303 3212 1463 3252 acce-

387 3291 576 3367 perint
605 3292 758 3349 1086
782 3290 819 3348 b
840 3308 889 3346 c.

307 3387 531 3447 Mensis
592 3388 810 3463 primus
873 3396 1111 3447 naturae
1181 3388 1463 3450 humanae

387 3487 682 3546 renovatio
713 3488 828 3546 387
852 3485 909 3548 d.

308 3583 607 3646 Mentibus
647 3582 1049 3658 simpliciorum
1092 3593 1464 3646 conversatur

387 3683 548 3740 Deus
580 3686 614 3739 7
637 3682 691 3739 b.

307 3779 519 3840 Messis
547 3778 812 3855 spiritalis
846 3782 961 3840 199
983 3798 1033 3836 c.

307 3877 693 3939 Ministerium
722 3876 815 3943 ad,
838 3896 1010 3940 nemo
1031 3875 1187 3936 venit
1213 3896 1248 3934 a
1275 3877 1463 3953 seipso

389 3983 626 4036 vocatus
654 3978 773 4034 639
795 3993 848 4037 e.

309 4082 347 4107 ‘⁸
365 4073 688 4132 Ministeria
740 4073 1120 4134 damnationis
1173 4081 1233 4130 et
1288 4072 1458 4148 justi·

388 4170 544 4229 tiae⁰
569 4172 701 4246 quid
737 4175 850 4231 102
870 4190 920 4230 e.

307 4268 716 4327 Ministrabant
782 4287 884 4344 per
941 4267 1049 4326 Dei
1105 4267 1458 4325 voluntatem

388 4365 712 4424 hominibus
740 4374 799 4424 et
829 4365 1036 4441 Angeli
1078 4373 1138 4422 et
1178 4364 1459 4431 homines,

387 4482 505 4524 non
536 4483 569 4522 e
598 4483 705 4522 suo
742 4464 843 4522 sed
878 4462 1065 4539 magis
1098 4481 1171 4520 ex
1208 4479 1279 4520 eo
1307 4462 1462 4537 quod

385 4562 665 4638 largiatur
692 4561 976 4620 Dominus
1005 4561 1158 4619 Deus
1188 4563 1286 4628 73,
1318 4564 1413 4617 74.

1647 940 1863 999 tidiana
1910 960 2028 998 non
2076 942 2417 1019 operabatur
2461 939 2725 999 Christus

1652 1041 1810 1096 1018
1834 1057 1866 1095 a
1885 1038 1924 1095 b
1945 1058 1998 1096 c.
2523 1046 2532 1057 “

1565 1133 1995 1195 Misericordiae
2050 1137 2301 1209 Domini,
2355 1155 2463 1195 nos
2518 1154 2725 1213 parvos

1647 1235 2035 1310 abjectosque,
2055 1254 2298 1310 magnos
2326 1235 2724 1310 mirabilesque

1647 1351 1753 1406 per
1789 1332 2101 1391 bonitatem
2133 1332 2320 1407 Ipsius
2359 1333 2612 1390 efficiunt
2643 1336 2718 1390 75

1650 1430 1687 1486 d
1708 1448 1741 1487 e

1567 1526 1998 1588 Misericordiae
2025 1546 2165 1604 erga
2192 1527 2332 1586 alios
2369 1528 2494 1584 laus
2523 1530 2641 1586 284
2670 1546 2722 1597 c,

1652 1628 1769 1685 285
1789 1644 1839 1684 a.

1567 1723 1775 1787 Missio
1822 1742 1938 1781 non
1985 1723 2121 1782 facit
2176 1725 2383 1783 missos
2430 1723 2725 1782 inferiores

1652 1824 1763 1881 671
1788 1821 1847 1879 b.

1568 1920 1810 1984 Modum
1857 1920 1966 1980 Dei
2009 1939 2243 1995 operum
2287 1919 2415 1978 Deo
2464 1919 2729 1979 commit-

1651 2018 1888 2077 tendum
1958 2030 2229 2094 tanquam
2297 2026 2357 2078 et
2422 2018 2726 2077 machinali

1650 2117 1887 2175 scientia
1953 2116 2149 2191 peritis
2205 2135 2273 2174 ea
2327 2135 2472 2191 quae
2540 2117 2727 2177 facere

1650 2214 1989 2290 promittant
2016 2213 2131 2272 fide
2158 2213 2465 2288 accipimus
2497 2217 2634 2274 359.

1569 2310 1839 2370 Moerore
1907 2330 2121 2388 magno
2191 2311 2377 2369 affecti
2441 2330 2559 2371 non
2633 2331 2724 2370 re·

1649 2410 2054 2486 prehendendi,
2105 2409 2417 2469 Salvatoris
2466 2410 2726 2486 exemplo

1650 2511 1769 2568 685
1793 2527 1841 2569 a.

1568 2611 1904 2681 Μονότροπος
1944 2612 2061 2666 535
2084 2608 2139 2673 b,
2186 2610 2304 2666 898
2335 2626 2386 2674 c,
2431 2606 2499 2668 M
2529 2610 2602 2665 61
2641 2611 2722 2683 [p.

1651 2707 1769 2763 275
1800 2699 1950 2783 fin.].

1567 2799 1832 2861 Montem
1870 2801 1946 2866 in,
1976 2801 2326 2862 descendens
2353 2803 2544 2860 Deusx
2593 2803 2724 2879 quia

1649 2899 1807 2958 Deus
1828 2899 2000 2958 etiam
2029 2900 2102 2956 ad
2129 2918 2237 2956 nos
2264 2900 2724 2958 condescendens

1650 2997 1727 3055 Se
1770 2997 2027 3055 altiorem
2065 3014 2234 3072 quam
2263 2997 2437 3055 verbo
2471 3006 2529 3058 et
2566 2998 2724 3072 cogi-

1649 3095 1867 3156 tatione
1909 3095 2180 3170 consequi
2216 3113 2520 3169 possumus
2561 3114 2723 3169 prae·

1648 3193 1746 3251 bet
1769 3196 1885 3252 258
1905 3212 1938 3251 e
1985 3193 2297 3250 ascendens
2321 3191 2608 3256 Christus,
2634 3200 2723 3267 ty-

1648 3311 1783 3367 pum
1825 3291 2186 3349 exaltationis
2215 3289 2365 3350 Suae
2394 3288 2493 3347 dat
2521 3294 2639 3348 273
2670 3289 2725 3347 d.

1567 3389 1769 3450 Mores
1796 3388 1933 3447 boni
1963 3388 2218 3462 fidesque
2246 3394 2402 3445 recta
2427 3391 2541 3446 129
2565 3406 2611 3444 c.

1566 3487 1732 3546 Mors
1778 3486 1993 3544 Christi
2048 3485 2249 3544 mortis
2310 3503 2464 3542 mors
2520 3489 2638 3545 353
2668 3485 2725 3552 b,

1648 3585 1835 3655 497d,
1867 3586 1984 3644 498
2005 3603 2054 3656 a,
2086 3585 2204 3641 647
2227 3601 2279 3654 e,
2307 3586 2463 3641 1016
2483 3583 2540 3651 d.
2568 3587 2724 3644 1019

1647 3703 1698 3750 a,
1739 3686 1966 3749 1026e,
2016 3685 2167 3742 1031
2191 3680 2246 3755 d,
2294 3684 2450 3740 1043
2474 3681 2530 3753 d,
2572 3685 2720 3742 1091

1648 3782 1703 3849 d,
1738 3786 1891 3841 1097
1917 3781 1973 3846 d,
2015 3780 2087 3837 cf.
2116 3782 2273 3839 1092
2297 3798 2346 3850 c,
2387 3783 2543 3840 1093
2567 3780 2622 3847 b,
2652 3781 2727 3841 iii.

1652 3883 1790 3946 361,
1848 3882 1985 3949 423,
2035 3880 2173 3945 495,
2226 3880 2369 3945 497,
2416 3881 2553 3944 512,
2608 3882 2721 3937 561

1646 3977 1818 4035 morti
1845 3978 2080 4052 laqueus
2107 3980 2261 4034 1057
2281 3994 2317 4032 a
2372 3994 2465 4033 res
2495 3984 2722 4035 nostras

1649 4093 1947 4152 prosperas
1977 4073 2147 4150 efficit
2178 4075 2296 4131 584
2315 4091 2366 4129 a.

1566 4171 1731 4249 Mors
1760 4171 1974 4230 Christi
2003 4171 2198 4228 Morte
2228 4170 2460 4227 omnino
2494 4171 2720 4230 sublata

1650 4274 1768 4329 573
1799 4289 1847 4342 c,
1899 4268 1971 4327 cf.
2014 4271 2131 4327 756
2168 4286 2221 4333 e,
2275 4271 2394 4327 759
2434 4285 2484 4332 c,
2535 4270 2652 4325 935
2692 4287 2729 4325 a

1648 4366 1946 4424 Christum
2063 4365 2384 4423 amantibus
2533 4365 2722 4423 suavis

1650 4470 1684 4524 7
1691 4467 1767 4525 59
1791 4463 1848 4521 d.

1567 4561 1734 4622 Mors
1765 4560 2060 4619 Christum
2105 4558 2435 4629 absorbens,
2465 4577 2571 4616 nos
2604 4578 2729 4618 om-
