3269 5166
495 724 571 798 38

262 1288 431 1343 1075
443 1286 525 1343 A.
539 1301 572 1342 a

529 2269 573 2335 b

540 3164 576 3205 O

536 4024 580 4088 d

598 326 727 391 104
1203 329 1282 394 Β.
1329 328 1756 395 CYRILLI
1816 328 2391 394 ALEXANDR.
2737 328 2870 390 xix.
2897 325 3007 412 38.

1121 545 1276 625 Περὶ
1304 548 1405 625 τῆς
1435 544 1725 626 αΖτήσεως
1753 549 1859 609 τοῦ
1891 546 2163 626 κυριακοῦ
2194 544 2485 623 σώματος.

594 708 787 776 Μετὰ
845 709 917 777 δὲ
970 717 1173 777 ταῦτα
1230 709 1536 802 ἠρώτησε
1589 712 1703 780 τὸν
1757 713 2045 778 Πιλάτον
2098 713 2135 779 ὃ
2172 711 2429 800 Ἰωσήφ
2476 710 2512 777 5
2559 708 2694 797 ἀπὸ
2729 708 3010 797 Ἀριμα-

699 836 907 918 eafae,
946 836 1041 904 ὢν
1081 839 1378 917 naemu-'nc
1431 846 1546 907 τοῦ
1592 840 1825 920 Ἰησοῦ,
1865 840 2307 930 κεκρυμμένος
2354 836 2425 903 δὲ
2474 835 2580 902 διὰ
2629 836 2742 904 τὸν
2791 836 3008 922 φόβον

695 963 830 1030 τῶν
876 964 1242 1047 Ἰουδαίων,
1294 965 1401 1032 ἵνα
1455 965 1585 1057 ἄρῃ
1639 966 1715 1033 τὸ
1771 967 1960 1041 σῶμα
2015 969 2129 1032 τοῦ
2175 967 2414 1031 Ἰησοῦ·
2486 962 2592 1028 καὶ
2634 962 3008 1052 ἐπέτρεψεν

697 1090 735 1155 5
786 1089 1092 1162 Πιλάτου.
1160 1085 1357 1156 ι-ἰλθεν
1411 1087 1525 1156 οὖν
1584 1090 1690 1155 καί
1745 1086 1866 1180 ιῖρε
1918 1090 1994 1157 τὸ
2049 1088 2238 1167 σῶμα
2293 1088 2519 1159 αὐτοῦ.
2585 1156 2605 1166 „
3039 1101 3081 1163 5

714 1265 1129 1366 Κατηγορεΐ
1167 1260 1299 1362 μὲν
1336 1264 1378 1343 5
1415 1259 1642 1365 λόγος
1687 1265 1805 1344 καὶ
1855 1267 1981 1362 τῆς
2013 1263 2376 1343 Ἰουδαίων
2412 1257 2882 1360 ἀνοσιότητος
2917 1259 3012 1338 οὗ

596 1386 895 1487 μετρίως
950 1392 1298 1494 καταβοᾷ,
1337 1385 1722 1494 σφαλερὸν
1766 1384 1940 1468 εἶναι
1991 1384 2261 1471 δεικνὺς
2315 1389 2432 1465 καὶ
2488 1385 2574 1465 οὐ
2626 1389 3011 1467 παντελῶς

598 1506 895 1610 ἀζήμιον
956 1508 1043 1590 τὸ
1096 1510 1629 1612 μαθητεύεσθαι
1685 1517 1788 1620 τῷ
1842 1517 2172 1620 Χριστῷ·
2253 1506 2636 1591 λανθάνειν
2690 1505 2834 1612 γὰρ
2894 1506 3010 1587 ὅτι

597 1633 929 1732 μάλιστα
981 1633 1551 1717 διεσπουδακότα
1605 1633 1734 1718 τὸν
1790 1635 2316 1716 ἐπιεικέστατον
2359 1635 2639 1715 τουτονὶ
2698 1632 3010 1729 νεανίαν,

601 1759 787 1863 φημὶ
835 1756 923 1857 δὴ
980 1756 1109 1839 τὸν
1143 1758 1449 1866 Ἰωσὴφ,
1487 1758 1963 1861 εἶσκεκόμικεν
2016 1762 2351 1864 ἐναργῶς,
2392 1760 2621 1839 καίτοι
2673 1765 2826 1841 ταῖς
2886 1756 3009 1837 διὰ
3041 1796 3117 1837 10

599 1884 933 1983 Χριστοῦ
979 1885 1477 1969 διδασκαλίαις
1512 1883 2126 1983 ἀναπεπεισμένον
2161 1886 2498 1985 λατρείαν
2534 1882 2831 1962 ἑλέσθαι
2868 1883 3010 1983 τὴν

600 2003 824 2090 ὅντως
873 2009 1114 2109 ἀληθῆ
1171 2010 1289 2089 καὶ
1340 2013 1468 2108 τῆς
1519 2014 1811 2109 νομικῆς
1847 2010 2142 2109 ἐντολῆς
2177 2010 2439 2107 ἀμείνω
2475 2042 2553 2088 τε
2602 2011 2717 2087 καὶ
2752 2008 3010 2106 ἡδίονα

583 2135 705 2237 Τῷ
752 2130 1120 2240 φιλαρὲτῳ
1158 2138 1346 2241 Θεῷ,
1386 2136 1564 2234 ὁμοῦ
1603 2132 1680 2214 δὲ
1735 2137 1852 2215 καὶ
1907 2140 2198 2229 βεβαιοῖ
2242 2132 2327 2212 τὸ
2383 2139 2480 2217 εἷς
2532 2132 2784 2213 πίστιν
2835 2133 3009 2231 ἡμῖν

601 2259 1008 2357 ἀναγκαῖον.
1085 2257 1222 2338 ἔδει
1274 2252 1421 2363 γὰρ
1472 2258 1609 2339 ἔδει
1663 2258 2029 2340 πιστεύειν
2065 2257 2177 2338 ὅτι
2230 2258 2532 2338 τέθεικεν
2569 2254 2744 2359 ὑπὲρ
2797 2257 3008 2357 ἡμῶν

599 2378 733 2480 τὴν
793 2377 1045 2488 ψυχὴν
1102 2384 1143 2462 5
1200 2381 1550 2486 Χριστός.
1631 2383 1815 2463 ὅπου
1879 2382 2024 2485 γὰρ
2085 2381 2599 2488 ἐνταφιασμὸς,
2656 2388 2812 2465 πῶς
2871 2383 3008 2461 οὐκ
3040 2409 3117 2469 15

600 2505 1002 2606 ἀναγκαίως
1034 2506 1288 2615 ἕψεται
1325 2506 1411 2587 τὸ
1448 2512 1848 2588 διακεῖσθαι
1893 2509 2010 2588 καὶ
2047 2504 2434 2612 ἀραρότως,
2472 2506 2583 2587 ὅτι
2620 2510 2736 2587 καὶ
2775 2503 3001 2587 θάνα-

600 2664 722 2714 τος
758 2627 897 2730 ἧν;
955 2634 1558 2740 καταψηφίσαιτο
1596 2634 1664 2711 δ’
1707 2634 1798 2713 ἅν
1833 2667 1965 2730 τις,
2003 2635 2120 2713 καὶ
2169 2635 2297 2712 οὐκ
2342 2629 2489 2713 ἀπὸ
2525 2640 2833 2730 σκοποῦ,
2869 2630 3009 2732 τὴν

600 2752 920 2860 ἐσχάτην
977 2756 1367 2861 ἀγριότητα
1427 2761 1555 2857 τῆς
1611 2758 1978 2838 Ἰουδαίων
2043 2754 2457 2858 ἀλαζονείας
2522 2760 2640 2837 καὶ
2711 2756 3009 2860 γνώμης

600 2882 1076 2981 ἀσυμπαθοῦς
1149 2884 1267 2961 καὶ
1341 2879 1893 2987 ἀφιλοστόργου
1959 2880 2441 2989 φρονήματος,
2502 2880 2570 2961 οἳ
2632 2880 2812 2982 μηδὲ
2870 2881 3009 2981 τὴν

600 3009 748 3089 τοῖς
785 3010 1129 3087 τεθνεῶσι
1176 3004 1769 3110 χρεωστουμένην
1804 3004 2285 3102 ἀπονέμουσιν
2322 3004 2497 3085 αἶδὼ
2531 3008 2638 3113 τῷ
2674 3010 3006 3113 Χριστῷ,
3039 3040 3119 3080 20

600 3127 778 3229 μηδὲ
842 3130 1013 3237 ὁσία
1072 3136 1403 3229 τιμῶσιν,
1462 3130 1736 3211 ἄπνουν
1801 3131 1919 3209 καὶ
1986 3129 2234 3234 νεκρὸν
2299 3130 2601 3233 ὁρῶντες
2665 3130 3006 3230 κείμενον,

602 3254 831 3334 καίτοι
868 3254 1348 3356 γινώσκοντες
1407 3252 1517 3334 ὅτι
1571 3250 1785 3339 αὐτός
1821 3255 2024 3334 ἐστιν
2061 3255 2101 3333 5
2141 3252 2486 3356 Χριστὸς,
2522 3255 2883 3341 πολλάκις
2929 3254 3008 3336 δὲ

603 3379 720 3456 καὶ
759 3384 1445 3479 θαυματουργοῦντα
1499 3376 2198 3478 καταπεπληγμένοι,
2236 3383 2295 3458 εἱ
2351 3382 2471 3458 καὶ
2525 3377 2777 3479 δριμὺς
2825 3376 2928 3458 ῶν
2966 3381 3007 3460 5

604 3498 875 3607 φθόνος
930 3501 1248 3603 γνησίως
1304 3500 1543 3587 αὐτοῖς
1597 3501 1927 3605 ἐνιζάνειν
1965 3501 2098 3602 τὴν
2133 3504 2211 3582 ἐκ
2253 3506 2381 3602 τῆς
2431 3505 3010 3607 θαυματουργίας

604 3622 860 3724 ὄνησιν
886 3623 1434 3729 συγκεχώρηκεν
1459 3626 1807 3726 οὐδαμῶς.
1861 3632 1957 3711 εἰς
1986 3634 2203 3728 κρῖμα
2229 3626 2464 3707 τοίνυν
2493 3630 2620 3726 τῆς
2644 3628 3011 3708 Ἰουδαίων
3041 3663 3120 3723 25

603 3749 1136 3853 ἀπανθρωπίας,
1175 3752 1291 3829 καὶ
1349 3755 1445 3835 εἷς
1500 3746 1806 3855 ἔλεγχον
1842 3757 1987 3830 τῶν
2023 3750 2625 3854 Ἱεροσολυμιτῶν
2662 3752 2703 3832 5
2748 3753 2828 3831 ἐκ
2885 3755 3012 3851 τῆς

604 3874 1063 3981 Ἀριμαθαίας
1099 3875 1378 3980 ἔρχεται
1413 3873 1716 3980 μαθητὴς
1754 3878 1871 3956 καὶ
1907 3882 2062 3960 ταῖς
2098 3875 2582 3976 καθηκούσαις
2608 3877 3013 3979 θεραπείαις

605 4003 797 4105 τιμᾷ,
834 3997 917 4079 ὃν
972 4004 1209 4105 γυμνῇ
1265 3998 1395 4099 μὲν
1453 4002 1675 4097 οὔπω,
1713 3998 2028 4108 λαθραία
2083 4000 2149 4080 δ’
2198 4000 2325 4080 οὖν
2376 3997 2569 4098 ὅμως
2623 4006 2713 4105 τῇ
2767 4002 3015 4081 πίστει

601 4122 929 4224 τετίμηκε
974 4119 1092 4203 διαὶ
1137 4123 1242 4204 τὶν
1279 4125 1492 4232 φόβον
1529 4123 1655 4205 τῶν
1691 4121 2044 4218 Ἰουδαίων,
2086 4121 2278 4206 καθά
2314 4133 2547 4232 φησιν
2584 4126 2625 4204 5
2668 4124 3018 4230 μακάριος

606 4245 1181 4350 Εὐαγγελιστής.
3044 4284 3123 4345 30

680 4453 702 4488 1
744 4452 852 4489 om.
881 4434 945 4488 E.
973 4432 1189 4489 exhibet
1213 4443 1390 4490 autem
1443 4434 1661 4506 capituli
1686 4434 1857 4507 more)
1888 4436 1947 4493 F.
2421 4456 2475 4505 4.
2511 4435 2920 4508 ἐπέστρεψενῼ)
2949 4436 3017 4493 Ε.

609 4506 797 4578 13-16.
836 4505 1264 4578 εἷς-ἀναγκαίως
1289 4525 1395 4562 om.
1479 4548 1490 4560 .
