3269 5166
260 372 325 416 x.
350 371 413 430 4.
775 353 882 417 IN
932 353 1451 419 EPISTOLAM
1502 354 1630 418 AD
1685 354 2153 420 ROMANOS.
2531 359 2655 422 235

2786 472 2820 508 0
2841 457 2917 506 Μ.

262 515 481 595 ἐποίει
536 518 632 600 ὡς
688 515 910 623 φύσει
948 516 1159 616 Θεὸν,
1197 524 1266 599 οὶ
1315 517 1391 600 δὲ
1434 516 1689 619 ελεγον
1720 518 1829 599 ὅτι
1867 529 1911 565 “
1942 522 2121 621 Περὶ
2167 526 2394 598 καλοῦ
2444 518 2657 621 ἔργου
2679 458 2899 590 Βὲίωιι.
2904 457 2969 588 xl.

264 641 433 719 “023
486 638 869 744 λιθάῷμέν
902 676 1014 740 σε,
1051 639 1253 721 ἀλλὰ
1306 645 1470 745 περὶ
1518 641 2100 747 βλασφημίας,”
2062 676 2171 722 οτι
2218 641 2319 722 σῦ
2367 642 2651 743 ἅνθρω-
2683 619 2762 669 3³

264 774 484 848 “πος
539 800 639 844 ων
691 773 916 850 ποιεῖς
965 763 1273 846 σεαυτὸν
1324 764 1581 846 Θεόν·”
1653 764 1700 865 ἢ
1752 768 1996 850 οὕτως.
2071 764 2475 868 ἠγνοήκασι
2528 767 2659 863 μὲν

261 887 396 989 τὴν
452 891 531 968 ἐκ
582 894 776 969 Θεοῦ
831 888 1308 990 δικαιοσύνην,
1364 888 1690 970 τουτέστι
1747 889 2096 992 Χριστον,
2152 890 2309 988 ἤτοι
2354 889 2487 988 τὴν
2542 888 2661 969 διὰ

204 1030 237 1090 5
259 1013 576 1098 πίστεως
630 1011 763 1112 τὴν
812 1019 908 1096 εἰς
956 1012 1192 1092 αὐτόν.
1276 1010 1578 1111 οἰόμενοι
1622 1012 1699 1092 δὲ
1743 1019 1844 1120 τῷ
1895 1012 2013 1093 διὰ
2053 1013 2387 1097 Μωσέως
2433 1048 2660 1093 συνα-

258 1136 542 1239 σπίζειν
578 1135 796 1244 νόμῳ,
838 1134 1318 1236 μεμενήκασιν
1354 1139 1678 1222 ἀπειθεῖς·
1737 1138 1822 1215 οὐ
1857 1134 2289 1238 ζητήσαντες
2330 1135 2459 1216 τὸν
2507 1134 2657 1215 υἱὸν

255 1259 391 1339 τὸν
448 1262 866 1362 ἐλευθεροῦν
925 1260 1297 1366 ἰσχύοντα,
1362 1259 1492 1341 τὸν
1554 1265 1961 1341 δικαιοῦντα
2024 1259 2151 1339 τὸν
2214 1263 2473 1358 ἀσεβῆ,
2539 1263 2655 1339 καὶ
2680 1274 2758 1324 lb·
2782 1275 2883 1324 viii.
2912 1273 2993 1337 3⁶·

255 1384 393 1483 τὴν
475 1380 1076 1486 δυσκατόρθωτον
1156 1392 1286 1464 τοῦ
1361 1383 1584 1482 νόμου
1665 1381 2124 1483 δικαιοσύνην
2200 1389 2655 1481 οἰκονομικῶς

255 1506 801 1606 συστέλλοντα,
835 1508 951 1587 ἵνα
986 1508 1402 1611 δυσχερείας
1436 1506 1841 1613 ἀπαλλάξῃ
1877 1510 1993 1587 καὶ
2032 1512 2302 1610 τριβῆς.

165 1743 232 1784 ιο
965 1723 1177 1790 Τέλος
1232 1724 1351 1813 Γάρ
1406 1726 1605 1801 νόμου
1660 1726 1949 1812 Χριστός.
2683 1735 2718 1789 4

370 1875 452 1950 Π
450 1869 1071 1973 ροεισκεκόμισται
1126 1871 1364 1950 τοίνυν
1400 1872 1441 1950 ὁ
1481 1867 1716 1967 νόμος,
1748 1868 2086 1968 ἐσόμενος
2135 1877 2284 1954 τοῖς
2338 1871 2654 1974 ἀρχαίοις

252 1992 726 2096 παιδαγωγὸς
781 1996 895 2073 ἐπὶ
950 1994 1034 2074 τὸ
1085 2001 1214 2073 τοῦ
1257 1998 1589 2096 Χριστοῦ
1645 1989 2063 2096 μυστήριον,
2121 1996 2237 2072 καὶ
2293 1995 2378 2073 δι’
2420 2000 2643 2095 αἰνιγ-

252 2118 509 2214 μοίτων
583 2118 821 2201 αὐτοῖς
898 2119 1314 2224 ὑποφαίνων
1376 2117 1509 2215 τὴν
1580 2115 1947 2214 ἀλήθειαν.
2037 2118 2221 2197 οὕτω
2281 2116 2423 2218 γὰρ
2483 2114 2656 2196 εἶναι

253 2237 708 2343 διοριζόμεθα
772 2239 1136 2343 πλήρωμα
1201 2239 1422 2339 νόμου
1486 2244 1603 2320 καὶ
1658 2246 2057 2346 προφητῶν
2117 2239 2245 2319 τὸν
2305 2238 2655 2342 Χριστὸν,

158 2403 228 2462 15
253 2371 371 2443 καὶ
411 2362 624 2464 μάλα
659 2365 909 2466 ὀρθῶς.
976 2363 1023 2465 ἢ
1061 2365 1220 2468 οὐχὶ
1268 2363 1537 2447 παντὸς
1588 2366 2004 2464 αἰνίγματος
2059 2367 2394 2469 ἀσαφοῦς
2446 2364 2652 2443 νοοῖτ’

251 2485 345 2566 ἂν
383 2487 674 2570 εἰκότως
730 2485 1092 2591 πλήρωμα
1148 2487 1488 2593 ὑπάρχειν
1531 2485 1615 2568 τὸ
1672 2487 1936 2587 ἀληθές
1973 2519 1995 2583 ;
2078 2488 2305 2566 καίτοι
2340 2494 2512 2570 πῶς
2569 2483 2657 2565 ἂν

250 2611 656 2691 ἐνδοιάσειέ
694 2644 845 2705 τις;
907 2613 1161 2690 οὐκοῦν
1196 2611 1562 2714 ἀναίρεσιν
1615 2618 1760 2692 τῶν
1815 2609 1933 2690 διὰ
1973 2612 2305 2695 Μωσέως
2358 2618 2656 2691 ποιεῖται

253 2732 501 2832 νόμων
558 2734 605 2834 ἡ
660 2731 842 2837 πρός
895 2767 979 2835 γε
1030 2733 1115 2813 τὸ
1172 2734 1434 2833 ἀληθὲς
1487 2742 1631 2815 τῶν
1690 2737 1766 2815 ἐν
1825 2741 2060 2819 σκιαῖς
2117 2735 2656 2839 μεταφοίτησις,

253 2858 429 2935 ἀλλ’
472 2858 1003 2961 ἐκφανεστέραν
1039 2859 1272 2937 αὐτῶν
1310 2860 1702 2958 καθίστησι
1755 2859 1887 2957 τὴν
1921 2856 2259 2937 διάνοιαν.

152 3011 229 3051 20
372 2978 987 3084 Μετερρυηκότων
1031 2980 1289 3061 λοιπὸν
1327 2988 1423 3064 εἰς
1472 2982 1816 3082 ἀλήθειαν
1850 2987 1996 3061 τῶν
2030 2978 2497 3084 πραγμάτων,
2540 2982 2656 3057 καὶ

254 3110 403 3183 τῶν
456 3108 535 3183 ἐν
580 3104 826 3189 τύποις
880 3105 998 3184 καὶ
1052 3105 1425 3206 αἰνίγμασι
1478 3103 1611 3205 τὴν
1668 3112 1765 3189 εἰς
1818 3105 1911 3185 τὰ
1965 3106 2225 3202 ἀμείνω
2276 3102 2656 3196 λαβόντων

254 3227 700 3327 μεταβολὴν,
737 3229 825 3306 οὑ
856 3228 1393 3307 καταλελύσθαι
1432 3227 1671 3334 φαμὲν
1706 3228 1832 3308 τὸν
1871 3227 2108 3328 νόμον,
2144 3224 2656 3329 ἐκπεπεράνθαι

257 3350 334 3430 δὲ
390 3358 689 3448 μᾶλλον
744 3353 856 3431 ἐπὶ
913 3360 1180 3452 καιροῦ,
1218 3353 1381 3430 καθ’
1423 3350 1527 3432 ὃν·
1562 3353 1732 3452 ἡμῖν
1784 3353 2205 3458 ἐπέλαμψεν
2241 3352 2286 3450 ἡ
2332 3348 2653 3450 ἀλήθεια,

252 3475 613 3569 τουτέστι,
650 3478 996 3576 Χριστός.
1075 3472 1283 3557 τέλος
1336 3474 1481 3577 γὰρ
1520 3474 1739 3574 νόμου
1785 3477 1899 3555 καὶ
1950 3475 2413 3576 προφητῶν
2382 3509 2422 3553 ο
2461 3479 2643 3575 Χρι-

158 3621 230 3678 ²5
254 3633 460 3697 στος,
503 3632 580 3681 ος
626 3599 754 3676 οὐκ
801 3596 891 3675 ἂν
927 3594 1403 3702 διαψευσαιτο
1440 3598 1677 3700 λέγων
1711 3609 1754 3646 “
1777 3600 1937 3678 Οὐκ
1980 3597 2208 3698 ἦλθον
2245 3603 2725 3718 καταλῦσαιξ·
2746 3604 2935 3731 fflffsstb·

253 3734 299 3771 “
326 3721 460 3803 τὸν
497 3719 717 3819 νόμον
754 3716 956 3798 ἀλλὰ
982 3722 1440 3823 qupffioatf
1498 3721 1748 3830 ὥσπερ
1777 3720 1919 3824 γὰρ
1957 3755 2086 3804 τας
2110 3724 2186 3801 ἐν
2222 3728 2368 3804 τοῖς
2402 3720 2652 3827 πίναξι

250 3843 986 3949 προανατυπουμένας
1048 3842 1283 3942 σκιὰς,
1342 3843 1426 3923 τὸ
1488 3852 1632 3925 τῶν
1696 3846 2097 3951 χρωμάτων
2153 3844 2521 3928 πολυειδὲς
2579 3847 2654 3947 ἐν

252 4004 484 4077 καιρῳ
533 3968 1214 4116 προσενηνεγμένον,
1269 3969 1532 4068 ἥκιστα
1580 4002 1714 4067 μεν
1769 3973 2060 4073 ἀναιρεῖ·
2138 3967 2529 4067 μεθίστησι
2579 3966 2656 4047 δὲ

246 4100 552 4192 μᾶλλον
602 4099 698 4175 εἰς
753 4088 936 4197 ὄψιν
980 4091 1522 4195 ἐναργεστέραν,
1563 4091 1748 4173 κατὰ
1795 4074 1923 4173 τὸν
1970 4093 2134 4171 ἴσον
2178 4089 2434 4171 τουτωῒ
2479 4087 2645 4192 τρό-

160 4251 224 4307 30
246 4253 418 4316 πον,
455 4217 586 4297 οὐκ
622 4212 1158 4318 ἀνατετραφθαι
1197 4216 1434 4320 φαμὲν
1470 4251 1598 4300 τας
1654 4225 1781 4297 τοῦ
1831 4215 2051 4315 νόμου
2093 4213 2324 4312 σκιὰς,
2360 4216 2651 4293 ἐκπεπε-

244 4340 514 4449 ράνθαι
549 4339 624 4420 δὲ
666 4347 967 4441 ’μᾶλλον
1004 4341 1100 4421 ὡς
1137 4341 1212 4417 ἐν
1247 4338 1534 4447 προόδῳ
1570 4346 1662 4444 τῇ
1696 4339 1877 4443 πρὸς
1914 4340 2280 4439 ἀλήθειαν.

322 4530 409 4567 ιο.
452 4508 577 4564 Hoc
602 4509 845 4565 scholion
873 4506 1035 4563 nobis
1060 4504 1362 4577 suppeditat
1386 4509 1454 4562 A.
1482 4526 1536 4579 p.
1558 4509 1682 4575 408.
1961 4525 2046 4564 ιο.
2088 4508 2208 4564 Hoc
2234 4504 2473 4561 scholion
2501 4503 2655 4558 nobis

240 4580 557 4657 'suppeditat
582 4582 646 4636 A.
673 4599 726 4652 p.
754 4597 882 4649 409.
1442 4660 1486 4723 h

1366 4679 1409 4723 H
1523 4682 1552 4719 2
