3269 5166
351 280 638 321 nnuman

422 442 596 504 Vitae
638 445 958 504 infirmitati
1002 455 1232 505 nostrae
1278 446 1356 505 Se
1392 447 1497 504 im·

420 544 721 619 pertientis
740 560 845 621 per
862 545 1275 602 Eucharistiam
1303 549 1418 604 362
1444 564 1493 603 a.

339 646 374 673 “
403 643 562 718 Ignis
644 643 910 700 columna
932 643 968 665 ’¹
1037 642 1254 702 Christi
1322 643 1496 701 Lucis

419 740 621 798 muudi
650 750 821 817 typus
853 746 970 800 486
1000 758 1031 799 c
1053 742 1107 799 d.

339 837 631 896 Illuminat
699 840 1045 915 Unigenitus
1114 840 1231 897 Dei
1299 836 1491 905 Filius,

419 954 616 995 semen
634 937 994 1013 radicemque
1017 938 1345 1012 sapientiae,
1367 946 1494 995 tan-

420 1052 591 1111 quam
636 1035 955 1112 splendoris
996 1035 1094 1093 Sui
1135 1036 1373 1093 nebulas
1405 1035 1490 1091 in-

291 1176 304 1187 .
420 1152 617 1191 serens
649 1137 724 1192 75
754 1152 789 1191 a
851 1134 1262 1210 intelligentiae
1288 1133 1494 1190 illumi-

416 1232 707 1289 nationem
751 1231 952 1307 cuique
980 1251 1015 1289 a
1041 1231 1224 1307 primo
1266 1231 1493 1288 essendi

418 1330 581 1386 initio
638 1330 738 1388 dat
791 1332 867 1388 76
910 1329 949 1386 b
1031 1329 1311 1387 illuminat
1368 1329 1490 1395 Ille,

418 1427 724 1485 illuminari
767 1427 972 1485 nolunt
1011 1434 1303 1485 creaturae
1334 1431 1409 1486 87
1442 1446 1491 1497 e,

420 1527 497 1583 88
569 1534 842 1602 tanquam
890 1525 1177 1583 illuminat
1220 1526 1324 1592 sol,
1373 1544 1489 1584 non

416 1623 770 1681 illuminatur
796 1642 997 1681 caecus
1027 1626 1122 1681 88.

335 1721 667 1797 lmaginum
706 1722 923 1779 formae
957 1722 1212 1779 diversae
1250 1729 1495 1797 quatuor

416 1819 732 1895 ampliusve
763 1824 884 1879 230
912 1820 999 1877 ab
1016 1839 1066 1879 c.

335 1915 546 1993 Imago
574 1918 681 1974 Dei
711 1920 825 1976 821
862 1936 911 1985 e,
945 1921 1063 1976 822
1093 1937 1193 1984 ae,
1221 1918 1295 1975 iii.
1331 1922 1488 1977 555-

419 2018 558 2082 557,
604 2016 741 2081 589.
788 2019 928 2081 590,
978 2019 1114 2086 593,
1161 2019 1301 2085 594,
1350 2020 1490 2083 599,

335 2154 348 2165 -
419 2117 560 2180 604,
592 2117 711 2172 605
796 2132 940 2190 quae
974 2113 1049 2171 iii.
1083 2117 1202 2173 605
1281 2114 1492 2171 amissa

416 2211 582 2268 nobis
643 2220 959 2271 restaurata
1012 2231 1047 2269 a
1099 2211 1334 2270 Christo
1388 2232 1491 2288 per

418 2303 696 2384 Spiritum
722 2310 797 2367 iii.
830 2313 971 2368 556.

336 2399 539 2482 Imago
568 2406 848 2466 coelestis
876 2412 995 2468 995
1025 2429 1076 2467 c.

336 2502 669 2563 Immundas
705 2505 908 2564 domos
940 2526 1056 2565 non
1086 2527 1212 2574 nos,
1240 2508 1486 2565 immun-

416 2599 520 2660 das
559 2604 777 2662 animas
817 2624 935 2663 non
974 2606 1132 2664 Deus
1172 2605 1489 2665 inhabitare

416 2702 541 2759 vult
570 2704 686 2762 833
718 2702 819 2761 de.

338 2798 589 2876 Improbi
628 2808 828 2859 contra
864 2800 1047 2860 bonos
1080 2819 1304 2878 semper
1338 2821 1485 2878 pug-

413 2906 558 2956 nant
588 2903 700 2958 461
730 2918 779 2967 e,
812 2901 929 2958 462
953 2900 1055 2958 ab.

338 2993 585 3072 Impuris
613 3015 731 3055 nou
759 2998 927 3054 datur
953 3013 1265 3075 agnoscere
1294 2997 1487 3057 Chris-

416 3101 540 3152 tum
569 3113 675 3152 nec
702 3095 1124 3154 incredentibus
1157 3097 1274 3155 379
1292 3095 1330 3153 b
1371 3115 1488 3153 non

416 3192 637 3251 habitat
666 3190 930 3251 Christus
960 3198 1079 3252 834
1109 3213 1140 3252 c
1161 3196 1216 3252 d.

340 3298 380 3325 ‘⁸
409 3291 532 3348 1n”
580 3291 884 3367 aliquando
930 3311 1035 3368 pro
1094 3302 1129 3324 ‘⁴
1154 3311 1255 3368 per
1273 3292 1310 3315 ’⁹
1370 3295 1488 3351 794

420 3389 456 3446 b
476 3409 526 3448 c.

341 3491 374 3520 ‘⁶
397 3487 465 3546 In
495 3487 630 3563 Ipso
657 3488 807 3546 enim
837 3489 1079 3547 vivimus
1108 3496 1167 3548 et
1195 3507 1490 3547 movemur

418 3595 478 3643 et
503 3586 757 3644 sumus”
789 3591 926 3659 793,
958 3589 1093 3646 794.

339 3683 661 3742 Incamatio
686 3686 939 3743 e—Deus
972 3684 1200 3743 Natura
1230 3687 1287 3743 in
1318 3705 1488 3744 carne

417 3791 476 3839 et
504 3801 632 3839 cum
657 3802 825 3841 carne
847 3785 1099 3841 existens
1119 3792 1180 3842 et
1199 3785 1486 3849 adoratus,

420 3877 665 3938 Carnem
698 3881 916 3939 habens
945 3880 1122 3939 Suam
1152 3881 1284 3957 Ipse
1319 3900 1488 3938 carne

417 3978 572 4036 aliud
628 3982 705 4037 95
756 3998 789 4037 e
864 3997 995 4037 caro
1040 4000 1074 4038 a
1118 3979 1317 4037 Verbo
1371 3998 1488 4036 non

420 4084 730 4152 separatur,
749 4077 941 4136 Verbo
963 4078 1192 4136 uniente
1217 4086 1486 4152 tanquam

418 4176 709 4251 proprium
763 4175 823 4233 id
878 4176 1031 4251 quod
1083 4184 1274 4252 gestat
1330 4177 1408 4234 96
1438 4192 1487 4246 a,

426 4276 538 4331 178
562 4292 593 4331 c
640 4293 867 4332 earnem
899 4255 1161 4332 Suamin
1192 4273 1487 4350 mysticam

419 4371 688 4429 unionem
720 4370 928 4430 Secum
972 4372 1140 4430 affert
1167 4375 1247 4431 96
1267 4390 1300 4429 e
1361 4378 1489 4428 tan-

422 4485 588 4544 quam
655 4453 833 4527 homo
901 4478 960 4527 et
1015 4470 1153 4528 colit
1218 4477 1489 4544 tanquam

1157 262 1485 321 INDEX
1571 262 1948 322 RERUM.

2633 268 2754 327 635

1679 444 1837 505 Deus
1870 447 2078 507 colitur
2111 448 2242 520 185,
2279 453 2393 508 186
2460 450 2749 510 humilita-

1678 554 1797 604 tem
1839 547 2005 604 nobis
2051 548 2217 606 docet
2252 550 2365 607 185
2395 564 2426 606 e
2495 548 2654 606 Deus
2692 557 2752 607 et

1679 644 1879 702 Homo
1927 650 2044 704 343
2086 646 2145 716 b,
2191 650 2310 706 489
2353 666 2386 704 e
2460 666 2577 703 non
2625 646 2751 705 siue

1678 743 1868 801 anima
1887 747 2005 801 486
2025 763 2060 800 a
2104 743 2563 803 Incarnationem
2582 744 2753 804 Pater

1678 841 1890 915 cupivit
1916 842 1992 899 iii.
2022 845 2159 903 481.

1594 937 2009 996 Incarnationis
2037 938 2370 1016 mysterium
2394 958 2510 997 non
2533 958 2749 1016 cogno-

1676 1046 1881 1093 verunt
1936 1037 2138 1094 Judaei
2198 1042 2315 1096 214
2366 1058 2400 1096 a
2427 1039 2484 1108 b,
2545 1042 2662 1096 343
2710 1038 2751 1094 b

1675 1132 1816 1192 Post
1839 1134 2297 1192 Incarnationem
2314 1136 2351 1193 J
2356 1154 2501 1193 naus
2521 1134 2749 1193 Culus-

1677 1246 1788 1288 τοῦ
1817 1232 2132 1307 appellatus
2161 1232 2337 1289 Filius
2365 1233 2444 1290 iii.
2480 1237 2616 1291 503.

1594 1330 1919 1387 lucarnatio
1986 1330 2277 1405 praedicta
2341 1334 2457 1388 342
2516 1329 2554 1386 d
2650 1348 2752 1404 per

1676 1426 1944 1485 Sanctam
1966 1427 2303 1485 Trinitatem
2334 1429 2534 1485 effecta
2560 1430 2677 1486 366
2697 1446 2748 1496 e,

1683 1528 1802 1583 367
1836 1545 1885 1583 a.

1592 1618 2051 1681 Inoni-nationem
2094 1625 2186 1699 qui
2230 1632 2407 1700 negat
2444 1623 2651 1681 Filium
2692 1634 2752 1682 et

1673 1721 1931 1798 increpat
2037 1722 2113 1781 iii.
2201 1727 2319 1782 519
2396 1724 2515 1789 fin..
2609 1727 2748 1790 522,

1679 1824 1815 1878 531.

1592 1915 2028 1975 Incircumcisus
2056 1919 2182 1976 Deo
2211 1938 2420 1978 exosus
2451 1924 2568 1979 437
2601 1920 2639 1977 d
2690 1921 2753 1979 id

1674 2024 1764 2071 est
1789 2014 2047 2089 impurus
2083 2020 2236 2073 1085
2271 2018 2321 2074 d.

1592 2111 1961 2170 Incredentes
2031 2121 2260 2188 oportet
2328 2114 2576 2190 culpare,
2633 2132 2750 2173 non

1672 2218 2087 2285 praeceptores,
2147 2210 2246 2268 sed
2315 2210 2749 2285 perversitatem

1675 2326 1838 2366 suam
1870 2310 1947 2367 62
1978 2326 2030 2368 e.

1592 2402 2031 2464 luci-edentibus
2080 2408 2139 2463 in
2184 2405 2481 2467 Christum
2537 2409 2749 2486 suppli-

1674 2504 1821 2560 cium
1853 2522 2028 2579 grave
2062 2508 2180 2564 510
2211 2507 2319 2563 ab.

1591 2600 1817 2659 Indocti
1865 2602 1933 2659 iis
1978 2622 2121 2678 quae
2168 2604 2369 2663 altiora
2416 2625 2588 2681 quam
2644 2607 2751 2682 ipsi

1675 2699 1949 2757 resistunt
2010 2704 2129 2758 373
2186 2697 2225 2758 d
2316 2705 2628 2779 comparati
2684 2704 2753 2762 iis

1674 2798 1769 2872 qui
1799 2797 1999 2855 dentes
2028 2799 2342 2857 amiserunt
2373 2804 2490 2859 373
2521 2820 2567 2859 e.

1591 2894 1789 2952 Infans
1832 2912 2023 2953 coram
2052 2897 2178 2954 Deo
2220 2906 2280 2954 et
2317 2899 2569 2974 optimus
2599 2899 2750 2975 quis-

1673 3011 1782 3068 que
1812 3005 1872 3051 et
1898 2993 2182 3069 perfectus
2215 2998 2334 3053 746
2365 2996 2423 3063 d,
2455 3000 2571 3054 747
2602 2996 2660 3053 b.

1589 3090 1859 3149 infideles
1900 3108 2019 3148 non
2063 3091 2312 3149 fustibus
2356 3094 2620 3168 cogendi,
2650 3094 2753 3152 sed

1669 3189 1965 3247 conversio
2011 3191 2367 3265 expectanda
2409 3189 2475 3248 Μ
2510 3194 2617 3249 101
2671 3195 2750 3267 [p.

1676 3288 1837 3361 35⁷}

1592 3384 1810 3443 Infirmi
1851 3384 2039 3441 cibum
2089 3386 2324 3453 bonum,
2370 3387 2505 3446 mali
2546 3387 2749 3445 Domi-

1671 3502 1809 3540 num
1864 3483 2075 3540 bonum
2121 3501 2238 3541 non
2289 3484 2536 3562 diligunt
2591 3489 2743 3545 1021

1672 3600 1705 3639 a
1721 3582 1776 3639 b.

1591 3679 1932 3738 Infirmitate
1960 3682 2195 3738 omnino
2235 3699 2427 3740 carere
2471 3701 2585 3741 non
2615 3702 2747 3760 pos-

1675 3797 1873 3836 sumus
1903 3779 1978 3838 iii.
2011 3784 2149 3847 448,
2180 3781 2319 3844 596,
2352 3785 2487 3840 597.

1592 3881 1625 3908 “
1649 3876 2017 3953 Iniquitatem
2047 3889 2273 3953 patrum
2305 3877 2435 3936 filiis
2463 3878 2701 3936 reddere
2719 3876 2751 3902 ”

1674 3975 1811 4051 quid
1841 3979 2139 4035 590-596.

1592 4074 1837 4150 Injurias
1871 4083 1929 4131 et
1966 4074 2165 4146 ἀτιμίας·
2198 4074 2288 4131 vel
2328 4073 2590 4130 minimas
2632 4091 2749 4130 non

1673 4189 1853 4247 aeque
1873 4172 2021 4230 ferre
2039 4184 2127 4230 est
2144 4171 2317 4229 animi
2335 4169 2560 4247 superbi
2580 4171 2698 4227 899
2716 4188 2751 4226 e

1675 4270 1770 4347 qui
1795 4270 2059 4328 lubenter
2086 4269 2382 4346 accipiunt,
2414 4269 2449 4325 ii
2477 4266 2749 4325 auditori-

1673 4370 1779 4426 bus
1839 4368 1956 4425 suis
2011 4368 2126 4427 Dei
2183 4364 2561 4426 donationum
2616 4384 2750 4424 auc-

1672 4474 1829 4524 tores
1858 4469 1978 4524 900
2007 4466 2062 4523 d.

1452 4580 1646 4645 4112
