3269 5166
324 429 580 496 [4²M-]

573 596 610 652 9

302 997 354 1046 S.
373 996 564 1045 Matth.

301 1062 439 1111 xviii.
462 1060 538 1110 16.

299 1487 376 1536 Ib.
401 1487 555 1538 xxvii.

302 1565 381 1616 34·

540 1997 607 2037 11

404 2537 492 2592 43
516 2533 611 2592 Π.

635 336 766 397 240
926 335 1006 398 B.
1054 333 1432 397 CYRILLI
1484 333 2017 398 ALEXANDR.
2072 334 2637 400 FRAGMENTA
2725 336 2811 399 xi.
2837 356 2897 420 9,
2931 355 3026 398 11.

853 577 968 642 Καὶ
1019 576 1220 656 Δαβίὃ
1275 581 1447 652 λέΓει
1504 576 1854 643 Γενηθήτω
1909 577 1946 642 ἡ
2002 577 2283 667 τράπεζα
2339 579 2555 644 αὐτῶν
2608 584 2827 649 κ.τ.λ.

752 744 1064 841 Γενηθήτω
1114 750 1344 852 φησὶν
1381 752 1416 841 ἦ
1453 747 1763 855 τράπεζα
1802 747 2013 827 αὑτῶ
2049 756 2139 833 εἰς
2178 743 2488 850 παγίδα,
2530 753 2643 826 καὶ
2692 746 2785 826 τά
2832 747 3029 852 ἑξῆς·

635 870 1092 973 παρακομίζει
1129 868 1310 969 πρὸς
1346 868 1711 976 ἀπόδειξιν
1746 867 1846 948 ὧν
1882 867 2030 950 εἷπε
2069 872 2185 949 καὶ
2223 869 2522 973 γράμμα
2556 871 3031 976 προφητικὸν,
3111 951 3114 952 ⁷

637 994 773 1096 οὐχ
808 991 961 1076 ἑνὸς
999 991 1200 1072 ἀλλὰ
1237 992 1364 1073 δύο
1402 999 1798 1098 προφητῶν
1831 991 2013 1095 πρὸς
2047 993 2440 1090 σύστασιν,
2481 1005 2524 1040 “
2551 995 2668 1072 ἵνα
2704 995 2822 1073 ἐπὶ
2858 991 3033 1073 στό-

637 1125 682 1162 “
717 1149 941 1212 ματος
965 1116 1091 1195 δύο
1129 1119 1245 1195 καὶ
1267 1123 1482 1219 τριῶν
1516 1117 1898 1219 μαρτύρων
1929 1121 2170 1221 σταθῇ
2205 1120 2418 1196 πᾶν’
2375 1117 2633 1220 ρῆμα.”
2681 1115 3033 1219 ἐπάρατος
3058 1157 3092 1217 5

636 1236 781 1340 γὰρ
829 1242 945 1318 καὶ
999 1246 1203 1335 μᾶλα
1251 1240 1479 1340 ὀρθῶς
1528 1240 1823 1340 γέγονεν
1864 1239 2075 1319 αὐτῶν
2119 1244 2153 1334 ἦ
2187 1240 2519 1348 τράπεζα,
2557 1239 2937 1318 τουτέστιν
2989 1240 3035 1336 ἦ

638 1361 1013 1468 κακοξενία
1048 1365 1167 1442 καὶ
1203 1363 1248 1461 ἡ
1285 1360 1585 1461 ὠμότης,
1623 1362 1714 1461 ἣν
1748 1366 1863 1443 ἐπὶ
1892 1366 2194 1472 Χριστῷ
2231 1365 2649 1462 πεποίηνται
2686 1362 2873 1440 κατὰ
2909 1360 3037 1441 τὸν

635 1492 766 1565 τοῦ
791 1491 1288 1588 σταυροῦσθαι
1313 1483 1581 1587 καιρόν·
1642 1484 2058 1591 δεδιψηκότι
2091 1483 2235 1588 γὰρ
2263 1488 2454 1593 αὐτῷ
2487 1485 3036 1587 προσεκόμισαν

637 1606 807 1713 ὅξος
853 1610 1044 1712 χολῇ
1098 1608 1479 1712 συμμιγές·
1551 1607 1670 1688 διὰ
1717 1618 1930 1689 τοῦτο
1975 1612 2090 1688 καὶ
2139 1609 2655 1709 ἐσκοτῶθησαν
2691 1607 2824 1687 τὸν
2868 1615 3034 1688 νοῦν

638 1732 757 1808 καὶ
791 1729 984 1810 κάτω
1022 1729 1380 1835 κεκύφασι
1416 1729 1603 1831 μόνα
1640 1730 2155 1837 φανταζόμενοι
2190 1731 2284 1811 τὰ
2318 1735 2432 1812 ἐπὶ
2467 1736 2627 1833 γῆς.
3061 1772 3126 1813 10

903 1973 1085 2047 ΛὲΓω
1138 1970 1272 2052 οὖν,
1325 1972 1411 2051 μιῖι
1469 1974 1783 2040 ἔπταισαν
1837 1974 1945 2040 ἵνα
1999 1975 2289 2054 πὲσωσις
2344 1974 2432 2050 μὴ
2490 1976 2762 2048 Γὲνοιτο.

738 2138 1057 2244 Ἅγαμαί
1104 2178 1194 2224 σε
1231 2149 1359 2245 τῆς
1396 2148 1780 2243 ἐπιεικείας,
1816 2141 1873 2223 ὦ
1909 2144 2244 2225 θεσπέσιε
2282 2151 2556 2241 Παῦλε,
2594 2143 3034 2250 μεταχειρίζῃ

637 2263 780 2368 γὰρ
853 2267 1197 2370 εὐτεχνῶς
1262 2272 1391 2367 τῆς
1456 2269 1856 2368 οἰκονομίας
1928 2266 2091 2353 τοὺς
2155 2268 2448 2372 λόγους·
2550 2272 2710 2374 οὐχι
2770 2270 3035 2369 ταύτης

636 2389 834 2468 ἕνεκα
889 2393 1016 2487 τῆς
1073 2394 1301 2475 αἰτίας
1355 2396 1753 2489 κεκλῆσθαι
1818 2391 1911 2471 τὰ
1964 2393 2134 2493 ἔθνη
2184 2388 2804 2492 διατεινόμενος,“’
2771 2427 2890 2471 ινα
2942 2399 3037 2476 εἰς

638 2547 832 2593 απαν
893 2515 1252 2596 ἀποπέσοι
1314 2519 1443 2615 τῆς
1508 2522 1604 2600 εἰς
1672 2514 1864 2597 Θεὸν
1923 2516 2213 2601 ἐλπίδος
2270 2519 2313 2596 ὃ
2347 2514 2657 2620 Ἰσραὴλ
2721 2513 2839 2596 οἷά
2900 2549 3038 2596 τινι
3063 2545 3129 2606 15

636 2636 820 2744 λίθῳ
854 2638 1452 2740 περιπταίσαντες
1488 2645 1813 2746 Χριστῷ,
1853 2642 2024 2718 ἀλλ’
2063 2641 2180 2719 ἵνα
2221 2648 2514 2739 μᾶλλον
2550 2637 2718 2724 τοὺς
2766 2640 3031 2740 ἀδοκή-

634 2794 773 2843 τως
833 2763 1406 2863 εἰσδεδεγμένους
1459 2762 2059 2866 παραζηλοῦντες,
2114 2771 2548 2862 μεταμαθεῖν
2603 2760 2889 2843 ἕλοιντο
2946 2762 3040 2844 τὰ

636 2883 919 2988 αἰσχίω,
959 2887 1077 2965 καὶ
1132 2892 1422 2990 φρονεῖν
1459 2887 1745 2984 ἄμεινον
1788 2885 1833 2987 ἢ
1890 2890 2080 2987 πρὶν,
2136 2883 2657 2993 παραδέξαιντό
2713 2920 2794 2965 τε
2848 2890 3038 2968 οὕτω

636 3005 763 3086 τὸν
826 3007 1226 3111 λυτρωτήν.
1325 3008 1877 3111 παραστήσεται
1941 3008 2016 3090 δὲ
2082 3011 2121 3088 ὁ
2187 3010 2410 3112 λόγος
2474 3014 2571 3095 ὡς
2634 3012 2710 3089 ἐν
2774 3018 3047 3115 βραχεῖ

635 3132 1181 3231 παραδείγματι·
1239 3138 1485 3216 παῖδες
1521 3131 1656 3228 μὲν
1683 3131 1825 3235 γὰρ
1863 3133 2027 3213 ἔσθ’
2070 3132 2188 3212 ὅτε
2222 3135 2464 3236 μικροί
2494 3168 2571 3213 τε
2608 3137 2726 3213 καὶ
2755 3134 3038 3233 ἄνηβοι,
3065 3170 3135 3209 20

639 3252 766 3343 τὰς
830 3261 976 3337 τοῖς
1042 3256 1143 3334 ἔτι
1207 3257 1480 3354 νηπίοις
1543 3255 1961 3356 πρέπουσας
2020 3258 2461 3360 εἰσδέχονται
2526 3258 2782 3342 λύπας·
2885 3256 3039 3338 εἶτα

637 3374 910 3477 πατρὸς
966 3374 1010 3476 ἢ
1057 3376 1324 3482 μητρὸς
1379 3378 1912 3481 ἀποδραμόντες
1966 3377 2227 3484 βραχὺ,
2285 3378 2851 3486 ἀπροφάσιστον
2907 3383 3040 3482 μὲν

639 3502 784 3575 τῶν
834 3497 1175 3598 ὀμμάτων
1224 3500 1656 3605 καταχέουσι
1713 3503 2045 3605 δάκρυον,
2102 3511 2421 3583 λυποῦσι
2476 3503 2551 3583 δὲ
2603 3506 2688 3583 οὗ
2732 3507 3040 3608 μετρίως

639 3624 802 3706 τοὺς
839 3625 1371 3724 γεγεννηκότας·
1450 3625 1651 3729 φέρει
1704 3625 1849 3727 γὰρ
1886 3632 1982 3709 εἰς
2018 3634 2231 3706 τοῦτο
2275 3631 2401 3725 τῆς
2441 3631 2753 3733 φυσικῆς
2808 3635 3030 3734 φιλο-

638 3748 986 3850 στοργίας
1025 3750 1065 3826 ὁ
1107 3745 1344 3845 νόμος·
1428 3752 1544 3828 καὶ
1591 3744 1680 3847 δὴ
1717 3753 1845 3849 τῆς
1893 3751 2377 3857 μικροψυχίας
2433 3755 2549 3829 καὶ
2605 3752 3037 3852 εἰκαιότητος
3067 3782 3133 3842 25

640 3881 1161 3973 νηπιοπρεποῦς
1200 3872 1637 3975 ἀφιστάντες
1675 3874 2037 3978 εὐτέχνως,
2072 3875 2355 3953 παιδίον
2390 3875 2645 3960 ἁπλῶς
2679 3873 2764 3955 τὸ
2803 3911 3040 3980 παρα-

638 3991 856 4096 τυχὸν
914 3991 1379 4094 ἁρπάζουσιν,
1440 3996 1632 4100 αὐτῷ
1691 4031 1769 4075 τε
1843 3997 2308 4098 προσάγουσι
2366 3996 2495 4081 τὰς
2557 3995 2757 4101 παρὰ
2815 4006 3041 4104 σφῶν

637 4113 866 4215 τιμὰς,
940 4113 1515 4218 παραζηλοῦντες
1590 4120 1810 4199 ἐκεῖνο
1885 4122 2003 4198 καὶ
2078 4117 2228 4200 οἷον
2300 4122 2860 4225 κατερεθίζοντες
2945 4129 3040 4207 εἰς

637 4347 773 4457 σὲ
803 4331 916 4387 Inc.
940 4333 1274 4403 παρακομίζει
1290 4333 1357 4387 A.
1608 4348 1734 4404 3-5.
1775 4334 1924 4388 Haec
1948 4333 2492 4406 παρακομίζει-ῥῆμα
2515 4348 2854 4393 accesserunt
2879 4357 2946 4393 ex
2969 4340 3037 4395 A.

797 4419 894 4473 pro
917 4404 1018 4475 γὰρ
1043 4404 1126 4457 καὶ
1148 4403 1217 4457 A.
1468 4419 1598 4471 ‚‚10
1638 4405 1886 4475 διὰ-γῆς
1909 4415 2185 4474 assumpta
2207 4422 2273 4459 ex
2299 4409 2366 4460 A.
2551 4407 2890 4465 ια.1εισ.ὣς
2913 4411 3036 4481 ἄγα-

635 4494 727 4542 μαι
753 4420 833 4529 Ap
1040 4489 1100 4541 15
1070 4489 1120 4541 5.
1160 4471 1266 4598 eleg
1283 4475 1415 4542 πρὸς
1438 4473 1507 4527 A.
1721 4474 1802 4529 16.
1836 4475 2180 4545 περιπταίσας
2206 4478 2272 4530 A.
2490 4493 2575 4530 20.
2612 4500 2668 4531 τε
2694 4492 3037 4551 assumptum

637 4561 702 4597 ex
728 4544 794 4598 A.
1084 4544 1169 4600 26.
1294 4546 1362 4598 A.
1386 4565 1441 4597 τε
1469 4542 1571 4597 Ed.
1862 4558 1947 4614 27.
1984 4546 2122 4616 αὐτῷ
2146 4545 2229 4616 τε]
2255 4546 2339 4600 καί
2363 4546 2528 4619 τούτῳ
2551 4549 2619 4601 A.
