3269 5166
660 336 743 400 18
1264 338 1804 407 B.CYR1LL1
1862 338 2439 404 ALEXANDR.
2557 318 2562 323 ’
2698 326 3064 408 xviii.4-6.

654 509 747 609 τῇ
782 506 1049 611 σπείρᾳ
1084 506 1506 610 διακομίζων
1554 507 1857 612 ἐφίκετο.
1932 508 2048 586 καὶ
2082 505 2224 610 γάρ
2262 540 2370 584 τοι
2421 500 2744 605 καθάπερ
2778 499 3064 604 ἔφαμεν

313 619 513 740 {2¹32
656 627 939 731 ἀρτίως,
980 626 1157 737 ᾤετο
1191 630 1323 730 μὲν
1361 630 1471 712 ὅτι
1509 636 1625 711 καὶ
1677 634 1809 736 οὐχ
1856 630 2106 713 ἑκόντα
2159 630 2501 735 λήψεται,
2540 632 2632 733 τῇ
2680 632 2827 705 τῶν
2879 626 3060 702 ἑπο-

652 750 884 849 μένων
944 756 1364 862 πολυχειρίᾳ
1430 755 2021 858 καταθαρσήσας·
2113 753 2398 858 εὑρήσει
2452 750 2679 855 γεμὴν
2734 754 3056 856 ἐμφιλο-

650 884 1024 980 χωροῦντα
1070 886 1217 963 τοῖς
1267 878 1619 979 συνήθεσι
1675 877 1940 976 τόποις,
1991 880 2190 959 οὔπω
2252 881 2383 976 τῆς
2437 877 2699 978 ἡμέρας
2759 871 3060 971 ἀνείσης

578 1016 623 1080 b
648 998 779 1098 τὴν
813 1001 1131 1103 ἑτέρωσέ
1164 1037 1288 1107 ποι
1342 1002 1675 1105 πρόοδον,
1713 1001 2165 1107 ἐνιζανούσης
2213 1001 2289 1081 δὲ
2332 1000 2582 1101 ὥσπερ
2619 1006 2769 1084 τοῖς
2819 1031 3049 1077 κατα·
3088 1023 3128 1087 5

647 1121 969 1221 λύμασιν
1002 1125 1104 1205 ἔτι
1160 1123 1287 1205 τὸν
1328 1125 1601 1229 Κύριον
1636 1131 1763 1227 τῆς
1800 1126 2074 1211 νυκτός.
2154 1126 2270 1206 ἵνα
2324 1128 2564 1206 τοίνυν
2599 1123 2821 1204 αὑτὸν
2876 1120 3050 1202 καθ’

644 1248 977 1352 ἑκάτερον
1032 1251 1496 1351 ἀνθρωπίνως
1550 1252 2060 1350 διεσκεμμένον
2116 1250 2383 1357 ἐλεγξῃ
2442 1248 2792 1352 Χριστὸς,
2851 1244 3054 1326 ἕωλά

644 1405 719 1450 τε
772 1373 1280 1478 πεφρονηκότα
1339 1378 1471 1455 κάν
1529 1376 1762 1482 τούτῳ
1826 1373 2077 1472 πάλιν,
2141 1373 2397 1480 φθάνει
2455 1371 2584 1471 μὲν
2642 1371 2853 1455 αὐτὸς
2913 1374 3050 1469 τῆς

642 1496 905 1600 ἐφόδου
947 1496 1079 1597 τὴν
1110 1498 1364 1604 ἀρχὴν,
1401 1498 1626 1607 ἔξεισι
1675 1497 1753 1578 δὲ
1791 1501 1906 1578 καὶ
1942 1497 2149 1599 μάλα
2183 1497 2570 1602 προθύμως
2609 1494 3054 1596 ὑπαντήσων

642 1621 901 1717 αὐτοῖς,
939 1619 1050 1701 ὅτι
1103 1621 1281 1722 μήτε
1339 1623 1578 1724 ἠγνόει
1622 1620 1708 1703 τὸ
1752 1622 2215 1720 τολμώμενον
2265 1619 2383 1699 διὰ
2437 1621 2696 1701 τούτου
2752 1618 3048 1717 δεικνὺς,
3088 1668 3168 1710 10

644 1745 759 1823 καὶ
797 1742 908 1824 ὅτι
942 1750 1190 1825 λαθεῖν
1225 1781 1303 1826 τε
1339 1743 1490 1844 ἅμα
1525 1750 1641 1827 καὶ
1672 1750 2040 1849 διαδρᾶναι
2065 1743 2548 1849 προεγνωκότι
2582 1748 2782 1851 ῥᾷον,
2820 1743 3040 1825 αὑτό-

642 1878 910 1967 κλητος
962 1869 1160 1970 ἵησιν
1203 1872 1317 1950 ἐπὶ
1375 1870 1460 1951 τὸ
1514 1869 1771 1968 πάθος,
1836 1871 1963 1950 οὐκ
2022 1873 2101 1950 ἐκ
2159 1874 2287 1969 τῆς
2344 1876 2558 1949 τινῶν
2617 1869 3052 1976 πλεονεξίας

639 1991 1045 2101 ἀνεθελήτῳ
1101 1994 1402 2104 κινδύνῳ
1454 1995 1896 2100 περιπεσὼν,
1956 1995 2076 2075 ἵνα
2128 1993 2308 2094 μήτε
2366 2000 2687 2095 γελῶσιν
2741 1999 2808 2073 οἱ
2865 1994 3042 2096 παρ’

300 2119 553 2248 {³23⁰oe-
628 2112 963 2217 Ἕλλησι
1013 2121 1259 2225 σοφοὶ,
1297 2116 1719 2199 σκάνδαλόν
1763 2153 1839 2199 τε
1893 2124 2009 2200 καὶ
2066 2117 2531 2221 κατηγόρημα
2585 2122 2715 2218 τῆς
2770 2121 3048 2199 ἑαυτῶν

578 2273 616 2319 ο
640 2240 991 2347 ἐλαφρίας
1044 2243 1451 2342 ποιούμενοι
1508 2243 1636 2323 τὸν
1691 2278 2036 2347 σταυρον,
2078 2241 2256 2344 μήτε
2308 2242 2452 2342 μὴν
2496 2244 2536 2322 5
2588 2241 3046 2345 κυριοκτόνος
3083 2282 3159 2344 15

637 2360 975 2448 Ἰουδαῖος
1014 2367 1311 2472 ὑψηλὴν
1347 2366 1752 2474 ἀνασπάσῃ
1788 2367 1973 2447 κατὰ
2008 2373 2340 2471 Χριστοῦ
2376 2367 2508 2465 τὴν
2539 2366 2794 2473 ὀφρῦν,
2831 2402 3034 2447 κατι·-

637 2495 919 2594 σχῦσαι
974 2488 1274 2593 νομίζων
1329 2495 1445 2573 καὶ
1502 2493 1638 2598 οὐχ
1692 2489 1975 2575 ἑκόντος
2031 2492 2271 2572 αὑτοῦ.
2357 2491 2902 2571 διαπυνθάνεται
2963 2491 3045 2571 δὲ

635 2619 783 2691 τῶν
816 2614 1135 2714 ἡκόντων
1168 2620 1283 2699 ἐπὶ
1339 2618 1472 2718 τὴν
1526 2619 1939 2724 σύλληψιν,
1976 2616 2136 2696 τίνα
2171 2615 2260 2716 δὴ
2318 2615 2460 2720 ἀρα
2515 2617 3045 2719 διερευνώμενοι

636 2736 991 2840 πάρεισιν,
1036 2743 1163 2821 οὐκ
1216 2740 1608 2845 ἀγνοήσας·
1688 2742 1959 2840 πόθεν;
2043 2741 2214 2821 ἀλλ’
2268 2740 2386 2821 ἵνα
2434 2738 2599 2826 τοὺς
2657 2741 2776 2821 διὰ
2824 2750 3042 2822 τοῦτο

635 2861 998 2965 παρόντας
1053 2867 1170 2945 καὶ
1226 2867 1615 2965 θεωμένους
1661 2865 1882 2946 αὑτὸν
1938 2870 2054 2946 καὶ
2107 2866 2225 2945 διὰ
2269 2863 2523 2945 τούτου
2557 2863 2784 2946 πάλιν
2820 2864 3034 2968 ἐλέγ·
3077 2919 3162 2959 20

636 2986 771 3093 ξας
834 2989 985 3068 οὐδ’
1052 2988 1234 3071 ὅσον
1302 2989 1856 3093 ἐπιγιγνώσκειν
1934 2988 2321 3094 ἰσχύοντας
2387 2987 2514 3068 τὸν
2587 2987 3040 3091 ζητούμενον,

631 3112 819 3212 ἡμᾶς
872 3115 1252 3221 βεβαιώσῃ
1308 3113 1492 3219 πρὸς
1559 3113 1644 3196 τὸ
1710 3121 2009 3218 φρονεῖν
2071 3116 2321 3218 ὀρθῶς,
2379 3116 2474 3196 ὡς
2540 3114 2667 3194 οὑκ
2726 3112 2817 3194 ἂν
2876 3115 3037 3215 ἥλω

631 3237 827 3336 ποτὲ,
902 3238 1003 3339 μὴ
1078 3241 1236 3344 οὐχὶ
1304 3247 1453 3324 τοῖς
1526 3240 1867 3342 ζητοῦσιν
1940 3236 2162 3318 αὑτὸν
2235 3236 2608 3338 ἐθελοντὴς
2672 3240 3031 3344 προσιών.

634 3360 834 3464 ἄθρει
888 3362 1033 3464 γὰρ
1088 3361 1283 3447 ὅπως
1338 3365 1556 3442 αὑτοῦ
1604 3362 1991 3468 διαῤῥήδην
2036 3363 2119 3444 τό
2164 3366 2329 3442 Τίνα.
2369 3363 2613 3471 ζητεῖτε
2661 3364 3033 3465 λέγοντος,

564 3509 611 3575 d
635 3487 763 3566 οὑκ
822 3485 1193 3588 ἐπήγαγον
1247 3486 1471 3585 εὐθὺς,
1531 3485 1641 3567 ’ότι
1706 3487 1798 3568 σὲ
1858 3484 2416 3591 συλληψόμενοι
2474 3487 2602 3567 τὸν
2664 3497 3039 3570 λαλοῦντα
3071 3527 3154 3588 25

631 3610 1025 3714 πάρεσμεν,
1064 3612 1231 3690 ἀλλ’
1272 3614 1369 3696 ὡς
1405 3616 1572 3716 περί
1609 3647 1801 3697 τινος
1845 3619 1988 3693 τῶν
2027 3613 2227 3692 οὔπω
2259 3609 2638 3714 παρόντων
2672 3612 2851 3713 μήτε
2888 3613 3038 3714 μὴν

629 3735 1027 3840 ὁρωμένων,
1064 3738 1303 3830 Ἰησοῦν
1341 3741 1532 3840 φασι
1565 3739 1671 3818 τὶν
1708 3738 2118 3846 Ναζωραῖον.

742 3857 958 3939 Ἀλλ’
990 3856 1079 3959 ἦν
1114 3894 1310 3945 τινας
1336 3860 1515 3944 ἴσως
1553 3861 1732 3945 εἰκὸς
1766 3859 1949 3964 πρὸς
1977 3868 2187 3939 τοῦτο
2224 3863 2442 3938 εἰπεῖν
2476 3859 2771 3962 Ἠγνόει
2808 3860 3036 3967 τυχὸν

631 3986 673 4064 5
724 3983 1192 4087 στρατιώτης,
1230 3983 1775 4087 συνηγνοήκασι
1829 3982 1903 4064 δε
1955 4019 2073 4065 και
2128 4019 2193 4062 οι
2243 3990 2389 4062 τῶν
2422 3985 2789 4063 Ῑουδαίων
2842 3987 3028 4086 ὑπη-

628 4107 823 4212 ρέται
869 4109 998 4189 τὸν
1029 4111 1345 4204 Ἰησοῦν.
1422 4107 1603 4212 πρὸς
1654 4109 1741 4208 δὴ
1795 4107 2008 4189 τοῦτό
2055 4106 2395 4212 φαμεν,“
2356 4141 2465 4187 οτι
2517 4105 2852 4204 μάλιστα
2901 4109 3035 4206 μὲν
3068 4151 3156 4210 30

629 4235 759 4314 οὐκ
807 4232 1126 4336 εὐλόγως
1173 4268 1279 4318 τις
1318 4234 1485 4332 ἡμῖν
1521 4230 1605 4313 τὸ
1656 4240 1979 4312 τοιοῦτον
2016 4233 2177 4334 ἐρεῖ.
2257 4238 2413 4315 πῶς
2454 4230 2599 4333 γὰρ
2633 4232 2723 4310 ἂν
2758 4231 3029 4335 ἠγνόη-

628 4393 775 4439 σαν
824 4365 892 4441 οῑ
948 4366 1095 4440 τῶν
1141 4364 1477 4467 ἱερᾶσθαι
1538 4356 2092 4459 κεκληρωμένων
2144 4354 2283 4435 ὑπὸ
2335 4361 2537 4460 χεῖρα
2590 4353 2708 4434 διὰ
2760 4357 3039 4443 παντὸς

627 4541 729 4654 217
734 4522 1615 4671 ἐῗξῖᾆνῗσκῗίνἮῗὲἕξιῗὲω...»
1642 4592 1744 4649 na.
1992 4540 2079 4581 ²⁰
2105 4523 2491 4665 533133252·
2512 4524 2900 4650 ἕῗωρωμω
2927 4527 3037 4585 ¹³⁶
