3269 5166
199 361 349 426 xviii.
373 378 472 449 30.
705 362 821 426 IN
881 362 946 428 S.
997 361 1516 427 JOANNEM.
1606 360 1802 426 LIB.
1851 360 2012 425 XII.
2477 364 2563 425 49

202 533 309 605 τοῦ
353 529 514 631 παρ’
574 529 813 612 αὐτοῖς
868 534 1349 636 φιλοπευστεῖ
1394 526 1488 607 τὰ
1541 525 1959 630 ἐγκλήματα
2017 528 2133 605 καὶ
2190 523 2558 628 περιεργά-

201 647 358 751 ζεται
406 651 534 737 τὰς
589 652 836 750 αἰτίας,
891 685 1056 735 τους
1121 649 1324 730 οὐδὲν
1377 648 1875 754 ἡμαρτηκότας
1935 649 2356 731 εὐθύνεσθαι
2420 652 2564 731 δεῖν

201 770 393 875 ἤγουν
443 775 1013 879 εἶσπράττεσθαί
1058 809 1218 855 τινα
1276 774 1496 876 δίκην,
1553 779 1701 855 τῶν
1753 773 2044 856 ἀτόπων
2091 769 2266 855 εἶναι
2329 807 2563 878 παρα-

198 901 457 985 δεικνύς·
541 906 609 980 οἱ
674 899 751 980 δὲ
817 899 1054 1002 λε’γειν
1120 898 1399 1004 ἔχοντες
1460 896 1682 997 οὐδὲν,
1742 902 1842 985 ὡς
1903 906 2050 980 τῶν
2110 898 2380 1001 ἀγρίων
2437 898 2561 977 ἕνα

143 1050 174 1110 5
193 1024 729 1129 προσκομίζουσι
784 1029 1103 1130 λῃστῶν.
1186 1022 1649 1124 εὐλογώτατα
1703 1024 1940 1105 τοίνυν
1992 1021 2175 1125 πρὸς
2227 1020 2361 1123 τὴν
2412 1028 2560 1102 τῶν

192 1146 526 1229 Ἰουδαίων
559 1148 829 1252 εἴρηται
863 1145 1303 1250 συναγωγήν
1340 1157 1383 1194 “
1410 1147 1840 1248 Ἐδικαιῶθη
1880 1146 2172 1246 Σόδομα
2214 1147 2292 1226 ἐκ
2341 1147 2552 1228 σοῦ.”
2645 1144 2898 1275 ᾖξ’ξῗ·

188 1273 290 1350 καὶ
334 1270 543 1357 αὐτὸς
597 1271 684 1351 δέ
727 1306 871 1353 που
927 1272 1159 1378 φησὶν
1204 1272 1247 1349 5
1293 1267 1618 1375 Χριστὸς
1665 1270 1796 1355 τάς
1844 1273 1921 1352 ἐν
1963 1270 2241 1355 τούτοις
2285 1277 2430 1352 τῶν
2474 1270 2565 1379 ἐξ
2582 1307 2619 1349 e

186 1392 468 1496 Ἰσραὴλ
544 1397 915 1500 παροινίας
987 1429 1535 1493 καταιτιωμενος
1604 1404 1649 1443 “
1680 1396 1898 1475 Ἀλλ’
1975 1395 2136 1476 οὐδὲ
2208 1393 2392 1476 κατὰ
2466 1394 2559 1477 τὰ
2647 1391 2805 1521 {mk
2825 1408 2875 1441 v.

919 1521 937 1546 2
1041 1525 1075 1543 Α
1173 1521 1191 1546 2
1299 1520 1317 1546 Ι

186 1525 225 1563 “
255 1519 683 1619 δικαιώματα
716 1525 864 1599 τῶν
899 1525 1123 1601 εθνων
1154 1519 1500 1620 εποιησάς
1530 1519 1694 1617 μοι.’
1697 1518 1894 1598 ’καὶ
1929 1519 2204 1620 ἀληθὴς
2237 1520 2277 1598 5
2317 1517 2560 1622 λόγος,

102 1678 165 1720 10
183 1641 359 1746 εἴπερ
379 1643 748 1744 Ἕλληνες
802 1642 933 1743 μὲν
973 1649 1125 1727 τοῖς
1181 1645 1258 1724 ἐν
1301 1642 1663 1751 ὑπολήψει
1718 1643 2058 1746 γεγονόσι
2108 1648 2290 1724 θεῶν
2333 1644 2565 1728 λίθοις

183 1797 252 1843 τε
282 1770 391 1848 καὶ
425 1768 699 1876 ξύλοις,
738 1769 867 1848 οὐκ
903 1765 993 1847 ἀν
1030 1765 1124 1847 τὰ
1158 1767 1442 1867 συνήθη
1483 1767 1961 1870 προσοίσειαν
2003 1766 2290 1866 θύματα
2334 1802 2560 1868 μεμο-

185 1894 549 1990 λυσμέναις
586 1927 667 1974 τε
700 1895 821 1972 καὶ
854 1891 1175 1976 ἀνίπτοις
1210 1894 1483 1996 χερσὶν,
1516 1892 1686 1971 ἀλλ’
1727 1891 1877 1971 οὐδ’
1925 1887 2015 1970 ἂν
2048 1889 2371 1973 ἀνέλοιέν
2405 1925 2562 1972 τινα

181 2012 269 2114 μὴ
308 2017 462 2122 οὐχὶ
510 2024 661 2100 τοῖς
711 2012 1046 2121 ἐσχάτοις
1093 2015 1443 2095 ε’ναλόντα
1492 2022 1755 2099 κακοῖς·
1836 2020 1902 2094 οἱ
1960 2012 2034 2096 δὲ
2090 2017 2318 2095 καίτοι
2371 2015 2564 2096 θύειν

182 2142 272 2246 τῷ
320 2140 497 2221 κατὰ
552 2141 785 2249 φύσιν
824 2144 993 2247 Θεῷ
1046 2139 1131 2219 τὸ
1186 2138 1447 2245 πάσχα
1492 2136 1911 2239 μέλλοντες,
1962 2139 2261 2238 αἵμασιν
2303 2136 2562 2248 ἀθῴοις

102 2294 160 2352 15
182 2260 406 2368 ἔνοχον
440 2263 572 2366 τὴν
612 2265 873 2345 οἰκείαν
916 2268 1322 2344 καθιστῶσι
1372 2264 1646 2370 ψυχὴν,
1683 2266 1798 2343 καὶ
1848 2264 2105 2347 ἀδίκως
2154 2266 2562 2345 ἀποκτεῖναι
2583 2298 2620 2340 a
2634 2284 2804 2341 1085
2814 2284 2895 2343 Δ.

181 2385 653 2494 σπουδάζουσι
687 2385 819 2470 τὸν
855 2386 1148 2489 ἀπάσης
1184 2388 1536 2492 ἁμαρτίας
1572 2386 1984 2490 ἀλλότριον.

173 2649 629 2744 Ἀπεκρίθησαν
687 2657 796 2721 καὶ
856 2648 1041 2721 εἶπον
1096 2656 1275 2740 αὐτῷ
1332 2652 1401 2720 Εἰ
1466 2653 1552 2731 μή
1616 2651 1698 2721 ἦν
1752 2651 1943 2722 οὗτος
2011 2653 2386 2737 κακοποιὸς,
2441 2655 2559 2720 οὐκ
2585 2668 2665 2727 30

838 2781 919 2847 ἄν
974 2804 1074 2847 σοι
1128 2780 1609 2872 παρεδώκαμεν
1664 2782 1880 2851 αὐτόν.

275 2950 678 3057 Ἀποροῦσι
736 2952 868 3053 μὲν
921 2953 1147 3040 αἰτίας
1212 2951 1539 3054 εὐλόγου,
1596 2952 2230 3055 περιστέλλονται
2267 2955 2354 3033 δέ
2408 2986 2562 3036 πως

96 3099 159 3140 20
178 3073 288 3170 τῆς
322 3077 661 3172 ἀσεβείας
702 3076 786 3157 τὸ
833 3072 1091 3182 αἶσχος
1126 3079 1245 3157 καὶ
1280 3075 1367 3155 τὸ
1404 3081 1637 3156 δοκεῖν
1672 3076 1931 3161 ἀδίκως
1967 3074 2262 3157 ἑλέσθαι
2307 3080 2560 3181 φονᾶν,

177 3199 617 3303 σοφιζόμενοι
659 3204 756 3285 ὡς
794 3197 1112 3285 οὖδόλως
1155 3200 1602 3280 ἀποτίσοντα
1650 3200 1852 3300 δίκην
1886 3198 2435 3303 προσεκόμισαν
2471 3197 2561 3279 ἂν
2583 3208 2628 3273 b

176 3317 289 3400 τὸν
325 3324 639 3426 Ἰησοῦν,
692 3332 745 3406 εἰ
800 3327 899 3430 μή
952 3359 1020 3404 τι
1072 3326 1189 3403 καὶ
1242 3324 1559 3409 πταίσας
1618 3324 1798 3425 ἥλω,
1849 3326 2104 3431 φασίν.
2186 3321 2561 3405 ὑποπλάτ-

177 3476 398 3528 τονται
457 3449 606 3553 γάρ
674 3449 780 3530 ἔτι
840 3457 970 3530 τοῦ
1034 3447 1257 3548 νόμου
1313 3448 1445 3547 τὴν
1505 3448 1834 3552 τήρησιν,
1890 3448 2102 3529 ὁσίαν
2155 3451 2267 3554 ἐφ’
2328 3446 2561 3530 ἅπασι

178 3570 392 3669 κρίσιν
442 3579 813 3655 ποιεῖσθαι
867 3571 1473 3675 προστάττοντος,
1526 3575 1643 3654 καὶ
1697 3571 1782 3653 τό
1837 3608 1921 3676 γε
1975 3572 2392 3680 παράδοξον
2444 3575 2562 3653 καὶ

94 3714 155 3773 25
177 3692 373 3793 αὐτὴν
405 3695 878 3805 ἐξοπλίζουσι
910 3694 1042 3796 τὴν
1080 3702 1175 3781 εἷς
1209 3694 1339 3776 τὸν
1372 3694 1593 3796 νόμον
1631 3758 2228 3780 .................
2266 3693 2559 3777 πιστεύ-

176 3823 362 3899 εσθαι
439 3821 586 3924 γάρ
664 3820 998 3928 ἀξιοῦσιν
1070 3823 1170 3904 ὡς
1244 3820 1769 3927 νομοφύλακες,
1834 3824 1900 3901 οἱ
1974 3829 2103 3901 τοῦ
2177 3820 2563 3920 νομοθέτου

176 3952 570 4047 κατηγορεῖν
605 3946 740 4026 οὐκ
789 3943 1249 4044 ὀκνήσαντες.
1328 3978 1549 4024 κακον
1593 3943 1668 4025 δε
1725 3944 1993 4047 δρᾶσαί
2043 3954 2236 4050 φασι
2285 3941 2414 4024 τὸν
2449 3944 2559 4023 ἐπ’

175 4064 505 4170 ἀναιρέσει
582 4065 1050 4176 φαυλότητος
1124 4065 1551 4174 ἀφιγμένον,
1621 4067 1741 4148 ἵνα
1815 4069 2154 4173 φαίνηται
2223 4066 2449 4148 πάλιν
2520 4069 2563 4145 5

175 4190 477 4288 Χριστος
527 4192 649 4274 διὰ
700 4196 829 4291 τῆς
876 4199 1004 4272 τοῦ
1055 4188 1437 4298 προφήτου
1488 4197 1737 4298 φωνῆς
1764 4190 2084 4273 Ησαίου
2126 4195 2289 4294 περὶ
2325 4192 2563 4271 αὐτῶν

91 4334 154 4392 30
175 4313 372 4395 εἶπόν
399 4326 441 4364 “
465 4316 661 4398 Οὐαὶ
699 4316 959 4412 αὐτοῖς,
998 4349 1108 4396 οτι
1144 4313 1702 4415 ἀπεπήδησαν’
1659 4350 1765 4396 απ
1818 4317 2012 4414 ἐμοῦ,
2049 4315 2352 4396 δεῖλωθῖ
2379 4350 2564 4395 ‘²⁰²¹'
2584 4363 2620 4406 ⁰
2647 4321 2774 4451 ξω
2792 4338 2878 4373 ἰι

238 4557 286 4611 3.
318 4545 474 4615 ἤγουν
494 4562 608 4601 om.
635 4544 705 4602 E.
798 4543 991 4600 Statim
1017 4542 1458 4615 εῖσᾶπράττεσθαι
1482 4542 1548 4600 Ε.
1706 4562 1759 4616 9.
1795 4542 2049 4613 ἐποίησαν
2071 4542 2138 4599 Ε.
2341 4540 2560 4666 μέύλα

180 4608 235 4663 E.
402 4632 484 4683 ¹4·
519 4616 703 4673 ἆθόοις
731 4614 795 4670 Ε.
977 4630 1064 4686 25·
1101 4615 1450 4683 ἐξωπλίζουσι
1474 4614 1540 4671 Ε.
1723 4615 1940 4670 Lacuna
1966 4630 2036 4669 20
2059 4614 2167 4669 fere
2190 4614 2293 4670 litt.
2305 4560 2375 4667 ¹iu

254 4713 382 4763 vot..
414 4717 515 4762 111.
1348 4717 1394 4761 11
