3269 5166
238 344 414 410 xviii.
444 361 683 428 24-27.
793 346 899 410 IN
960 346 1029 409 S.
1079 346 1598 412 JOANNEM.
1692 347 1888 412 LIB.
1938 348 2099 413 XII.
2566 345 2649 406 45

244 511 718 598 ἀναστάσεως
773 522 903 593 τοῦ
950 519 1305 615 Χριστοῦ,
1346 518 1464 594 καὶ
1509 513 1656 616 πρὸ
1706 519 1831 614 τῆς
1883 510 2471 619 καταφοιτήσεως
2524 514 2652 608 τῆς

243 638 352 717 ἐπ’
411 633 666 722 αὐτοὺς
722 635 1100 738 γενομένης
1153 647 1283 718 τοῦ
1338 639 1594 739 Ἀγίου
1655 638 2094 737 Πνεύματος,
2153 641 2268 718 καὶ
2328 637 2511 719 τίνες
2575 637 2651 713 ἐν

241 769 392 845 τοῖς
434 761 614 859 μετὰ
662 770 912 860 ταῦτα,
950 762 1418 863 κομισάμενοι
1453 761 1586 863 τὴν
1622 762 1740 843 διὰ
1783 773 1910 842 τοῦ
1951 761 2370 857 Πνεύματος
2408 756 2642 864 χάριν,

241 883 335 985 ἣν
380 889 499 965 καὶ
533 898 576 933 “
605 887 693 994 ἐξ
745 890 976 993 ὕψους
1033 886 1379 984 δύναμιν”
1419 886 1796 987 ὠνόμασεν
1853 890 1893 968 ὃ
1950 885 2297 989 Χριστός.
2377 890 2643 987 προθυ-
2737 876 2983 1008 {33⁰5-

172 1032 213 1090 5
242 1010 597 1106 μστάτους
661 1008 794 1109 μὲν
857 1011 998 1115 γὰρ
1064 1017 1159 1094 εἰς
1228 1010 1601 1118 ἀνάληψιν
1666 1015 1940 1113 ἀρετῆς,
1997 1009 2509 1115 εὐζωνοτάτους
2574 1009 2647 1088 δὲ

242 1134 416 1213 λίαν
452 1140 550 1219 εἷς
585 1134 670 1214 τὸ
718 1132 959 1216 θέλειν
996 1136 1299 1216 ἕπεσθαι
1334 1140 1438 1244 τῷ
1473 1140 1804 1243 Χριστῷ,
1841 1138 1960 1215 καὶ
2008 1135 2276 1219 παντὸς
2328 1133 2652 1214 κινδύνου

244 1263 632 1338 καταθλεῖν
670 1263 787 1338 καὶ
837 1260 1135 1366 σφόδρα
1180 1258 1605 1343 πλειστάκις
1651 1258 2241 1363 ἐπιχειρήσαντας
2290 1256 2653 1360 θεωρήσαι

242 1417 355 1467 τις
412 1383 521 1462 ἄν.
599 1385 770 1463 ἀλλ’
809 1385 1006 1463 οὔπω
1065 1381 1595 1485 κατηργηκότος
1654 1392 1779 1463 τοῦ
1834 1388 2168 1486 Σωτῆρος
2228 1384 2428 1481 ἡμῶν
2465 1388 2649 1484 Χρι-
2700 1479 2704 1483 ,

242 1515 434 1586 στοῦ
471 1515 598 1587 τοῦ
636 1507 948 1586 θανάτου
984 1507 1068 1587 τὸ
1107 1505 1383 1609 κράτος,
1422 1507 1745 1609 σκληρός
1784 1542 1939 1592 πως
1973 1505 2062 1607 ἦν
2100 1506 2202 1587 ἔτι
2251 1509 2366 1586 καὶ
2413 1507 2643 1607 ἀπρό-
2747 1494 2750 1497 ¹

135 1664 216 1705 10
246 1666 453 1717 σιτος
502 1639 875 1716 παντελῶς
928 1634 967 1711 ὁ
1019 1631 1108 1738 ἐξ
1150 1634 1365 1712 αὐτοῦ
1417 1630 1673 1736 φόβος·
1734 1638 1800 1712 οἱ
1851 1630 1927 1712 δὲ
1978 1634 2177 1712 οὔπω
2222 1630 2306 1710 τὸ
2355 1637 2652 1729 Πνεῦμα

245 1756 622 1853 λαβόντες,
662 1757 831 1835 ἀλλ’
872 1756 1033 1836 οὐδὲ
1084 1756 1200 1835 διὰ
1251 1761 1377 1853 τῆς
1428 1755 1701 1836 ανωθεν
1737 1757 2286 1860 κεχαλκευμένοι
2325 1754 2646 1860 χάριτος,

245 1886 346 1963 εἷς
396 1875 528 1978 τὴν
571 1879 751 1982 ὑπερ
797 1880 1028 1984 φύσιν
1077 1882 1404 1979 ἀνδρείαν
1440 1882 1641 1959 οὔπω
1690 1886 2064 1962 παντελῶς
2110 1880 2485 1980 ἐλευθέραν
2527 1883 2654 1975 τῆς

246 2005 698 2105 ἀνθρωπίνης
755 2005 1240 2154 μικροψυχίας
1297 2002 1429 2103 τὴν
1480 2004 1796 2083 διάνοιαν
1852 2037 2154 2107 εχοντες,
2211 2005 2340 2082 οὐκ
2391 2002 2655 2104 ἄθραυ-
2679 2018 2993 2073 aloazA.

246 2161 416 2207 στοι
472 2131 729 2233 κομιδῇ
784 2134 931 2211 τοῖς
978 2131 1056 2207 ἐκ
1107 2136 1235 2207 τοῦ
1285 2134 1538 2208 παθεῖν
1590 2129 1968 2235 ἐφαίνοντο
2019 2127 2363 2225 δείμασιν.
2443 2125 2659 2228 ὅνπερ

140 2281 219 2342 ¹5
249 2251 394 2354 γὰρ
431 2249 698 2353 τρόπον
736 2252 775 2330 ὁ
810 2254 1127 2353 σίδηρος,
1167 2251 1394 2332 καίτοι
1431 2251 1615 2333 κατὰ
1654 2251 1882 2360 φύσιν
1920 2252 2264 2357 ὑπάρχων
2301 2250 2654 2353 σκληρὸς,

248 2377 379 2456 οὐκ
417 2375 507 2455 ἀν
542 2374 942 2475 ἀλωβήτως
989 2374 1341 2476 ὃμιλήσαι
1393 2384 1541 2460 τοῖς
1590 2383 1736 2455 τῶν
1775 2377 2001 2457 λίθων
2039 2376 2562 2478 ἀπηνεστέροις,
2602 2383 2660 2454 εἰ

246 2499 352 2601 μὴ
407 2498 540 2600 τὴν
594 2504 671 2579 ἐκ
726 2509 855 2580 τοῦ
923 2506 1385 2596 στομοῦσθαι
1440 2498 1865 2604 προσλάβοι
1927 2504 2249 2597 δύναμιν·
2339 2505 2561 2586 οὕτως
2617 2502 2660 2601 ἦ

247 2625 633 2727 ἀνθρώπου
670 2623 880 2731 ψυχὴ
928 2624 1059 2704 κᾶν
1106 2625 1402 2732 σφόδρα
1451 2625 1884 2726 νεανιεύηται
1918 2635 2070 2709 ταῖς
2108 2634 2204 2710 εἰς
2240 2633 2387 2706 πᾶν
2425 2628 2664 2705 ὁτιοῦν

248 2749 528 2851 ἀγαθὸν
583 2750 1157 2853 ἀπαρατρέπτοις
1223 2752 1645 2849 ἐπιθυμίαις,
1702 2748 1905 2831 ἀλλὰ
1958 2755 2085 2849 τῆς
2143 2759 2287 2830 τῶν
2343 2753 2661 2831 ἐντεῦθεν

138 2904 219 2943 20
249 2875 554 2975 ἀγώνων
598 2874 1096 2974 σκληρότητος
1152 2874 1236 2952 οὐ
1290 2874 1662 2975 περιέσται
1716 2873 1913 2971 ποτὲ,
1952 2874 2053 2973 μὴ
2104 2876 2263 2979 οὐχὶ
2310 2874 2661 2975 πρότερον

246 3005 343 3102 τῇ
408 2996 525 3077 διὰ
583 3008 715 3078 τοῦ
782 3000 970 3078 θείου
1038 2997 1457 3096 Πνεύματος
1533 3000 1967 3101 ἀδρυνθεῖσα
2029 2999 2287 3102 χάριτι.
2406 2998 2660 3077 οὐκοῦν

249 3125 761 3224 ἀσθενέστεροι
797 3123 928 3221 μέν
963 3157 1118 3207 πως
1157 3120 1241 3201 τὸ
1277 3124 1353 3201 ἐν
1390 3126 1645 3227 ἀρχαῖς
1691 3125 1806 3201 καὶ
1858 3123 2052 3200 αὐτοὶ
2103 3118 2323 3226 τυχὸν
2358 3118 2554 3220 ἦσαν
2590 3126 2655 3200 οἱ

250 3253 589 3347 μαθηταὶ,
625 3245 1095 3348 κομισάμενοι
1132 3245 1207 3325 δὲ
1244 3245 1329 3326 τὸ
1372 3251 1670 3343 Πνεῦμα
1714 3253 1842 3324 τοῦ
1894 3243 2070 3347 ὑπὲρ
2116 3247 2392 3329 πάντας
2431 3250 2647 3343 Θεοῦ,
2678 3258 2721 3322 b

251 3369 385 3471 τὴν
446 3375 714 3453 ἑαυτῶν
773 3371 909 3472 ἤδη
977 3368 1523 3475 παρελάσαντες
1587 3371 1981 3467 ἀσθένειαν,
2045 3377 2138 3453 εἷς
2202 3368 2333 3469 τὴν
2391 3369 2652 3449 ἐκείνου

148 3527 224 3589 25
251 3496 697 3602 στεῤῥότητα
733 3492 1328 3593 μετεπλάττοντο,
1367 3500 1458 3600 τῇ
1502 3497 1831 3602 κοινωνίᾳ
1881 3498 1970 3601 τῇ
2022 3494 2203 3597 πρὸς
2252 3493 2425 3573 αὐτὸ
2473 3491 2654 3597 πρὸς

250 3618 385 3720 τὴν
422 3617 598 3722 ὑπὲρ
636 3620 864 3724 φύσιν
902 3616 1407 3721 ἀνατρέχοντες
1442 3620 1846 3716 εὐτολμίαν.

362 3745 945 3846 Ἀναγέγραπται
1001 3744 1240 3822 τοίνυν
1282 3743 1658 3849 χρησίμως
1707 3747 1822 3822 καὶ
1869 3743 1915 3842 ἡ
1967 3749 2112 3822 τῶν
2158 3745 2383 3845 ἁγίων
2421 3743 2648 3822 ἀσθέ-

253 3903 403 3948 νεια
470 3865 652 3970 πρὸς
726 3865 1013 3947 ἔπαινόν
1086 3901 1162 3946 τε
1238 3868 1355 3946 καὶ
1430 3866 1654 3973 δόξαν
1720 3872 1931 3964 Θεοῦ,
1995 3865 2485 3965 μετατιθέντος
2556 3873 2654 3951 εἰς

251 3993 555 4091 δύναμιν
606 3987 691 4069 τὸ
738 3990 1153 4091 ἠσθενηκὸς,
1207 3993 1323 4069 καὶ
1377 3987 1627 4093 ῶσπερ
1681 3989 1839 4069 τινὰ
1895 3991 2177 4094 πύργον
2230 3988 2653 4074 ἀνιστάντος

152 4145 225 4202 3ο
251 4118 538 4221 ἄμαχον
574 4111 660 4194 τὸ
697 4116 814 4192 καὶ
849 4121 1101 4218 ψιλοῖς
1146 4112 1665 4214 εὐανάτρεπτον
1704 4114 1985 4220 φόβοις,
2025 4119 2139 4194 καὶ
2191 4113 2437 4212 μόναις
2488 4114 2650 4194 ἔσθ’

251 4241 368 4322 ὅτε
427 4247 582 4323 ταῖς
638 4241 717 4318 ἐκ
771 4246 900 4318 τοῦ
948 4271 1020 4316 τι
1072 4244 1327 4318 παθεῖν
1365 4238 1710 4343 ὑποψίαις
1761 4237 2218 4342 κατεῤῥαγός.
2299 4238 2403 4339 εἴη
2456 4241 2523 4317 δ’
2564 4236 2654 4318 ἀν

322 4534 374 4589 8.
410 4531 555 4601 ἡμῶν
578 4537 917 4618 assumptum
945 4546 1007 4582 ex
1037 4527 1399 4582 E.11.
1436 4548 1490 4580 κε
1491 4526 1833 4609 χαλκωμένοι
1864 4525 1917 4580 F.
1947 4525 2050 4580 Ed.
2077 4544 2189 4597 mg.
2216 4547 2311 4596 κεχ
2312 4528 2443 4594 αλμε
2433 4523 2526 4578 ’νοι
2553 4521 2657 4577 Ed.

250 4620 338 4676 3ο.
376 4599 592 4674 ψιλοις]
633 4609 684 4664 4-
718 4599 800 4654 καὶ
829 4598 932 4655 Ed.
959 4598 1128 4653 invito
1155 4597 1219 4653 E.
1294 4597 1400 4652 Pro
1423 4600 1601 4668 μόναις
1624 4596 1817 4651 iterum
1843 4598 2036 4668 φόβοις
2062 4548 2311 4652 exhibetx
2305 4596 2366 4650 E.
