3269 5166
207 352 560 434 xxm-14.
652 351 770 416 IN
831 344 1462 419 S.JOANNEM.
1555 354 1956 420 maxa.
2050 357 2363 424 CARI.
2499 361 2619 424 161

317 523 581 590 εἵλκυσε
618 523 694 590 τὸ
732 523 990 589 δίκτυον
1029 520 1123 589 εἷο
1158 522 1279 590 την
1320 529 1456 605 Γῆν,
1493 499 1731 601 μεστὸν
1768 521 2007 613 ἰχθύων
2044 528 2348 604 μεΓάλων
2385 529 2620 595 ἑκατὸν
2647 557 2682 601 e

314 650 958 738 πεντηκοντατριῶν·
1013 648 1118 714 καί
1155 632 1489 716 τοσούτων
1524 650 1740 716 ὄντων
1776 652 1894 715 οὐκ
1930 651 2191 739 ἐσχίσθη
2230 651 2305 720 τὸ
2343 652 2620 718 δίκτυον*

316 776 494 848 λέΓει
550 769 775 841 αὐτοῖς
827 774 863 842 ὁ
903 773 1153 839 Ἰησοῦς
1212 773 1411 839 Δεῦτε
1467 775 1883 862 ἀριστήσατε.
1957 776 2176 842 οὐδεὶς
2234 775 2307 843 δὲ
2369 776 2618 853 ἐτόλμα
2654 797 2724 838 12

320 897 459 962 τῶν
511 898 826 975 μαθητῶν
861 899 1167 969 ἐξετάσαι
1220 899 1419 967 αὐτόν
1455 899 1546 964 Σὺ
1596 900 1694 966 τίς
1742 894 1821 981 εἶ,
1867 898 2116 967 εἰδότες
2164 903 2266 968 ὅτι
2312 903 2349 969 ὁ
2391 902 2620 992 Κύριόο

156 1050 195 1114 5
320 1023 519 1090 ἐστιν.
590 1026 850 1114 ἔρχεται
885 1026 1203 1093 ὀἸησοῦσ
1257 1026 1363 1090 καὶ
1418 1028 1734 1106 λαμβάνει
1777 1028 1890 1095 τὸν
1939 1029 2140 1117 ἄρτον
2192 1027 2297 1093 καί
2352 1028 2619 1095 δίδωσιν
2656 1059 2726 1116 ¹3

321 1145 568 1230 αὐτοῖς,
616 1150 725 1215 καί
766 1150 843 1219 τὸ
890 1152 1171 1240 ὀψάριον
1206 1150 1478 1227 ὁμοίως.
1545 1156 1736 1217 τοῦτο
1784 1152 1910 1217 ηδη
1956 1152 2175 1242 τρίτον
2220 1152 2616 1243 ἐφανερώθη
2651 1181 2726 1237 14

322 1276 363 1342 ὃ
390 1274 649 1342 Ἰησοῦς
687 1272 825 1343 τοῖς
859 1272 1181 1349 μαθηταῖς
1219 1277 1416 1342 αὐτοῦ
1448 1277 1737 1366 ἑπερθείο
1772 1279 1847 1343 ἐκ
1885 1277 2160 1368 νεκρῶν.
2648 1276 2694 1341 d

331 1448 642 1529 Ἑαυτὸν
679 1446 853 1531 εἶναι
887 1449 1112 1532 πάλιν
1148 1452 1450 1532 κάνθάδε
1492 1457 1682 1559 φησὶ
1718 1452 1846 1533 τὸν
1883 1451 2360 1555 ἀγαπώμενον
2392 1458 2627 1550 μαθη-

221 1574 359 1673 τὴν
403 1575 443 1653 ὁ
484 1577 645 1655 τόδε
701 1579 986 1660 συνθεὶς
1022 1575 1107 1655 τὸ
1143 1576 1459 1670 βιβλίον.
1521 1577 1855 1677 ἠγαπᾶτο
1905 1575 1978 1655 δὲ
2025 1577 2213 1673 λίαν,
2252 1572 2368 1655 διὰ
2423 1576 2628 1655 πλεί-

116 1734 197 1778 ιο
222 1732 416 1798 στην
449 1702 544 1783 ὡς
594 1696 817 1785 ἐοικὸς
860 1700 1231 1805 ἀγχίνοιαν
1269 1703 1385 1780 καὶ
1422 1709 1547 1781 νοῦ
1584 1698 2037 1804 καθαρότητα
2074 1703 2189 1779 καὶ
2221 1701 2629 1803 ὀφθαλμῶν

223 1823 520 1925 καρδίας
564 1824 899 1930 ὀξύτητα,
936 1827 1340 1923 ἐπιτηδείως
1376 1858 1452 1903 τε
1491 1824 1678 1930 ἔχειν
1715 1825 1792 1904 εὖ
1825 1822 2030 1923 μάλα
2067 1822 2251 1926 πρὸς
2285 1822 2371 1903 τὸ
2404 1823 2622 1903 δύνα-

221 1948 412 2027 σθαί
450 1981 521 2026 τι
557 1948 873 2027 συνιέναι
918 1954 1226 2051 γοργῶς.
1307 1951 1423 2028 καὶ
1460 1956 1638 2051 γοῦν
1673 1947 2158 2050 προαρπάσας
2191 1954 2337 2027 τῶν
2374 1947 2628 2027 ἄλλων

224 2069 566 2152 ἁπάντων
601 2080 730 2151 τοῦ
766 2073 1067 2172 σημείου
1109 2070 1242 2172 τὴν
1279 2071 1647 2173 αἴσθησιν,
1688 2071 1873 2174 ἔγνω
1906 2069 2232 2171 παρόντα
2270 2070 2623 2172 Χριστὸν,

224 2199 346 2274 καὶ
401 2202 551 2280 τοῖς
605 2196 862 2298 ἑτέροις
919 2194 1447 2296 διαμεμήνυκεν,
1496 2194 1699 2275 οὐδὲν
1745 2191 2118 2278 ἐνδοιάσας
2175 2193 2392 2292 ὅλως,
2444 2196 2625 2273 ἀνα·

122 2348 197 2407 15
228 2316 585 2423 φωνήσας
638 2317 713 2398 δὲ
766 2326 1060 2417 μᾶλλον
1119 2321 1238 2399 καὶ
1297 2318 1593 2426 σφόδρα
1657 2314 2187 2422 τεθαῤῥηκότως
2246 2315 2335 2398 ‘O
2406 2317 2627 2423 Κύριός

227 2445 397 2523 ἐστι.
476 2446 593 2523 καὶ
628 2442 1155 2550 προεξείλλεται
1201 2441 1330 2539 μὲν
1370 2445 1410 2521 ὁ
1447 2440 1834 2526 θεσπέσιος
1875 2439 2148 2542 Πέτρος
2184 2440 2628 2543 βραδυτεραν
2651 2476 2689 2520 e

225 2567 537 2649 ἔσεσθαί
577 2602 733 2652 πως
770 2569 888 2648 καὶ
935 2565 1068 2667 τὴν
1106 2564 1221 2647 διὰ
1259 2564 1590 2674 σκάφους
1639 2563 1984 2667 ἐννοήσας
2022 2564 2296 2672 ἄφιξιν·
2370 2561 2630 2669 θερμὸς

230 2688 377 2794 γὰρ
432 2697 530 2776 εἰς
584 2693 982 2794 προθυμίας
1038 2694 1166 2787 ἀεὶ,
1203 2694 1320 2771 καὶ
1366 2690 1808 2789 κεκινημένος
1857 2688 2039 2792 πρὸς
2093 2691 2475 2786 εὐτολμίαν
2514 2691 2634 2768 καὶ
2697 2767 2702 2772 ,

228 2809 523 2917 ἀγάπην
555 2812 687 2914 τὴν
722 2816 836 2897 ἐπὶ
850 2820 1201 2923 ,Χριστῷ
1282 2816 1571 2896 ἕπονται
1610 2813 1686 2894 δὲ
1722 2817 1839 2895 καὶ
1875 2819 1940 2894 οἱ
1980 2817 2218 2892 λοιποὶ
2256 2816 2361 2919 τῷ
2396 2813 2627 2914 προῦ-

122 2975 204 3017 20
229 2973 435 3043 χοντι
491 2940 671 3037 ὁμοῦ
721 2941 824 3047 τῷ
882 2939 1119 3048 πλοίῳ
1173 2943 1245 3021 τὶ
1316 2937 1571 3020 δίκτυον
1632 2939 1951 3041 ἄγοντες.
2030 2933 2182 3015 εἶτα
2236 2941 2633 3037 θεωροῦσιν

228 3060 591 3171 &wopam
645 3061 952 3170 κειμένην,
986 3060 1413 3170 παραδόξως
1473 3066 1589 3142 καὶ
1634 3059 1872 3164 πυρὰν
1907 3059 2451 3141 ἀνακαύσαντος
2504 3063 2633 3136 τοῦ

230 3192 568 3290 Χριστοῦ
604 3188 722 3267 καὶ
774 3180 1074 3297 ὀψάριον
1109 3186 1427 3274 ἐνθέντος
1475 3191 1568 3289 τῇ
1613 3183 1898 3291 ἀῤῥήτῳ
1951 3179 2241 3281 δυνάμει
2299 3176 2634 3332 δηλονρτι

228 3310 763 3415 τεθηρευμένον,
799 3316 1254 3410 οικονομικῶς
1288 3345 1364 3390 τε
1403 3344 1518 3388 και
1557 3317 1791 3389 τοῦτο.
1851 3309 1934 3387 οὖ
1973 3306 2114 3410 γὰρ
2145 3306 2191 3405 ἡ
2227 3311 2374 3386 τῶν
2411 3306 2634 3408 ἁγίων

228 3435 676 3515 ἀποστόλων
740 3434 1013 3543 ἤρξατο
1074 3467 1249 3541 χειρ,
1306 3432 1464 3533 ἤτοι
1530 3430 1615 3512 τὸ
1679 3429 2010 3535 κήρυγμα
2069 3433 2195 3529 τῆς
2261 3426 2372 3534 ἐφ’
2433 3429 2636 3528 ἡμῶν

126 3603 202 3663 ²5
230 3555 612 3657 νοουμένης
666 3556 898 3659 ἄγρας
949 3560 1442 3656 πνευματικῆς,
1501 3556 1671 3634 ἀλλ’
1713 3554 1758 3653 ἡ
1815 3560 1942 3634 τοῦ
2000 3556 2336 3654 Σωτῆρος
2390 3551 2628 3657 ἰσχύς.

227 3681 676 3782 ἐσαγήνευσε
752 3680 896 3784 γὰρ
968 3686 1274 3784 πρῶτος,
1333 3682 1429 3763 ὡς
1501 3681 1575 3758 ἐν
1642 3680 1936 3783 ἀπαρχῇ
2010 3683 2154 3755 τῶν
2214 3671 2635 3774 μελλόντων

229 3806 387 3900 ἕνα,
430 3809 548 3884 καὶ
604 3806 762 3911 οὐχὶ
799 3804 887 3904 δὴ
943 3804 1229 3887 πάντως
1283 3803 1406 3882 ἕνα
1463 3801 1720 3906 φαμὲν,
1761 3799 1875 3879 διὰ
1931 3798 2006 3879 δὲ
2056 3807 2185 3879 τοῦ
2221 3796 2376 3882 ἑνὸς
2412 3794 2501 3877 τὸ
2533 3795 2634 3897 μὴ
2658 3843 2693 3890 a
2717 3829 2862 3885 1117
2880 3824 2964 3881 Α.

230 3927 535 4034 σφόδρα
569 3926 894 4014 πολλοὺς
938 3927 1387 4027 σημαίνεται·
1453 3921 1604 4004 εἶτα
1642 3921 1824 4023 μετὰ
1861 3930 2072 4003 τοῦτο
2110 3921 2636 4024 σαγηνεύουσιν

232 4058 300 4131 οἱ
356 4054 672 4151 μαθηταὶ
727 4051 812 4131 τὸ
867 4054 1171 4150 πλῆθος,
1218 4057 1367 4133 τοῖς
1425 4049 1645 4128 αὐτοῦ
1703 4045 1932 4127 πάλιν
1993 4043 2638 4149 θεωτρεπεστάτοις

124 4218 203 4275 3ο
231 4176 541 4275 νεύμασι
597 4180 714 4255 καὶ
753 4181 850 4260 εἶς
885 4173 970 4256 τὸ
1009 4173 1367 4254 δύνασθαί
1408 4207 1477 4251 τι
1516 4176 1774 4264 λαβεῖν
1820 4173 1967 4249 τῶν
2001 4165 2439 4272 ζητουμένων
2477 4200 2633 4245 νευ-

225 4299 589 4404 ρούμενοι.
671 4294 949 4379 ἀνέλκει
986 4293 1215 4400 γεμὴν
1251 4293 1384 4397 τὴν
1421 4295 1754 4397 σαγήνην
1791 4302 1820 4375 ὁ
1863 4289 2122 4396 Πέτρος,
2159 4292 2245 4370 δι’
2288 4290 2372 4369 οὗ
2408 4288 2636 4370 πάλιν.

308 4540 358 4578 1.
394 4522 640 4608 μεγάλων
662 4536 775 4574 om.
800 4519 864 4574 Ε.
1196 4517 1303 4571 18.
1337 4515 1626 4588 προθυμίας
1651 4515 1716 4570 Ε.
1740 4510 2032 4583 προθυμίαν
2053 4508 2160 4566 Ed.
2267 4509 2351 4564 καὶ
2376 4504 2640 4576 sampirus

230 4591 653 4664 (ι-καινημίνος
676 4590 793 4645 tine
815 4590 896 4645 καὶ
920 4586 1279 4662 praecedenti)
1302 4587 1370 4643 Ε.
1732 4601 1814 4657 19.
1852 4582 1944 4651 τὴν
1966 4598 2074 4636 om.
2099 4580 2167 4636 Ε.
2472 4627 2480 4634 .

320 4692 466 4742 vol..
500 4692 606 4738 m.
1462 4686 1503 4731 Y
