3269 5166
980 1296 1428 1394 INDEX
1508 1292 2020 1391 RERUM.

299 1843 515 1895 Numeri
538 1840 723 1905 quibus
745 1839 1004 1904 praeeedit
1027 1838 1177 1887 litera
1199 1836 1259 1885 M
1282 1836 1351 1886 nd
1369 1836 1659 1900 fragmenta
1678 1835 1893 1885 Maiana
1912 1840 2160 1901 spectant,
2182 1835 2221 1886 ii
2242 1835 2424 1900 quibus
2455 1834 2714 1900 praeeedit

435 1925 509 1985 iii,
534 1924 602 1973 ad
623 1924 861 1972 volumen
884 1923 1110 1981 tertium,
1134 1920 1315 1983 reliqui
1337 1919 1402 1968 ad
1424 1919 1786 1967 commentaria
1808 1918 1861 1967 iu
1885 1919 1951 1968 D.
1973 1919 2012 1968 J
2013 1919 2190 1968 oannis
2213 1917 2564 1982 Evangelium.

851 2206 905 2261 A

299 2337 649 2394 Amunum
733 2335 1000 2393 monachi
1077 2334 1304 2409 quidam
1381 2332 1453 2390 de

381 2434 808 2512 quaestionibus
881 2432 1222 2509 dogmaticis
1305 2432 1454 2489 inter

379 2553 442 2593 ee
479 2532 883 2593 conflictabant
918 2532 991 2591 iii.
1023 2535 1162 2590 547.

297 2633 592 2692 Abraham
637 2632 793 2690 Laus
853 2635 969 2691 548
1001 2651 1053 2696 e,
1104 2634 1224 2688 549
1251 2648 1286 2687 a
1340 2628 1451 2687 Dei

380 2730 681 2789 consilium
743 2730 904 2786 novit
960 2731 1079 2788 890
1108 2729 1145 2785 b
1214 2727 1453 2785 historia

379 2829 454 2886 ud
484 2848 591 2886 noe
619 2827 905 2903 applicata
932 2829 1072 2891 890,
1097 2830 1237 2884 891.

296 2927 655 2984 Abscondita
722 2945 839 2983 non
910 2924 1317 3000 perscrutanda
1371 2923 1447 2980 iii.

381 3029 517 3083 441.

296 3123 643 3180 Accedimus
684 3123 756 3181 ad
798 3121 991 3179 Deum
1032 3139 1134 3196 per
1175 3120 1446 3179 sauctita-

377 3229 497 3278 tem
527 3222 677 3279 vitae
720 3229 778 3278 et
818 3221 990 3278 fidem
1025 3238 1129 3295 per
1156 3220 1448 3277 Christum

380 3322 500 3377 769
530 3339 582 3376 a.

296 3417 588 3474 Accentue
614 3424 815 3475 acutus
845 3422 958 3475 511
987 3437 1039 3474 a.

294 3514 889 3591 Achaublonganimis
902 3515 1056 3572 Deus
1067 3518 1203 3578 595.
1217 3514 1380 3573 5968,
1391 3514 1448 3572 b.

296 3612 484 3671 Adam
516 3612 747 3670 ultimus
769 3613 1033 3670 Christus
1062 3613 1274 3670 idcirco
1301 3631 1446 3670 nun-

376 3718 639 3786 cupatuS.
691 3710 821 3785 quia
866 3729 1067 3768 omnes
1116 3729 1223 3767 nos
1273 3711 1331 3768 in
1388 3730 1449 3768 se

378 3828 605 3866 eramus
635 3811 714 3867 96
744 3808 800 3872 d,
837 3813 950 3866 114
980 3808 1143 3866 bed.

295 3906 481 3963 Adam
501 3907 735 3963 ultimus
759 3910 873 3964 123
892 3926 943 3968 c.
971 3910 1089 3964 473
1120 3924 1151 3961 c
1169 3905 1225 3969 d,
1257 3908 1375 3964 854
1395 3925 1446 3969 a,

376 4007 496 4062 945
528 4023 580 4068 c,
659 4007 772 4062 991
808 4004 865 4069 b,
939 4007 1058 4061 994
1088 4003 1145 4067 d.
1223 4007 1377 4061 1045
1397 4023 1447 4068 a,

380 4105 536 4159 1076
556 4102 614 4165 d.
644 4100 709 4159 M
733 4105 790 4173 6,
815 4107 867 4172 7,
894 4104 951 4167 8,
981 4105 1076 4167 79,
1102 4104 1199 4165 80,
1230 4100 1304 4158 iii.
1329 4103 1447 4159 560

371 4219 505 4258 cum
533 4200 719 4275 primo
746 4198 1039 4256 confertus
1069 4199 1130 4255 M
1168 4202 1262 4256 79.

291 4299 502 4365 Adam,
534 4297 813 4374 supientia
853 4297 1108 4373 perfecta
1139 4297 1445 4373 praeditus,

372 4395 784 4454 illuminatione
839 4396 1055 4453 illibata
1104 4399 1180 4453 75
1210 4396 1249 4453 b
1305 4415 1444 4473 quo-

375 4494 551 4552 modo
576 4513 681 4569 per
701 4493 825 4569 ejus
852 4502 1148 4569 peccatum
1179 4513 1284 4551 uos
1313 4512 1445 4570 pec·

376 4602 601 4649 catores
642 4592 845 4649 fiamus
888 4590 954 4647 M
992 4594 1047 4662 9,
1091 4591 1164 4648 cf.
1209 4590 1283 4649 iii.
1329 4594 1446 4650 563

1639 2141 2020 2217 corruptionis
2063 2141 2337 2199 haeredes
2384 2141 2586 2197 fiamus
2627 2140 2708 2197 iii.

1627 2243 1761 2299 ’560
1803 2239 1912 2297 cibi
1941 2238 2204 2314 cupidine
2232 2238 2415 2296 vietus
2443 2238 2509 2295 M
2543 2242 2638 2297 79.

1557 2337 1805 2395 Adamas
1834 2337 2047 2395 Christi
2074 2346 2246 2413 typus
2275 2340 2393 2395 435
2416 2355 2464 2394 e.

1556 2436 1834 2494 Adoratio
1873 2435 2087 2492 servitii
2114 2435 2187 2492 ad
2216 2433 2404 2492 Deum
2434 2433 2709 2493 reddendi

1638 2534 1859 2593 initium
1896 2537 2011 2593 190
2041 2552 2092 2592 a.

1555 2632 1842 2689 Adoratur
1861 2632 1919 2688 in
1942 2651 2111 2689 carne
2131 2641 2190 2690 et
2207 2650 2336 2689 cum
2360 2651 2530 2691 carne
2550 2632 2708 2691 Deus

1636 2729 1889 2788 Verbum
1923 2733 1999 2788 95
2031 2748 2080 2787 e.

1555 2828 1827 2904 Aegyptii
1915 2827 2178 2885 monachi
2264 2827 2707 2885 Abilenaeorum

1638 2944 1828 2983 errore
1856 2924 2088 2983 abducti
2116 2925 2195 2981 iii.
2229 2930 2369 2983 547.

1552 3027 1589 3055 “
1610 3022 1863 3100 Aegypti
1919 3022 2286 3097 opprobrium
2308 3022 2344 3045 ’³
2401 3022 2536 3098 quid
2586 3025 2703 3079 437

1634 3141 1670 3178 u
1692 3140 1743 3178 c.

1556 3220 1823 3294 Aegypto
1851 3237 2045 3275 eorum
2087 3236 2231 3294 quae
2270 3217 2349 3283 in,
2379 3217 2532 3275 facta
2571 3225 2706 3274 sunt

1633 3315 1964 3373 recordatus
2001 3325 2090 3373 est
2125 3324 2395 3390 tanquam
2425 3314 2576 3372 facta
2602 3334 2707 3372 sua

1634 3413 1897 3471 christus
1928 3418 2044 3473 535
2067 3432 2120 3479 e,
2155 3415 2276 3472 536
2297 3432 2350 3471 a.

1552 3509 1819 3570 Aeneum
1846 3532 1946 3570 vas
1976 3516 2093 3570 878
2125 3512 2179 3568 d.

1553 3612 1840 3670 Aeternus
1868 3611 2067 3678 Filius,
2097 3611 2226 3686 quia
2254 3609 2532 3687 principio
2565 3611 2706 3669 nihil

1632 3710 1918 3785 antiquior
1966 3716 2039 3771 10
2069 3730 2122 3777 e,
2173 3715 2241 3769 11
2311 3710 2444 3786 quia
2484 3710 2702 3769 seculo-

1633 3828 1761 3866 rum
1804 3818 2027 3867 creator
2058 3813 2126 3868 11
2163 3809 2219 3877 d,
2266 3813 2338 3867 12
2369 3827 2421 3866 a.

1550 3907 1755 3981 Agnus
1784 3907 2131 3965 sacrificatus
2153 3906 2418 3964 Christus
2445 3925 2550 3982 pro
2579 3926 2701 3964 om-

1633 4004 1800 4061 uibus
1830 4004 1996 4062 Unus
2024 4008 2136 4063 114
2167 4004 2205 4062 b
2228 4025 2260 4062 c
2283 4005 2320 4061 d
2352 4004 2538 4062 unitus
2567 4024 2705 4080 quo—

1631 4102 1804 4159 modo
1846 4103 2167 4179 significatu
2202 4107 2357 4162 1063
2386 4122 2419 4160 c
2437 4103 2493 4171 d,
2521 4104 2597 4161 cf.
2624 4102 2698 4160 iii.

1631 4202 1769 4258 595.

1551 4303 1784 4374 Aguum
1827 4298 2162 4367 sacrificant,
2204 4298 2502 4357 veritatem
2544 4296 2700 4355 labe·

1629 4397 1846 4454 sectant
1872 4396 1912 4454 J
1916 4397 2082 4455 udaei
2117 4401 2272 4458 1033
2300 4397 2356 4455 b.

1548 4493 1854 4569 Agricolae
1892 4512 2041 4561 moe,
2084 4503 2256 4571 typus
2304 4491 2492 4551 cordis
2534 4510 2697 4568 prue-

1630 4591 1867 4667 paraudi
1897 4594 2014 4649 392
2046 4592 2106 4652 d.
