3269 5166
556 340 675 399 648

1360 336 1687 394 INDEX
1770 335 2142 394 RERUM.

2758 352 2973 394 sanct!

638 539 754 578 non
830 520 952 577 sine
1033 519 1222 577 fructu
1281 522 1395 579 278
1442 537 1494 586 c,
1553 522 1707 578 1032
1817 517 2170 594 Scenopegia
2234 535 2536 592 corporum
2600 518 2970 575 resurrectio-

640 618 677 677 b
699 637 749 676 c.

558 716 754 774 Sancti
805 735 840 773 a
887 716 1053 774 nobis
1101 714 1438 782 honorandi,
1487 733 1594 772 nec
1641 713 1710 770 iis

637 833 780 888 quae
823 814 880 871 in
923 813 1133 870 sanctis
1174 832 1349 889 parva
1386 821 1445 870 et
1472 820 1710 870 externa

638 911 750 969 sint
798 911 1216 987 respiciendum
1270 911 1370 968 sed
1426 929 1569 985 quae
1627 910 1710 967 in-

636 1018 801 1067 terna
826 1019 886 1067 et
912 1028 948 1068 a
974 1009 1101 1067 Deo
1130 1019 1320 1067 amata
1350 1014 1466 1068 343
1489 1027 1538 1075 c,
1571 1011 1707 1076 344,

638 1111 755 1165 543
785 1107 823 1165 b
842 1126 892 1164 c.

556 1202 752 1262 Sancti
800 1205 1012 1263 vitibus
1050 1204 1399 1281 floribusque
1440 1212 1496 1262 et
1541 1203 1709 1279 spicis

636 1303 946 1378 comparati
979 1305 1095 1362 387
1126 1323 1176 1363 a.

553 1399 883 1461 sanctificat
954 1403 1027 1459 Se
1091 1401 1358 1459 Christus
1420 1400 1706 1475 quomodo

639 1503 756 1558 354
785 1518 836 1558 a.

553 1607 591 1631 “
617 1597 920 1655 Sanctifico
948 1595 1236 1672 Meipsum
1255 1596 1290 1618 ”
1315 1625 1353 1645 =
1376 1597 1553 1654 offero
1577 1597 1706 1654 Me-

634 1696 817 1770 ipsum
849 1697 965 1753 452
997 1695 1050 1767 b,
1079 1694 1150 1752 cf.
1184 1697 1302 1752 989
1333 1713 1452 1770 sqq.
1477 1723 1514 1742 =
1536 1704 1705 1753 natu-

631 1812 753 1849 ram
802 1792 1126 1849 Humanam
1170 1794 1362 1849 Meam
1410 1794 1704 1850 sanctifico

630 1890 707 1947 iii.
739 1893 875 1949 380.

552 1987 953 2047 sanctificatur
996 1987 1055 2044 id
1099 1987 1250 2063 quod
1295 1986 1417 2045 Deo
1469 1987 1705 2046 offertur

637 2089 756 2145 354
785 2086 843 2145 b.

553 2183 1051 2251 Sanctificationis,
1107 2184 1261 2241 modi
1325 2182 1530 2241 diversi
1581 2186 1695 2243 671

632 2302 664 2340 c
682 2283 738 2356 d,
767 2287 902 2342 989.

551 2380 902 2456 Sanguinem
947 2377 1160 2438 Christi
1205 2379 1447 2437 bibimus
1487 2377 1552 2437 M
1586 2382 1699 2438 162

629 2480 751 2537 init.

549 2575 798 2654 Sanguis
868 2574 1081 2634 Christi
1150 2576 1296 2635 Abel
1364 2576 1699 2654 sanguinem

630 2675 801 2751 longe
830 2693 1103 2750 superans
1132 2674 1203 2733 iii.
1239 2679 1375 2734 398.

551 2772 799 2849 Sanguis
821 2772 1142 2849 justificans
1169 2773 1246 2831 iii.
1279 2774 1413 2831 398.

551 2876 586 2904 “
604 2871 862 2948 Sapiens,
909 2871 1110 2938 scriba,
1156 2871 1506 2946 conquisitor
1525 2870 1559 2892 ”
1603 2871 1703 2947 qui

632 2971 700 3027 M
734 2974 830 3029 50.

550 3065 765 3125 Satana
813 3067 903 3134 de,
956 3067 1311 3142 quorundam
1368 3067 1701 3143 imaginatio

632 3168 750 3225 559
780 3184 812 3222 c
833 3164 871 3222 d
939 3165 1253 3223 confutatio
1293 3168 1410 3224 560
1440 3165 1477 3222 b
1500 3184 1531 3222 c
1601 3166 1696 3223 In-

628 3263 971 3321 carnationis
1012 3272 1270 3338 tempore
1307 3282 1470 3321 ruere
1504 3263 1701 3338 incipit

626 3361 883 3438 tyrannis
924 3362 1047 3437 ejus
1091 3365 1210 3420 559
1254 3380 1287 3418 e
1368 3362 1701 3419 tentationis

629 3460 835 3518 modus
880 3463 994 3518 738
1026 3459 1113 3517 ab
1132 3478 1163 3516 c
1240 3467 1460 3534 partem
1503 3459 1701 3517 debili-

628 3576 785 3615 orem
814 3557 1149 3633 aggreditur
1176 3557 1249 3615 ib.
1271 3575 1304 3613 c
1366 3556 1697 3632 praesertim

627 3655 872 3711 animam
916 3655 1272 3712 Eucharistia
1312 3673 1428 3712 non
1465 3655 1696 3712 robora-

626 3760 744 3809 tam
763 3751 837 3810 ib.
860 3751 898 3808 d
952 3751 1225 3810 Messiam
1256 3771 1380 3810 esse
1402 3751 1699 3810 Christum

628 3849 810 3908 nescit
840 3854 953 3909 741
986 3868 1037 3915 c,
1075 3854 1191 3909 742
1223 3869 1257 3907 a
1316 3869 1537 3908 moram
1579 3849 1699 3908 suis

515 3954 524 3960 “
624 3967 742 4005 non
787 3947 1064 4024 permittit
1107 3952 1224 4006 743
1254 3949 1311 4014 b,
1359 3952 1475 4006 744
1512 3968 1547 4005 a
1625 3968 1698 4007 ne

623 4045 771 4104 forte
799 4066 898 4104 eos
925 4046 1212 4123 poeniteat
1243 4050 1359 4104 743
1389 4065 1440 4105 c.

545 4142 817 4202 Satanam
873 4143 1210 4201 conculcant
1265 4144 1459 4201 Sancti
1511 4146 1628 4203 922
1659 4145 1696 4201 b

625 4243 882 4319 legiones
923 4243 1047 4317 ejus
1089 4261 1191 4318 per
1229 4241 1474 4318 Spiritus
1503 4242 1699 4300 Sancti

624 4342 913 4407 virtutem,
942 4338 1403 4415 orationibusque
1433 4338 1549 4396 suis
1579 4347 1693 4397 ter-

622 4446 753 4494 rent
826 4439 1139 4513 fugantque
1207 4438 1286 4495 ib.
1406 4438 1695 4513 quomodo

621 4534 792 4609 hujus
819 4534 1017 4592 mundi
1043 4534 1307 4610 princeps
1337 4537 1455 4594 923
1487 4555 1523 4593 a
1540 4536 1594 4594 b.

1896 615 1984 672 nis
2041 623 2214 691 typus
2273 618 2392 673 270
2419 615 2479 682 b,
2538 619 2660 674 402
2691 615 2800 682 de,
2853 619 2969 675 468

1895 733 1944 780 c,
1975 716 2095 772 690
2118 714 2205 771 bc
2248 721 2472 770 torrens
2514 731 2547 769 e
2589 733 2703 788 quo
2740 722 2973 789 sumpta

1893 812 2211 871 necessaria
2252 811 2324 868 ad
2365 811 2596 875 festum,
2626 811 2847 869 Christi
2880 821 2972 887 ty-

1893 929 1999 986 pus
2030 912 2147 968 469
2177 929 2212 967 a
2266 909 2583 966 necessaria
2624 909 2748 983 ipsa
2790 910 2969 967 bono·

1892 1026 2018 1065 rum
2047 1008 2366 1065 futurorum
2397 1010 2517 1065 469
2550 1008 2604 1064 b.

1812 1105 2063 1163 Scientia
2090 1105 2393 1182 aliquando
2424 1124 2529 1181 pro
2574 1115 2611 1137 ‘⁸
2634 1107 2969 1182 propinqui-

1891 1212 2009 1262 tate
2029 1204 2062 1226 ”
2094 1207 2232 1272 652,
2266 1206 2406 1269 653,
2443 1207 2562 1262 655
2593 1222 2628 1260 a
2648 1204 2703 1262 b.

1810 1302 2058 1360 Scientia
2112 1302 2182 1359 de
2232 1301 2474 1372 Divinis,
2525 1320 2668 1377 quae
2709 1307 2827 1360 773
2859 1302 2969 1370 bc,

1891 1403 2008 1459 952
2052 1400 2090 1457 b
2160 1400 2392 1458 deliciae
2443 1399 2721 1475 quaedam
2774 1403 2893 1459 827
2936 1420 2970 1458 c

1890 1517 2005 1555 non
2075 1498 2294 1573 aequali
2365 1516 2631 1555 mensura
2700 1499 2970 1557 omnibus

1889 1595 2023 1653 data
2052 1597 2170 1655 828
2195 1596 2303 1662 de,
2330 1599 2470 1661 829,
2495 1599 2614 1653 830
2634 1615 2667 1653 c
2715 1597 2969 1672 perfecta

1888 1713 2031 1769 quae
2061 1697 2179 1753 936
2198 1713 2231 1751 c
2281 1694 2505 1751 etiamsi
2533 1713 2607 1751 ex
2634 1705 2821 1769 parte,
2850 1714 2967 1752 non

1886 1800 2078 1850 tamen
2160 1793 2379 1849 incerta
2435 1795 2554 1850 925
2584 1791 2641 1857 d,
2695 1795 2816 1850 936
2868 1811 2901 1850 c
2928 1792 2966 1849 d

1884 1909 2153 1965 praesens
2235 1890 2537 1965 futuraque
2631 1897 2969 1968 comparata

1888 1992 2006 2047 938
2039 1989 2075 2046 b
2094 2007 2125 2046 c
2144 1988 2219 2045 d..

1807 2086 2056 2144 Scieutia
2083 2086 2154 2144 de
2182 2085 2312 2143 Deo
2338 2104 2475 2143 vera
2501 2084 2619 2142 vita
2646 2093 2883 2143 aeterna
2908 2093 2968 2143 et

1888 2184 2175 2260 quomodo
2205 2188 2343 2251 953,
2377 2186 2495 2242 954
2527 2203 2562 2241 a
2582 2184 2637 2241 b.

1807 2279 2060 2341 Scientia
2118 2302 2311 2341 rernm
2370 2282 2769 2339 nonnullarum
2834 2300 2966 2339 cum

1888 2380 2013 2438 Deo
2042 2380 2370 2456 reponenda
2395 2379 2472 2439 iii.
2493 2384 2632 2446 441,
2657 2380 2729 2439 cf.
2760 2380 2822 2437 S.
2846 2381 2968 2439 Ire·

1888 2481 2017 2538 naei
2046 2479 2141 2538 lib.
2173 2479 2227 2537 ii.
2257 2498 2307 2536 c.
2339 2481 2416 2537 28
2447 2477 2619 2535 Mass.

1805 2577 2084 2639 “Scimus
2141 2577 2271 2653 quia
2313 2576 2557 2635 Messias
2597 2575 2815 2644 venit‚”
2856 2580 2967 2635 sci·

1885 2696 2000 2735 mus
2011 2676 2492 2734 Samaritanorum
2501 2675 2539 2732 J
2541 2674 2968 2750 udaeorumque

1883 2794 2067 2852 genus
2095 2773 2454 2850 amplectitur
2482 2776 2602 2831 459
2635 2772 2689 2830 d.

1805 2876 1837 2905 “
1862 2873 2019 2931 Scire
2069 2872 2314 2930 Puerum
2370 2873 2674 2947 reprobare
2733 2871 2964 2936 malum,

1885 2971 2096 3047 eligere
2123 2970 2339 3028 bonum
2360 2969 2395 2991 ''
2425 2969 2559 3043 quid
2591 2973 2705 3028 411
2743 2970 2781 3025 d
2802 2988 2851 3027 e.

1803 3067 2158 3144 Scripturam
2181 3075 2437 3124 sanctam
2459 3066 2750 3142 sequimur
2776 3069 2890 3125 162
2911 3085 2964 3132 a.

1888 3169 2001 3225 368
2033 3166 2091 3232 d,
2136 3167 2251 3225 801
2288 3165 2344 3232 d,
2388 3168 2507 3223 812
2537 3184 2589 3231 c.
2638 3168 2756 3224 862
2787 3184 2839 3232 c,
2884 3164 2961 3222 iii.

1885 3269 2022 3334 508,
2056 3268 2194 3337 513,
2226 3267 2345 3322 525
2417 3282 2743 3321 reveremur
2778 3266 2899 3321 850
2928 3281 2962 3319 e

1883 3371 2136 3438 potestas
2186 3363 2310 3437 ejus
2368 3365 2486 3421 318
2516 3361 2555 3418 b
2646 3361 2965 3437 incompre-

1883 3459 2176 3518 hensibilis
2203 3463 2322 3519 319
2353 3460 2389 3516 b
2454 3459 2744 3517 Ecclesiae
2770 3459 2963 3517 liberis

1885 3559 2075 3616 cibum
2109 3562 2228 3617 452
2262 3577 2311 3616 e.

1802 3653 2097 3732 Scriptura
2151 3663 2350 3712 sancta
2411 3654 2717 3712 scrutanda
2762 3658 2878 3713 174
2908 3674 2958 3721 a,

1888 3758 2045 3814 1006
2070 3772 2102 3812 c
2159 3752 2387 3810 mentiri
2412 3771 2529 3810 non
2558 3762 2750 3828 potest
2778 3756 2899 3811 975
2928 3771 2961 3809 e

1880 3852 2185 3910 laudantur
2246 3859 2566 3909 scrutantes
2625 3851 2958 3927 Hierosoly-

1885 3950 2082 4008 mitani
2113 3953 2230 4008 446
2261 3949 2296 4007 b
2353 3968 2428 4007 ex
2455 3968 2523 4007 ea
2546 3949 2957 4007 demonstratio

1884 4048 2273 4124 quaestionum
2329 4047 2583 4105 omnium
2639 4047 2961 4123 quaerenda

1886 4149 2000 4220 188
2029 4165 2082 4213 e,
2117 4148 2231 4204 190
2262 4144 2322 4212 b,
2358 4149 2475 4204 788
2505 4165 2557 4211 a,
2591 4149 2708 4204 797
2738 4145 2796 4216 b,
2840 4150 2954 4204 852

1881 4237 1943 4312 e‚'
1968 4246 2124 4302 1049
2154 4262 2189 4299 a
2255 4242 2313 4299 in
2354 4262 2423 4301 ea
2450 4252 2510 4301 et
2537 4262 2710 4318 parva
2736 4244 2950 4301 utilita-

1880 4349 1996 4399 tem
2028 4360 2296 4417 magnam
2325 4341 2622 4416 proferunt
2656 4344 2771 4401 196
2803 4360 2839 4400 a
2899 4342 2953 4397 in

1879 4458 1947 4497 ea
1973 4438 2114 4496 nibil
2140 4457 2377 4514 parvum
2412 4442 2530 4499 386
2559 4459 2612 4506 a.
2646 4441 2717 4498 cf.
2745 4442 2900 4499 1118
2921 4458 2952 4496 e

1879 4536 2228 4594 intellectum
2248 4545 2507 4597 nostrum
2525 4539 2752 4597 excedit
2771 4541 2888 4598 985
2898 4537 2949 4594 b.
