3269 5166
334 413 623 482 [114M.]

664 314 794 380 388
1003 311 1083 375 Β.
1124 308 1503 377 CYRILLI
1544 308 2079 373 ALEXANDR.
2125 306 2687 374 FRAGMENTA
2895 301 2958 365 ii.
2980 320 3034 383 9.

331 503 416 554 Pa.
437 503 544 554 viii.
569 518 618 566 3.
664 475 1029 583 ἐκδειξειεν
1063 473 1155 554 ἂν
1191 472 1500 557 εὐκόλως
1533 472 1627 553 τὰ
1662 471 1949 579 ἐφεξῆς·
2010 472 2152 579 ἔφη
2187 472 2332 575 γὰρ
2370 471 2480 553 ὅτι
2506 482 2549 520 “
2575 473 2655 550 ἐκ
2688 468 3041 568 στόματος

328 870 547 922 asom.

327 935 414 986 xii.
442 949 520 1000 14.

329 1001 409 1051 Ib.
430 1013 507 1065 13.

327 1107 380 1158 S.
397 1108 590 1187 pluth.

328 1189 431 1224 κει.
454 1190 503 1240 9.

326 1363 408 1415 Ib.
432 1362 507 1415 16.

325 2582 412 2635 Pa.
438 2582 542 2634 viii.
568 2595 615 2648 5.

665 610 711 647 “
750 600 1022 699 νηπίων
1056 599 1173 678 καὶ
1210 594 1665 700 θηλαζόντων
1702 597 2113 698 κατηρτίσω
2139 592 2398 678 alnov?
2473 592 2710 694 ἐπειδὴ
2746 591 2892 695 γὰρ
2924 587 3042 670 τὸν

667 720 998 823 Λάζαρον
1042 723 1317 825 ἤγειρεν
1344 723 1429 801 ἐκ
1475 726 1768 822 νεκρῶν,
1811 719 2305 819 τεθαύμασται
2339 717 2470 818 μὲν
2509 716 2710 821 παρὰ
2742 716 3043 809 πάντων,

667 856 710 894 “
745 846 969 947 εὑρὼν
1032 845 1107 926 δὲ
1171 842 1459 947 ὀνάριον
1522 842 1850 924 ἐκάθισεν
1915 844 2023 924 ἐπ’
2091 843 2347 952 αὐτῷ,”
2447 842 2565 923 ὅτε
2631 844 2752 922 καὶ
2812 843 3045 921 unffi&

665 969 1013 1064 λαβόντες
1053 979 1094 1016 “
1120 966 1210 1048 τὰ
1264 966 1439 1062 βαΐα
1488 973 1633 1047 τῶν
1684 968 2064 1073 φοινίκων”
2103 973 2258 1053 ταῖς
2310 966 2792 1067 καθηκούσαις
2841 960 3044 1043 αὐτὸν
3067 988 3098 1048 5

666 1093 1289 1196 καταγεραίροντες
1372 1091 1748 1195 εὐφημίαις
1834 1089 2162 1195 ἔφασκον
2243 1100 2288 1137 ‘⁴
2321 1089 2653 1170 Ὡσαννὰ
2740 1094 2846 1197 τῷ
2929 1086 3047 1190 υἱῷ

666 1226 710 1265 “
745 1218 1044 1313 Δαυεὶδ,
1113 1214 1589 1317 εὐλογημένος
1665 1215 1706 1294 ὁ
1769 1213 2149 1319 ἐρχόμενος
2213 1215 2291 1293 ἐν
2352 1211 2647 1313 ὀνόματι
2716 1210 3041 1316 Κυρίου.”

664 1340 1147 1440 ἐπιτιμώντων
1186 1338 1261 1418 δὲ
1297 1339 1533 1421 αὐτοῖς
1567 1344 1714 1417 τῶν
1751 1337 2027 1436 ἄλλων,
2056 1339 2375 1444 ἔφασκεν
2405 1338 2446 1417 ὃ
2473 1335 2803 1439 Χριστός
2830 1347 2875 1384 “
2897 1335 3046 1415 Οὐκ

665 1474 709 1511 “
746 1464 1095 1566 ἀνέγνωτε
1140 1462 1249 1542 ὅτι
1297 1464 1375 1542 ἐκ
1425 1459 1790 1561 στόματος
1827 1462 2099 1561 νηπίων
2136 1463 2255 1541 καὶ
2290 1460 2748 1563 θηλαζόντων
2786 1493 3042 1562 κατ-ηρ·

663 1598 708 1634 “
743 1587 927 1667 τίσω
984 1583 1181 1667 αἶνον
1213 1587 1279 1683 ;”
1338 1583 1933 1689 ἐνηνθρωπηκότα
1984 1584 2074 1684 δὴ
2123 1584 2250 1664 οὖν
2297 1582 2425 1665 τὸν
2459 1583 2637 1663 Υὶὸν
2673 1585 3046 1686 μονονουχὶ
3071 1609 3128 1650 ¹0

663 1713 779 1789 καὶ
844 1708 1323 1814 ἐποχούμενον
1394 1714 1499 1815 τῷ
1573 1707 1804 1815 πώλῳ
1861 1707 2159 1803 βλέπων
2225 1706 2712 1808 κατατέθηπεν
2774 1705 3047 1788 εἰκότως

660 1835 878 1912 ἐκεῖνο
952 1833 1533 1931 διενθυμούμενος
1602 1831 1718 1912 ὅτι
1796 1829 1979 1934 πρὸς
2062 1840 2377 1913 τοσοῦτο
2451 1831 3046 1934 σμικροπρεπείας

661 1952 912 2035 ἑαυτὸν
949 1957 1198 2058 ὁρᾶται
1234 1959 1469 2040 καθεὶς
1513 1957 1740 2036 καίτοι
1791 1953 1974 2036 κατὰ
2012 1955 2241 2061 φύσιν
2277 1953 2617 2059 ὑπάρχων
2653 1952 2870 2051 Θεὸς,
2912 1949 3050 2032 εἶτα

659 2085 789 2157 τοῦ
843 2084 1276 2159 κεκενῶσθαι
1333 2076 1465 2177 τὴν
1514 2076 1854 2186 ἀφορμὴν
1905 2079 2041 2183 οὐχ
2093 2078 2342 2180 ἑτέραν
2396 2080 2584 2180 ὁρῶν
2625 2079 2667 2157 ὁ
2715 2079 3050 2179 μακάριος

663 2204 945 2298 Δαυεὶδ,
982 2201 1183 2301 πλὴν
1220 2200 1330 2283 ὅτι
1367 2201 1628 2302 μόνους
1666 2204 1853 2302 ἡμᾶς
1902 2201 2023 2287 οὓς
2071 2200 2161 2302 ἦν
2199 2204 2589 2303 ἀναγκαῖον
2625 2203 2743 2282 καὶ
2781 2206 3051 2307 φθορᾶς
3075 2229 3132 2287 15

657 2323 1035 2431 ἐξελέσθαι
1072 2330 1189 2406 καὶ
1226 2327 1574 2428 ἁμαρτίας
1611 2330 1730 2405 καὶ
1765 2331 2199 2429 τυραννικῶν
2234 2323 2563 2429 ἁρπάσαι
2597 2330 2878 2430 χειρῶν,
2917 2330 3052 2404 τῶν

659 2456 789 2527 τοῦ
845 2446 1193 2544 διαβόλου
1248 2452 1457 2557 φημὶ,
1518 2457 1647 2530 τοῦ
1701 2449 1971 2534 παντὸς
2028 2449 2226 2556 ἀξιοῖ
2274 2448 2635 2549 θαύματος
2689 2452 2820 2548 τῆς
2879 2446 3051 2546 μετὰ

661 2568 933 2676 σαρκὸς
989 2573 1388 2673 οἰκονομίας
1442 2572 1529 2654 τὸ
1596 2571 2021 2678 μυστήριον.
2121 2571 2464 2680 ταύτῃτοί
2512 2579 2703 2679 φησι
2765 2582 2813 2621 “
2841 2569 3050 2677 Κύριε

662 2708 707 2745 “
740 2697 818 2776 τί
864 2699 1065 2776 ἐστιν
1118 2695 1498 2801 ἅνθρωπος
1543 2698 1651 2780 ὅτι
1707 2696 2081 2804 μιμνήσκῃ
2126 2699 2344 2779 αὐτοῦ
2392 2696 2439 2799 ἢ
2491 2694 2638 2783 υἱὸς
2677 2696 3052 2802 ἀνθρώπου

661 2830 707 2867 “
744 2817 854 2900 ὅτι
912 2817 1308 2927 ἐπισκέπτῃ
1371 2818 1588 2902 αὐτόν
1612 2822 1677 2917 ;”
1744 2823 1851 2905 τίς
1913 2820 2060 2925 γὰρ
2122 2821 2167 2920 ἦ
2230 2819 2611 2925 ἀνθρώπου
2673 2820 2901 2927 φύσις
2959 2823 3050 2904 ὦς
3073 2848 3132 2892 ¹0
3185 2860 3186 2863 ¹

660 2942 845 3047 πρὸς
904 2942 1148 3040 Θεόν,
1211 2947 1328 3025 καὶ
1385 2946 1464 3025 τί
1514 2952 1729 3026 τοῦτο
1784 2943 2032 3046 λέγω,
2096 2945 2173 3024 τί
2226 2943 2312 3025 τὸ
2371 2944 2576 3048 γένος
2630 2943 2716 3026 τὸ
2775 2944 3044 3048 ἀνθρώ·

662 3102 924 3168 πινον;
1020 3068 1236 3171 μοῖρά
1297 3103 1376 3149 τε
1440 3067 1585 3169 ὅση
1652 3075 2246 3171 καταλογισθεῖεν
2304 3067 2396 3149 ἀν
2459 3074 2526 3149 οἶ
2587 3071 2702 3150 ἐπὶ
2766 3074 2901 3171 γῆς
2957 3070 3048 3151 ὥς

660 3191 843 3294 πρός
902 3226 986 3294 γε
1047 3195 1235 3299 φημὶ
1296 3192 1390 3272 τὰ
1447 3196 1594 3272 τῶν
1648 3190 1875 3295 ἁγίων
1933 3188 2276 3295 ἀγγέλων
2332 3191 2716 3295 τάγματα,
2773 3192 2936 3273 ἀλλ’
2985 3195 3045 3270 εἰ

661 3318 778 3394 καὶ
813 3314 1035 3414 μηδὲν
1071 3314 1262 3401 ὅλως
1298 3317 1339 3395 ὃ
1376 3315 1751 3419 ἅνθρωπος
1788 3315 2012 3422 φύσει
2059 3349 2137 3395 τε
2185 3317 2303 3396 καὶ
2339 3318 2643 3425 ἀριθμῷ,
2679 3317 2816 3422 οὐχ
2850 3317 3044 3417 ὑπερ-

661 3439 841 3516 εῖδεν
891 3437 1076 3537 ἡμᾶς
1129 3439 1170 3517 ό
1208 3438 1697 3543 Δημιουργὸς,
1738 3437 2064 3539 ἐμνήσθη
2113 3438 2256 3542 γὰρ
2310 3441 2427 3520 καὶ
2483 3440 2685 3540 ἡμῶν
2737 3442 2858 3520 καὶ
2903 3441 3041 3518 ἐπι-
3065 3462 3132 3523 ²5

661 3563 944 3658 σκοπῆς
989 3559 1330 3667 ἠξίωσεν,
1368 3566 1465 3647 ὡς
1501 3561 1987 3643 διολωλότων·
2063 3563 2104 3642 ὁ
2150 3566 2269 3643 καὶ
2304 3566 2379 3643 ἐν
2414 3565 2669 3669 ἀρχαῖς
2713 3572 2843 3645 τοῦ
2872 3593 3040 3664 παρ-

661 3689 959 3785 αγαγεῖν
1004 3690 1101 3769 εἰς
1152 3685 1481 3792 ὕπαρξιν,
1519 3685 1760 3792 βραχῦ
1796 3685 1926 3786 μὲν
1962 3687 2145 3787 ἡμᾶς
2183 3688 2604 3772 ἐλαττώσας
2650 3686 2851 3792 παρὰ
2894 3681 3040 3768 τοὺς

661 3805 1039 3908 ἀγγέλους,
1079 3809 1562 3913 στεφανώσας
1600 3808 1675 3890 δὲ
1709 3815 1880 3914 τιμῇ
1930 3844 2007 3890 τε
2055 3813 2174 3891 καὶ
2219 3810 2398 3918 δόξῃ
2436 3816 2554 3892 καὶ
2589 3808 3041 3912 καταστήσας

661 3927 792 4027 μὲν
824 3930 938 4010 ἐπὶ
976 3930 1066 4010 τὰ
1111 3930 1289 4034 ἔργα
1336 3939 1483 4013 τῶν
1517 3940 1777 4040 χειρῶν
1807 3935 2048 4033 αὐτοῦ,
2082 3933 2322 4016 πάντα
2376 3934 2451 4015 δὲ
2503 3936 2869 4044 ὑποτάξας
2915 3928 3039 4014 ὑπὸ

661 4050 889 4137 πόδας
924 4054 1147 4152 ἡμῶν.
1867 4044 1876 4051 ·
3061 4072 3124 4132 3ο

778 4179 924 4257 Καὶ
973 4182 1102 4276 τῆς
1145 4177 1275 4278 μὲν
1324 4179 1501 4283 ὅλης
1552 4183 1739 4289 ᾠδῆς
1794 4183 1835 4262 ὃ
1890 4181 2167 4268 σκόπος
2202 4184 2278 4263 ἐν
2313 4181 2621 4282 τούτοις,
2662 4182 3048 4290 φιλοσοφεῖ

735 4467 785 4507 2.
824 4454 909 4506 καὶ
931 4469 1039 4508 om.
1068 4451 1160 4507 Cr.
1542 4472 1643 4541 23.-
1666 4459 1769 4528 πρό
1791 4455 1889 4512 Cr.
2283 4472 2370 4526 ²4·
2405 4457 2585 4528 μηδενὶ
2612 4454 2935 4531 (perperam)
2961 4453 3045 4510 Or.

666 4536 751 4589 25.
789 4523 1083 4596 ἐπισκοπῆς
1108 4521 1356 4597 ἦξίωσεν]
1385 4525 1741 4595 ἐπισκοπησαι
1765 4526 2056 4598 ἐπηξίωσεν
2082 4525 2172 4583 Cr.
