3269 5166
625 341 759 403 256
968 340 1047 404 Β.
1095 338 1471 405 CYRILLI
1523 341 2053 407 ALEXANDR.
2110 342 2676 409 FRAGMENTA
2785 342 2854 407 ii.
2881 343 2942 419 6,
2972 341 3032 404 8.

316 438 426 503 [⁵³
451 439 575 505 M]
624 499 908 587 εἰκότως
956 511 1086 584 τοῦ
1132 503 1705 608 συνασπίζοντος
1754 505 2004 608 λόγου,
2040 511 2158 589 καὶ
2191 507 2280 590 τὸ
2315 512 2391 590 ἐν
2425 509 2665 593 αὐτοῖς
2712 503 3034 587 ἀκαλλὲς

625 629 834 706 οἱονεὶ
891 628 1524 729 περιστέλλοντος·
1605 628 1891 735 ἀποχρὴ
1949 631 2180 733 γεμὴν
2237 638 2341 741 τῷ
2399 633 2565 740 θείῳ
2623 630 3034 734 κηρύγματι

624 748 851 856 ψιλός
904 783 982 828 τε
1037 754 1154 831 καὶ
1209 750 1477 859 εὐαφὴς
1526 759 1643 832 καὶ
1681 755 1779 837 ὡς
1817 755 1875 834 ἐν
1913 748 2189 861 δυνάμει
2225 759 2399 838 Θιοῧ
2453 754 3036 859 μαρτυρούμενος

624 873 871 976 λόγος.

565 1120 602 1177 6
629 1112 883 1203 Σοφίαν
920 1114 993 1181 δὲ
1039 1118 1113 1181 οὐ
1151 1121 1265 1182 τοῦ
1304 1114 1545 1183 αἰῶνος
1590 1119 1823 1183 τούτου
1870 1117 2025 1185 οὐδὲ
2071 1121 2205 1186 τῶν
2250 1121 2588 1210 ἀρχόντων
2627 1126 2742 1186 τοῦ
2781 1116 3030 1187 αἰῶνος
3057 1136 3096 1197 5

1311 1245 1541 1308 τούτου
1588 1244 1722 1309 τῶν
1770 1248 2336 1334 καταρΓουμὲνων.

741 1408 1044 1513 Πρόεισι
1093 1410 1222 1509 μὲν
1260 1414 1301 1491 ὁ
1347 1411 1567 1515 λόγος
1603 1417 1750 1493 τῶν
1784 1414 2011 1515 ἁγίων
2045 1421 2554 1518 μυσταγωγῶν
2590 1413 2709 1494 διὰ
2758 1414 3029 1521 λέξεως

622 1544 1125 1638 χαμαιπετοῦς,
1162 1536 1391 1636 ἐνίησι
1441 1533 1515 1616 δὲ
1559 1543 1707 1616 τῶν
1750 1537 1957 1618 θείων
1992 1539 2160 1638 ἡμῖν
2194 1542 2610 1641 μυστηρίων
2641 1535 2775 1638 τὴν
2807 1539 3023 1632 ἀκιβ-

624 1657 969 1756 δήλευτον
1017 1665 1316 1762 γνῶσιν,
1363 1663 1478 1740 καὶ
1536 1662 1814 1766 σοφίαν
1870 1661 2045 1742 ὅντα
2100 1660 2432 1767 Χριστὸν
2486 1662 2888 1769 ἀποφαίνει,
2938 1661 3027 1741 οὐ

625 1778 743 1859 διὰ
796 1785 925 1882 τῆς
977 1790 1123 1863 τῶν
1180 1785 1255 1864 ἐν
1308 1782 1563 1892 κόσμῳ
1618 1791 1880 1891 σοφῶν
1935 1786 2414 1885 καλλιεπείας,
2470 1787 2638 1866 ἀλλ’
2702 1785 2793 1892 ἐξ
2842 1786 3026 1869 ἰδίας
3054 1811 3140 1852 10

626 1903 920 2006 φύσεως
983 1905 1578 2010 μαρτυρούμενον,
1647 1906 1730 1988 ὃν
1795 1903 1999 1996 οὐδεὶς
2063 1909 2249 2012 ἔγνω
2326 1908 2449 1990 τῶν
2514 1911 2842 2016 ἀρχόντων
2914 1909 3028 1988 τοῦ

628 2028 855 2116 αἰῶνος
893 2030 1131 2130 τούτου,
1170 2032 1243 2112 οἵ
1271 2032 1450 2116 τινές
1487 2037 1671 2111 εἰσιν
1708 2037 1782 2112 αἱ
1816 2038 2121 2135 πονηραὶ
2170 2033 2496 2129 δυνάμεις
2546 2036 2664 2112 καὶ
2711 2032 3018 2112 ἀντικεί-

624 2187 848 2251 μεναι,
886 2155 1140 2239 αἵτινες
1174 2154 1674 2256 λελαλήκασιν
1709 2158 1785 2235 ἐν
1821 2162 1968 2240 τοῖς
2003 2164 2132 2236 τοῦ
2169 2157 2448 2255 κόσμου
2483 2162 2774 2263 σοφοῖς·

559 2423 595 2480 8
680 2403 751 2473 Εἰ
805 2406 925 2497 γὰρ
980 2409 1293 2489 ἓΓνωσαν,
1346 2409 1463 2475 οὐκ
1517 2410 1596 2476 α“ν
1650 2410 1766 2477 τὸν
1823 2410 2050 2499 Κύριον
2104 2415 2222 2478 τῆς
2276 2411 2475 2481 δόξης
2520 2411 2976 2500 ἐσταύρωσαν.

722 2578 936 2685 Ἔχει
990 2580 1187 2663 πολὺ
1229 2580 1313 2664 τὸ
1364 2579 1545 2668 εἰκὸς
1594 2586 1636 2664 ὁ
1684 2583 1930 2688 λόγος’
2007 2583 2516 2688 τεθριάμβευκε
2562 2582 2710 2687 γάρ
2746 2583 2789 2663 ὃ
2823 2588 3018 2684 Χρι-
3054 2623 3138 2682 ¹5

623 2701 800 2789 στὸς
844 2704 960 2785 διά
1009 2715 1139 2786 τοῦ
1195 2707 1372 2787 ἰδίου
1425 2717 1748 2812 σταυροῦ
1805 2707 1936 2792 τάς
1987 2707 2305 2812 πονηρὰς
2369 2711 2487 2788 καὶ
2541 2708 3026 2804 ἀντικειμένας

287 2866 395 2916 001.
411 2865 463 2916 ii.
488 2879 561 2933 14·
623 2828 971 2929 δυνάμεις,
1009 2831 1511 2933 προσηλώσας
1568 2837 1673 2941 τῷ
1727 2833 1932 2942 ξύλῳ
1989 2843 2033 2881 “
2059 2830 2143 2913 τὸ
2188 2835 2350 2912 καθ’
2385 2833 2588 2932 ἡμῶν
2631 2828 3018 2936 χειρόγρα-

521 3022 525 3029 .
622 2963 667 3000 “
704 2955 910 3061 φον,”
949 2954 1418 3055 ἀπεσόβησεν
1452 2961 1580 3057 τῆς
1618 2958 1783 3037 καθ’
1822 2957 2025 3056 ἡμῶν
2060 2958 2472 3061 τυραννίδος
2502 2955 2631 3036 τὸν
2668 2963 3023 3053 σατανᾶν,

620 3077 1021 3182 κατήργηκε
1094 3089 1222 3160 τοῦ
1296 3081 1576 3180 κόσμου
1649 3080 1781 3180 τὴν
1847 3082 2218 3184 ἁμαρτίαν,
2285 3079 2551 3180 ἀνήκας
2612 3087 2762 3166 τοῖς
2827 3078 3025 3161 κάτω

617 3203 978 3301 πνεύμασι
1034 3203 1161 3289 τάς
1209 3203 1387 3313 ᾅδου
1434 3202 1697 3302 πύλας,
1735 3209 2018 3284 καθεῖλε
2054 3212 2184 3285 τοῦ
2221 3204 2534 3285 θανάτου
2587 3202 2673 3284 τὸ
2729 3204 3020 3309 κράτος·
3054 3241 3144 3282 20

620 3323 771 3406 εἶτα
807 3333 958 3411 πῶς
998 3329 1125 3407 οὐκ
1160 3329 1670 3433 ἀπηχθημένον
1704 3334 1852 3411 τοῖς
1889 3327 2316 3432 ἀκαθάρτοις
2351 3326 2689 3429 δαίμοσίν
2724 3330 2887 3409 ἐστι
2935 3327 3025 3409 τὸ

619 3452 736 3530 ἐπὶ
770 3453 874 3559 τῷ
922 3456 1217 3559 σταυρῷ
1250 3452 1527 3545 πάθοςς
1589 3457 1705 3532 οὐκ
1742 3449 1824 3533 ἂν
1862 3453 1987 3532 οὖν
2025 3451 2475 3560 ἐσταύρωσαν,
2516 3453 2711 3555 εἴπερ
2748 3449 3028 3559 ᾔδεσαν

615 3577 926 3678 ἀκριβῶς
969 3573 1186 3656 αὑτὸν
1224 3575 1397 3657 ὄντα
1439 3575 1568 3656 τὸν
1604 3574 1979 3678 λυτρωτὴν
2023 3581 2141 3656 καὶ
2190 3575 2307 3670 τ’ἧς
2361 3572 2553 3684 δόξης
2595 3576 2839 3684 Κύριον.
2908 3576 3024 3657 ὅτι

615 3698 758 3803 γάρ
813 3704 1229 3801 διαβολικῆς
1296 3699 1716 3803 ἀγριότητος
1784 3700 1996 3803 ἔργον
2048 3698 2139 3799 ἦν
2192 3697 2278 3781 τὸ
2334 3699 2452 3779 διὰ
2509 3705 2637 3801 τῆς
2694 3702 3027 3782 ἱουδαίων

617 3826 954 3910 ἀπονοίας
1009 3832 1506 3928 σταυροῦσθαι
1542 3822 1904 3928 Χριστὸν,
1964 3824 2378 3931 παρέδειξεν
2427 3828 2745 3929 ἐναργῶς
2799 3828 2841 3906 ὃ
2890 3832 3017 3906 θε-
3055 3856 3146 3915 25

285 3957 503 4087 Ξέῡξῗ·
615 3950 925 4036 σπέσιος
978 3948 1314 4051 Ἰωάννης
1378 3949 1598 4029 εἰπὼν
1660 3952 1822 4051 περὶ
1882 3957 2012 4030 τοῦ
2073 3946 2313 4030 Ἰούδα
2370 3960 2414 3998 “
2446 3948 2658 4029 Μετὰ
2725 3948 2872 4054 γὰρ
2935 3951 3025 4031 τὸ

474 4061 486 4074 ⁶
619 4086 662 4124 ‘⁶
696 4077 1012 4183 ψωμίον,
1065 4077 1321 4182 φησὶν,
1381 4078 1720 4173 εἰσῆλθεν
1773 4078 1871 4157 εἷς
1931 4071 2151 4153 αὐτὸν
2206 4075 2247 4152 ὃ
2302 4075 2685 4172 σατανᾶς,”
2749 4072 2830 4159 ὃς
2894 4077 3027 4154 οὐκ

618 4197 768 4305 ᾔδει
806 4198 998 4280 Θεὸν
1034 4199 1208 4278 ὄντα
1242 4196 1370 4277 τὸν
1404 4199 1719 4298 Ἰησοῦν·
1788 4204 1849 4278 εἶ
1904 4197 2047 4302 γὰρ
2084 4200 2202 4277 καὶ
2238 4198 2423 4300 ἔγνω
2457 4200 2572 4278 καὶ
2609 4199 3020 4295 ἐπέπειστο,

699 4330 731 4347 Α
847 4325 864 4350 5
964 4324 984 4353 t
1300 4324 1316 4348 a
1371 4320 1394 4347 x
1518 4324 1534 4348 ι
1685 4328 1716 4345 a
1792 4323 1810 4348 2
1873 4322 1894 4349 t
2142 4323 2166 4351 t
2385 4332 2407 4368 ς
2501 4329 2518 4352 ν
2622 4323 2673 4351 ex
2816 4319 2848 4355 9
2992 4331 3023 4348 ν-

283 4342 542 4469 &gum
619 4358 772 4408 πως
827 4321 1181 4428 επειραζεν
1232 4357 1450 4402 αυτον
1498 4357 1573 4402 εν
1627 4356 1717 4428 τῃ
1773 4357 2012 4432 ερημῳ
2069 4332 2306 4426 λεγων
2362 4336 2382 4370 ‘
2430 4329 2519 4403 Ει
2579 4358 2724 4408 υιος
2780 4358 2842 4402 ει
2895 4357 3023 4403 του

692 4541 851 4595 5-13.
890 4522 1039 4580 Haec
1063 4524 1220 4579 nobis
1247 4523 1552 4595 suppeditat
1581 4522 1656 4577 H.
2068 4525 2120 4579 8.
2164 4524 2330 4594 ἐνίησι
2353 4523 2652 4579 emendavi.
2676 4523 2859 4578 ἐνίησι
2884 4522 3020 4578 eod.

621 4610 709 4651 22.
746 4595 837 4651 οὖν
860 4607 1199 4668 assumptum
1222 4614 1286 4651 ex
1313 4597 1381 4651 Α.
