3269 5166
351 287 526 327 nmen

351 451 537 509 Eldad
565 458 626 510 et
653 451 875 510 Modad
903 456 1058 513 1100
1081 472 1132 525 c,
1167 456 1342 512 1101.

347 549 505 607 Elias
567 550 859 628 Propheta
919 560 1145 627 praeter
1193 550 1510 627 Baptistam

428 648 756 724 praedictus
791 652 904 709 108
937 669 991 709 e.

346 745 690 805 Emmanuel
717 757 986 806 mortuus
1014 755 1105 806 est
1134 748 1212 806 iii.
1245 751 1384 808 361.

350 844 722 921 Evangelista
751 864 860 903 nos
880 845 1181 904 veritatem
1208 846 1399 905 colere
1419 845 1511 904 vel

430 943 491 999 in
519 942 769 1000 minimis
800 944 970 1002 docet
1002 948 1117 1004 179
1145 944 1204 1003 b.

350 1040 853 1117 Evangelistarum
898 1042 1258 1102 diversitates
1304 1049 1509 1100 notan-

430 1147 527 1196 tur
555 1142 676 1198 282
705 1159 760 1198 e.

350 1237 730 1313 Evangelium
775 1238 834 1296 S.
860 1237 903 1295 J
905 1239 1123 1306 oannis,
1166 1243 1512 1315 quapropter

431 1336 704 1411 scriptum
734 1339 793 1395 9.

350 1433 730 1509 Evangelium
785 1435 877 1492 vel
930 1454 1050 1493 non
1108 1434 1510 1511 quaerentibus

430 1532 874 1607 praedicandum
904 1536 1023 1593 892
1046 1553 1078 1591 c
1096 1534 1202 1607 de,
1234 1537 1370 1593 893.

351 1629 712 1688 Eucharistia
741 1631 958 1690 christi
998 1608 1358 1708 §articipatio
1389 1633 1507 1690 325

429 1747 464 1785 c
517 1728 637 1786 vita
664 1737 725 1787 et
742 1729 960 1788 Christi
980 1730 1133 1789 vitae
1151 1728 1509 1807 participatio

432 1828 553 1885 606
582 1846 619 1884 a
672 1827 845 1886 efficit
886 1837 954 1886 ut
978 1827 1155 1886 vitam
1197 1828 1256 1885 in
1293 1827 1510 1903 seipsos

430 1923 743 1982 habeamus
785 1934 1054 2001 tanquam
1099 1933 1160 1983 et
1186 1926 1344 1983 Deus
1363 1924 1510 1982 Ver-

431 2021 569 2079 bum
615 2026 727 2082 361
777 2042 811 2082 c
900 2023 1025 2100 ejus
1079 2024 1203 2100 typi
1257 2026 1378 2083 362
1420 2041 1452 2079 c
1472 2022 1511 2079 d

431 2121 798 2189 recusandae,
814 2140 918 2197 per
944 2120 1171 2197 pietatis
1191 2119 1508 2197 religionis-

434 2237 543 2294 que
571 2219 1020 2292 excusationem,
1049 2218 1363 2295 periculum
1393 2220 1510 2277 365

434 2334 467 2374 c
486 2316 528 2373 d
581 2316 805 2392 indigni
840 2317 1175 2393 recipientes
1200 2317 1516 2391 puniuntur

436 2418 554 2474 597
586 2415 678 2472 cd
745 2415 1086 2474 eucharistia
1129 2417 1249 2474 602
1284 2433 1317 2472 c
1380 2421 1514 2472 ante

434 2512 854 2571 Eucharistiam
898 2532 1006 2572 nos
1045 2513 1302 2590 judicare
1345 2512 1514 2570 debe-

432 2628 563 2669 mus
592 2611 670 2670 iii.
704 2616 841 2671 430.

358 2708 720 2767 Eucharistia
753 2718 955 2768 contra
982 2708 1255 2768 Satanam
1282 2710 1515 2768 roborat

439 2810 556 2866 738
582 2807 621 2864 d
677 2817 879 2866 contra
901 2808 1228 2883 voluptates
1255 2808 1514 2866 carnales

436 2903 501 2962 M
531 2908 610 2964 56
679 2905 855 2964 efficit
894 2913 962 2965 ut
1003 2904 1217 2965 Christi
1259 2905 1516 2964 membra

437 3002 698 3061 membra
763 3011 964 3062 nostra
1034 3007 1152 3062 953
1200 3003 1255 3075 d,
1324 3002 1391 3060 M
1435 3006 1513 3061 56

435 3108 503 3160 ut
527 3100 728 3159 Verbo
754 3101 886 3159 vivo
920 3109 980 3159 et
1004 3101 1231 3160 vivifico
1273 3101 1511 3177 conjun-

436 3199 628 3275 gimur
654 3202 774 3258 953
803 3218 854 3268 c,
899 3199 969 3257 M
1002 3202 1079 3258 56
1164 3198 1305 3256 nihil
1344 3197 1514 3266 valet,

435 3297 547 3355 nisi
613 3297 796 3356 Verbi
862 3295 1015 3357 Caro
1084 3296 1145 3354 id
1220 3295 1373 3371 quod
1441 3295 1517 3353 sit

433 3403 664 3453 maneat
691 3395 767 3452 iii.
799 3397 915 3454 481
1007 3401 1068 3453 et
1108 3393 1348 3453 mortuis
1384 3412 1517 3469 pro-

438 3493 567 3552 dest
615 3493 689 3552 iii.
739 3497 1023 3552 542-544
1118 3511 1236 3551 non
1292 3492 1403 3551 nisi
1455 3491 1516 3549 in

438 3591 710 3649 Ecclesiis
758 3590 1054 3649 catholicis
1099 3591 1392 3649 offerenda
1434 3589 1513 3647 iii.

439 3692 559 3749 595
617 3696 842 3748 servata
867 3708 984 3747 non
1008 3688 1275 3747 virtutem
1305 3688 1518 3747 amittit

437 3787 514 3846 iii.
548 3790 669 3848 606
733 3789 858 3846 vide
898 3785 1117 3846 Christi
1159 3784 1328 3853 Caro,
1371 3784 1515 3846 Cor·

434 3904 562 3962 pus,
591 3883 919 3944 Christiani.

356 3983 605 4060 Eulogia
633 3988 753 4044 676
771 3984 832 4050 b,
863 3987 984 4043 953
1013 4003 1046 4042 c
1065 3984 1120 4055 d,
1153 3986 1294 4054 979,
1317 3985 1433 4042 998
1459 3982 1516 4048 d,

445 4085 594 4141 1001
630 4100 682 4152 e,
722 4084 882 4141 1005
910 4101 963 4148 c,
1014 4085 1172 4142 1104
1201 4100 1252 4148 e,
1300 4084 1458 4140 1105
1486 4099 1521 4138 a

437 4197 543 4254 per
569 4178 761 4247 Quam
801 4197 909 4237 nos
946 4178 1228 4238 inhabitat
1256 4177 1519 4239 Christus

439 4274 506 4333 M
537 4281 634 4348 27,
664 4276 743 4335 iii.
772 4281 911 4337 404.

357 4373 606 4450 Eulogia
668 4393 791 4432 non
858 4394 1017 4434 mors
1084 4374 1274 4435 Judae
1334 4379 1456 4437 737
1482 4375 1523 4434 d

440 4469 755 4547 Sanguinis
795 4491 829 4531 e
875 4473 1095 4533 Christi
1126 4473 1335 4534 Latere
1378 4473 1521 4533 effu-

1517 4588 1638 4648 41.

543 4584 692 4633 v01..
721 4585 826 4631 111.

1180 269 1504 328 INDEX
1589 269 1964 329 RERUM.

2650 279 2769 335 625

1698 451 1915 511 sionem
1972 452 2249 529 primitias
2303 454 2477 513 habet
2525 459 2679 515 1074
2736 475 2769 513 c

1693 551 1775 617 in,
1823 551 1944 609 Pax
2000 553 2168 611 datur
2221 553 2282 610 in
2329 553 2492 612 initio
2552 558 2707 614 1093
2737 574 2769 612 c

1697 650 1992 708 Christum
2032 650 2094 708 in
2131 670 2333 709 manus
2367 659 2595 710 nostras
2621 653 2767 711 acci·

1695 747 1882 823 pimus
1936 752 2092 809 1104
2124 769 2157 808 e
2226 751 2349 809 vide
2394 751 2769 825 Eucharistia,

1697 846 2023 905 Christiani.

1613 943 1935 1002 Eunomius
1961 945 2226 1003 laudatur
2254 950 2332 1005 30
2361 965 2393 1004 c
2410 947 2450 1005 d
2468 966 2519 1006 e.

1614 1041 1943 1099 Exinanitio
1986 1043 2232 1101 existere
2274 1063 2409 1123 non,
2434 1053 2627 1121 potest
2662 1039 2771 1103 nisi

1695 1138 1853 1214 prius
1879 1139 2178 1215 plenitudo
2211 1144 2367 1200 1089
2397 1142 2435 1200 b
2453 1161 2505 1201 c.

1615 1242 1652 1270 “
1682 1236 1849 1295 Exivi
1868 1237 1903 1261 ''
1935 1241 2055 1297 965
2083 1238 2143 1295 b.

1616 1339 1651 1369 “
1678 1335 1977 1412 Exquisivi
2034 1335 2350 1394 Dominum
2366 1336 2404 1361 ''
2458 1336 2595 1413 quid
2655 1340 2769 1396 129

1695 1453 1727 1490 c
1744 1434 1805 1492 d.

2177 1677 2227 1735 F

1619 1828 1840 1886 Far-uu
1887 1837 2087 1886 nostra
2126 1845 2245 1885 non
2273 1828 2557 1904 gubernat
2583 1826 2653 1883 M
2676 1830 2775 1894 20,

1700 1931 1801 1984 21.

1613 2015 1847 2080 Fidelis
1870 2030 1930 2080 et
1956 2022 2143 2081 Patris
2186 2030 2246 2080 et
2287 2022 2417 2079 Filii
2453 2041 2665 2080 nomen
2697 2021 2777 2078 iii.

1703 2123 1841 2186 398,
1863 2124 1981 2180 399
2041 2119 2323 2178 Sacerdos
2341 2119 2517 2176 Filius
2535 2120 2614 2178 iii.
2636 2122 2777 2178 466.

1615 2219 1817 2277 Fidem
1869 2219 1963 2289 ad,
2007 2237 2076 2277 ea
2114 2236 2260 2296 quae
2307 2217 2613 2293 pertinent,
2657 2235 2778 2274 non

1699 2318 2045 2388 scrutanda;
2087 2335 2234 2392 quae
2265 2315 2340 2374 ad
2372 2315 2778 2374 scrutationem

1703 2415 2015 2491 pertinent,
2051 2415 2122 2473 iis
2156 2434 2276 2472 non
2314 2423 2510 2473 tamen
2545 2413 2781 2472 creden-

1700 2512 1839 2570 dum
1871 2516 1990 2572 374
2018 2531 2051 2570 c
2110 2531 2228 2570 non
2265 2512 2397 2590 quia
2435 2511 2778 2589 accipienda,

1698 2611 1917 2668 idcirco
1956 2611 2192 2669 omnino
2234 2611 2307 2669 ab
2342 2611 2780 2688 investigatione

1700 2708 2081 2768 secedendum
2130 2712 2248 2768 393
2271 2729 2307 2766 a
2394 2709 2516 2766 sine
2565 2714 2781 2767 scruta-

1699 2808 1860 2866 tione
1885 2807 2056 2865 rebus
2079 2804 2307 2864 Divinis
2331 2806 2594 2865 habenda
2611 2805 2678 2863 M
2700 2809 2779 2864 40

1698 2901 1819 2986 [pp.
1848 2907 1985 2971 236,
2014 2899 2179 2984 237].

1619 3004 1798 3063 Fides
1844 3004 1903 3060 in
1947 3001 2326 3076 Unigenitum
2374 3000 2562 3073 salus3
2619 3018 2780 3076 prae-

1698 3102 1815 3159 mia
1843 3101 1904 3158 in
1932 3099 2092 3158 Urbe
2121 3098 2384 3174 Superna
2412 3101 2531 3158 516
2552 3116 2606 3156 c.

1618 3199 1798 3257 Fides
1838 3198 1901 3256 in
1937 3197 2232 3255 Christum
2274 3197 2348 3255 ad
2387 3197 2579 3255 Deum
2619 3195 2785 3254 affert

1701 3299 1819 3355 639
1850 3313 1902 3354 e.

1625 3392 1827 3453 Fidem
1881 3394 1941 3451 in
1999 3393 2073 3452 Se
2129 3392 2222 3451 die
2275 3392 2476 3451 ultima
2519 3400 2786 3468 expectat

1703 3492 1975 3552 Christus
2001 3491 2082 3551 iii.
2114 3495 2253 3561 483,
2285 3496 2427 3551 484.

1621 3590 1790 3650 Fides
1835 3592 2147 3667 praecedit,
2194 3591 2561 3668 investigatio
2603 3589 2790 3666 sequi-

1707 3698 1805 3747 tur
1850 3692 1968 3749 360
1992 3689 2047 3762 d,
2089 3689 2162 3748 cf.
2193 3692 2368 3749 364e
2449 3689 2521 3748 de
2560 3689 2787 3748 Eucha-

1707 3787 1874 3846 ristia
1899 3788 2012 3846 hoc
2038 3787 2385 3847 illustratum
2416 3790 2535 3848 360
2563 3806 2614 3855 e,
2644 3789 2786 3846 361.

1622 3885 1794 3944 Fides
1862 3886 2171 3962 praecessit
2236 3886 2478 3945 scientia
2536 3886 2789 3962 sequitur

1611 3997 1628 4015 ·
1706 3988 1823 4044 393
1848 4003 1884 4042 a
1905 3984 1965 4042 b.

1623 4082 1764 4140 Fide
1833 4082 1968 4140 inhe
1984 4081 2225 4140 sitanter
2276 4080 2638 4157 suscipienda
2676 4080 2795 4137 veri

1701 4177 1845 4238 tatis
1870 4179 2046 4238 verba
2073 4182 2192 4238 413
2210 4179 2271 4240 d.

1622 4276 1796 4335 Fides
1863 4285 1924 4334 et
2002 4296 2194 4353 opera,
2244 4276 2515 4335 mandata
2578 4274 2789 4334 habere

1757 4375 1793 4432 2
1853 4373 1893 4431 d
1915 4392 1969 4432 e.

1639 4377 1835 4530 Εἰὸἀεζ
1863 4480 2132 4531 constans
2158 4481 2218 4532 et
2245 4471 2575 4531 inconstans
2604 4473 2721 4534 392
2745 4491 2796 4538 ο.
