3269 5166
206 375 295 419 vn
320 369 372 438 7,
397 358 451 420 8.
669 357 779 421 IN
830 355 1353 422 EPISTOLAM
1405 357 1533 421 AD
1586 357 2058 424 ROMANOS.
2439 359 2563 422 197

2618 457 2642 522 [
2674 466 2733 522 1⁷
2755 455 2881 521 M·]

201 520 616 623 ἐργάσαιντο,
664 523 733 605 εἴ
777 559 861 627 γε
913 527 1031 604 καὶ
1078 527 1248 627 πρὶν
1293 524 1564 622 εἰδέναι,
1613 522 1902 672 πάντως
1952 558 2097 606 που
2143 527 2261 605 καὶ
2308 522 2558 628 ἔδρων·

201 647 342 724 “οὖ
391 645 533 750 γὰρ
584 646 676 748 ἦν
731 649 1026 745 δίκαιος,
1088 646 1250 728 οὐδε
1305 645 1465 744 εἷς,”
1525 646 1709 727 κατὰ
1762 643 1896 747 τὴν
1952 656 2079 729 τοῦ
2136 646 2566 755 ψάλλοντος
2590 646 2848 764 {upana

201 769 444 874 φωνήν·
515 772 840 852 ἀλλ’·ἴνα
888 806 973 851 το
1020 774 1309 852 ἀδικοῦν
1343 769 1623 868 εἰδότες,
1660 804 1843 874 προς
1880 770 1972 852 τὰ
2025 773 2290 870 ἀμείνω
2339 807 2562 870 μετα·
2591 796 2698 831 ¹²¹³·
2725 794 2774 843 3·

199 891 598 995 χωρήσειαν.
660 899 786 976 καί
831 929 953 993 μοι
1001 899 1197 975 δοκεῖ
1230 895 1570 997 γενέσθαι
1621 928 1690 974 τι
1725 903 2049 975 τοιοῦτον
2083 903 2232 981 τοῖς
2267 899 2565 1002 ἀρχαιο-

147 1044 176 1100 5
196 1012 394 1118 τέροις
436 1019 557 1099 διὰ
603 1024 731 1120 τῆς
770 1020 1104 1103 Μωσέως
1138 1021 1460 1118 ἐντολῆς
1524 1018 1929 1099 ὑποκείσθω
1965 1024 2069 1126 τῷ
2115 1019 2319 1127 λόγῳ
2362 1031 2566 1100 πλα-

196 1138 327 1218 τεΐά
369 1176 475 1226 τις
518 1140 717 1242 οἶμος
753 1142 1285 1247 ἀποκομίζουσά
1332 1176 1480 1241 ποι,
1518 1145 1637 1221 καὶ
1679 1142 2067 1246 διερῤίφθω
2106 1140 2237 1242 μὲν
2275 1145 2352 1223 ἐν
2387 1145 2570 1251 αὐτῇ

193 1264 416 1366 πολλὴ
451 1267 573 1347 διὰ
606 1268 838 1366 με’σου
887 1267 1177 1373 χερμὰς,
1216 1265 1608 1371 ὀρωρύχθω
1645 1265 1722 1346 δὲ
1771 1271 1831 1346 εἶ
1880 1270 2077 1346 δοκεῖ
2117 1269 2234 1346 καὶ
2284 1265 2565 1371 βόθροι·

193 1382 325 1466 εἷτά
373 1424 557 1475 τινες
611 1390 955 1471 ἔστωσαν
1009 1394 1075 1471 οὶ
1139 1393 1216 1470 ἐν
1276 1389 1474 1469 νύκτι
1538 1391 1655 1469 καὶ
1722 1389 1967 1496 σκότῳ
2024 1388 2446 1542 βαδίζοντες
2495 1393 2574 1471 ἐν

194 1511 371 1617 αὐτῇ,
423 1515 969 1619 περιπταίοντες-
1025 1548 1105 1594 τε
1171 1517 1287 1595 καὶ
1344 1512 1550 1613 μάλα
1610 1519 1901 1618 συχνῶς
1964 1520 2113 1598 τοῖς
2175 1513 2294 1594 διὰ
2347 1513 2575 1614 με’σου

113 1667 172 1708 10
192 1637 523 1736 κειμένοις,
569 1641 684 1719 καὶ
728 1637 873 1738 μὴν
906 1636 1200 1741 βόθροις
1246 1636 1673 1737 ἀβουλήτως
1709 1638 2210 1739 ε’γκαθιέμενοι·
2287 1637 2575 1744 ἔχοντος

191 1757 257 1838 δὲ
306 1757 434 1842 ὦδε
487 1770 625 1843 τοῦ
680 1760 1124 1864 πράγματος,
1162 1760 1345 1869 δᾷδά
1392 1796 1501 1845 τις
1546 1758 1804 1856 λαβὼν
1862 1762 1967 1841 ἐπ’
2007 1762 2247 1847 αὐταῖς
2304 1762 2575 1863 ἔστησε

188 1890 325 1968 ταῖς
378 1884 705 1988 τριόδοις,
764 1888 1047 1993 ἐμφανῆ
1107 1882 1456 1968 καθιστὰς
1514 1892 1663 1968 τοῖς
1718 1885 1886 1964 οὖσι
1941 1883 2035 1964 τὰ
2088 1883 2383 1993 μεταξὺ,
2442 1888 2577 1991 οὐχ

188 2006 291 2088 ἵνα
337 2008 564 2091 πάλιν
625 2012 865 2095 αὐτοῖς
920 2010 1475 2113 περιπταίωσιν,
1532 2010 1701 2087 ἀλλ’
1752 2008 1869 2089 ἵνα
1923 2015 2214 2107 μᾶλλον
2269 2009 2576 2117 ὑπερφέ-

187 2164 405 2233 ροιντο
460 2137 580 2214 καὶ
619 2132 1208 2213 ἀπαλλάττοιντο
1261 2140 1390 2213 τοῦ
1444 2140 1691 2212 κακοῦ·
1773 2128 1915 2236 ἀρα
1969 2133 2096 2214 οὖν
2139 2132 2436 2235 ἠδίκησε
2490 2133 2576 2214 τὸ

108 2282 167 2343 ¹5
190 2262 349 2358 φῶς,
385 2257 495 2338 ὅτι
544 2257 922 2364 παρέδειξε
971 2255 1056 2337 τὸ
1106 2265 1432 2350 λυποῦν;
1492 2252 1537 2355 ἢ
1585 2262 1883 2353 μᾶλλον
1930 2254 2148 2337 ἐκεῖνό
2185 2264 2445 2364 φαμεν,
2481 2262 2578 2343 ὡς

186 2381 525 2483 πλείστην
575 2382 769 2481 ὅσην
811 2383 1045 2465 αὐτοῖς
1099 2381 1390 2460 ἐνεποίει
1445 2378 1577 2478 τὴν
1621 2377 1902 2480 ὄνησιν,
1942 2378 2271 2462 ἀπετέλει
2325 2381 2402 2463 δὲ
2458 2385 2574 2461 καὶ

187 2505 777 2612 ἀσφαλεστεῖοους
810 2539 832 2603 3
902 2506 1073 2585 ἀλλ’
1116 2500 1311 2603 οἶμαι
1359 2502 1577 2583 τοῦτο’
1621 2504 1825 2585 ἐστιν
1873 2505 2100 2586 οὐδενὶ
2152 2512 2297 2586 τῶν
2348 2504 2576 2588 ὄντων

186 2629 619 2737 ἀσυμφανες.
705 2628 821 2709 ὅτε
870 2629 1108 2708 τοίνυν
1143 2626 1342 2712 ὅντες
1378 2627 1815 2729 ἁμαρτωλοὶ,
1852 2629 2225 2714 πλείστοις
2261 2665 2338 2711 τε
2376 2629 2577 2716 ὅσοις

184 2751 583 2854 ἐγκλήμασι
663 2752 1215 2855 περιπταίοντες,
1282 2748 1695 2852 ἐγνώκαμεν
1767 2751 1883 2832 διὰ
1955 2761 2085 2833 τοῦ
2153 2752 2373 2853 νόμου
2445 2754 2578 2855 τὴν

104 2903 166 2947 20
186 2876 539 2979 ἁμαρτίαν,
596 2877 739 2981 οὐχ
796 2877 1109 2978 ἁμαρτία
1162 2880 1453 2974 μᾶλλον
1509 2876 1549 2954 ὁ
1606 2872 1820 2974 νόμος
1876 2874 2086 2956 νοοῖτ’
2144 2873 2238 2955 ἀν
2293 2877 2578 2961 εἰκότως

184 2995 224 3098 ἢ
256 2999 554 3104 λέγοιτο,
593 3005 890 3083 πολλοῦ
937 3033 1024 3101 γε
1080 3001 1196 3078 καὶ
1248 3001 1371 3096 δεῖ,
1408 2996 1946 3102 παραδεικτικὸς
1990 2998 2066 3078 δὲ
2119 3006 2412 3097 μᾶλλον
2450 3004 2577 3100 τῆς

184 3122 535 3230 ἁμαρτίας,
585 3128 689 3209 ὡς
737 3122 946 3230 ἔφην.

185 3346 308 3416 Τήν
357 3374 427 3418 τε
493 3350 620 3439 Γὰρ
688 3347 1028 3424 ἐπιθυμίαν
1092 3348 1211 3412 οὐκ
1271 3346 1472 3429 ἧὸειν,
1530 3345 1587 3413 εἰ
1650 3349 1736 3425 μή
1806 3350 1842 3415 ὁ
1910 3350 2105 3425 νόμοο
2168 3348 2286 3415 οὐκ
2356 3349 2575 3416 ἐπιθυ-

272 3478 497 3551 μήσειε
571 3476 824 3550 ἕλει-εν.
914 3473 1223 3563 ἀφορμὴν
1294 3473 1366 3539 δὲ
1436 3477 1719 3552 λαβοῦσα
1791 3475 1829 3540 ἡ
1914 3473 2199 3562 ἁμαρτία
2274 3475 2382 3541 διὰ
2454 3478 2638 3551 τεῖρε
2727 3472 2748 3489 “

106 3610 165 3667 25
270 3604 545 3671 ἐντολῆς
605 3600 1080 3690 κατειρτάσατο
1132 3601 1203 3665 ἒν
1257 3599 1402 3676 ἐμοὶ
1460 3604 1675 3666 πᾶσαν
1729 3601 2095 3678 ἐπιθυμίαν.

287 3753 426 3829 Καὶ
489 3749 601 3844 τὸ,
644 3752 774 3847 τῆς
841 3743 1184 3850 ἡμετέρας
1258 3748 1550 3853 φύσεως
1612 3748 1910 3851 ἀδρανὲς
1968 3750 2411 3854 παρεισάγει,
2468 3750 2579 3831 ὅτι

189 3873 397 3957 δοθεὶς
452 3876 495 3954 ὃ
554 3873 779 3971 νόμος
830 3876 928 3956 εἶς
981 3869 1256 3971 ὄνησιν,
1294 3871 1819 3967 ἐπεβούλευσεν
1872 3874 2254 3974 ἀδοκήτως,
2311 3878 2406 3960 ὡς
2464 3877 2580 3955 καὶ

188 4004 319 4081 τοῖς
371 3998 499 4079 τὸν
537 3993 939 4102 ὀφθαλμὸν
985 3997 1379 4075 ἀσθενοῦσι
1420 4004 1549 4076 τοῦ
1595 3996 1803 4095 ἡλίου
1855 3995 1940 4077 τὸ
1986 4004 2168 4103 φῶς.
2246 3998 2422 4079 ὅταν
2456 4000 2586 4080 οὖν

192 4119 356 4228 λέγῃ
409 4116 728 4230 ἀφορμῆν
787 4124 941 4202 ταῖς
983 4119 1382 4216 ἐπιθυμίαις
1423 4116 1694 4221 τρόπον
1728 4118 1887 4199 τινὰ
1941 4119 2074 4221 τὴν
2122 4121 2421 4223 ἐντολὴν
2454 4157 2576 4225 γε·

104 4269 169 4326 30
188 4248 545 4344 γενῆσθαι,
584 4244 836 4343 μηδεὶς
882 4250 1303 4345 κατηγορεῖν
1357 4241 1575 4322 αὑτὸν
1612 4242 1876 4323 οἰέσθω
1924 4252 2052 4324 τοῦ
2102 4243 2343 4344 νόμου,
2382 4244 2583 4325 ἀλλὰ

257 4419 301 4459 1.
336 4404 364 4457 ἐ
678 4401 749 4455 A.
1103 4418 1154 4456 2.
1187 4402 1308 4457 οὐδὲ
1333 4399 1407 4459 εἷς
1429 4411 1772 4475 assumptum
1798 4422 1864 4458 ex
1889 4405 1959 4460 A.
2333 4422 2415 4460 10.
2451 4404 2579 4476 μὴν]

195 4479 247 4537 4·
274 4476 355 4528 καὶ
431 4473 651 4528 ,ἱῑινὶῐο
670 4472 742 4526 Α.
1072 4488 1153 4526 12.
1190 4473 1328 4527 ἰοῦσι
1354 4473 1422 4526 Α.
1750 4490 1836 4598 63.
1874 4475 1969 4529 ὑπε
1969 4475 2250 4547 ρφέροιντο
2274 4477 2357 4530 καὶ
2380 4493 2487 4529 om.
2515 4475 2583 4528 A.

193 4559 266 4612 14.
297 4544 375 4615 ἆρ’
399 4548 469 4599 A.
770 4557 855 4596 21.
894 4563 933 4596 π
932 4543 1277 4612 αραδεικτικδς
1301 4541 1578 4598 emendavi
1602 4552 1726 4614 post
1799 4562 1840 4599 r.
1859 4545 2064 4616 Migne.
2086 4546 2453 4619 παραδεκτικός
2477 4543 2580 4600 Ed.

192 4629 370 4686 23—p.
396 4616 515 4686 198,
541 4633 597 4685 9.
640 4611 793 4667 Haec
819 4622 1155 4668 accesserunt
1179 4631 1244 4669 ex
1269 4614 1336 4669 A.
1365 4613 1435 4669 cf.
1462 4613 1698 4678 Cramer,
1726 4632 1778 4684 p.
1802 4614 1918 4687 169.
