3269 5166
324 330 597 373 smmrus
634 334 900 374 SANCTUS

323 494 628 572 Scripturis
656 494 1068 573 Apostolorum
1110 499 1329 557 Divinis
1369 519 1474 558 nu-

403 595 608 653 trimur
638 598 753 655 357
786 616 836 655 c.

325 690 619 768 Scriptura
647 693 856 753 Sancta
890 714 960 752 ea
988 714 1129 771 quae
1171 695 1243 752 ad
1271 694 1476 752 Filium

398 791 528 866 jure
571 792 815 867 pertinet
848 801 907 850 et
951 792 1114 851 nobis
1160 811 1328 868 saepe
1376 794 1478 851 dat

411 893 567 949 1010
598 910 649 948 c.

328 986 649 1063 Scripturas
733 998 959 1047 sanctas
1042 990 1163 1047 sine
1235 989 1476 1047 Lumine

408 1085 641 1143 Christo
668 1086 986 1163 intelligere
1030 1107 1144 1145 non
1173 1106 1477 1164 possumus

407 1187 525 1241 484
555 1202 602 1241 e.

330 1279 624 1356 Scriptura
662 1280 876 1339 Sancta
931 1287 1048 1341 995
1108 1302 1143 1339 a
1235 1283 1478 1340 utilitate

408 1379 576 1455 plena
617 1378 681 1436 M
712 1384 788 1437 55
819 1380 944 1438 init.
1030 1380 1168 1438 nihil
1218 1399 1321 1456 pro
1366 1381 1478 1438 fide

407 1476 827 1552 suscipiendum
867 1478 1018 1553 quod
1061 1479 1118 1534 in
1158 1497 1227 1535 ea
1259 1496 1376 1535 non
1405 1478 1479 1536 sit

412 1576 530 1633 559
560 1575 616 1633 1).

330 1671 748 1748 Scripturarum
779 1673 1120 1731 Sanctarum
1155 1673 1480 1750 ignorantia

410 1779 510 1828 aut
563 1771 1031 1847 interpretatione
1079 1790 1362 1846 perversa,
1412 1771 1480 1827 fit

408 1868 658 1926 haeresis
689 1872 807 1927 846
835 1868 894 1926 b.

331 1964 626 2042 Scriptura
652 1967 906 2042 perfecta
935 1970 1052 2024 729
1075 1984 1107 2022 c
1152 1985 1287 2023 vera
1308 1966 1426 2024 822
1447 1985 1479 2022 e

411 2066 620 2123 veritas
649 2068 767 2123 832
798 2084 830 2122 e
911 2064 1202 2122 scientiam
1233 2063 1330 2121 dat
1359 2066 1478 2123 936

409 2182 444 2220 c
471 2162 510 2220 d
587 2161 830 2239 Spiritus
872 2161 1069 2220 Sancti
1095 2160 1329 2218 verbum
1363 2164 1478 2220 732

411 2280 448 2319 a
502 2280 618 2318 non
662 2261 920 2337 sequitur
951 2259 1267 2317 haereticus
1296 2260 1414 2318 862
1445 2259 1483 2317 1)

412 2359 463 2416 is
492 2359 586 2434 qui
616 2366 792 2434 negat
822 2358 1112 2418 Christum
1142 2380 1268 2419 esse
1295 2356 1484 2449 Deum

416 2455 493 2515 iii.
525 2458 662 2529 466,
693 2460 810 2515 524
869 2476 930 2515 se
1007 2459 1244 2535 opponit
1295 2458 1481 2515 Theo-

415 2555 591 2613 dorus
617 2555 697 2614 iii.
729 2559 850 2615 519
878 2557 977 2615 fin.

336 2649 756 2729 Scripturarum
799 2664 1056 2714 veterum
1101 2671 1488 2729 novarumque

419 2751 648 2809 divitiae
703 2752 985 2829 spiritales
1045 2758 1161 2813 750
1189 2754 1278 2810 bc
1346 2770 1489 2826 quae

418 2850 583 2906 nobis
624 2867 740 2908 non
784 2851 920 2909 dicit
948 2870 1016 2909 ea
1052 2870 1156 2909 nec
1184 2848 1491 2907 scmtanda

415 2947 494 3004 iii.
520 2951 659 3006 552.

336 3048 372 3077 “
399 3043 693 3103 Seminare
764 3045 820 3102 in
892 3061 1062 3102 carne
1132 3045 1289 3111 sua‚”
1358 3043 1492 3119 quid

424 3146 541 3202 298
572 3144 708 3201 bce
764 3152 800 3177 ‘⁶
820 3143 879 3199 in
909 3141 1124 3218 Spiritu
1143 3142 1176 3165 ''
1206 3141 1341 3217 quid
1371 3140 1516 3201 298·

418 3261 451 3298 c
473 3241 526 3299 d.

342 3338 603 3415 Sephora
653 3337 948 3414 (Zippora)
994 3337 1280 3396 Ecclesiae
1323 3347 1493 3413 typus

423 3440 542 3495 434
571 3455 621 3494 e.

341 3533 721 3610 Septuaginta
776 3534 1025 3591 virorum
1086 3533 1272 3591 versio
1323 3534 1495 3591 citata

424 3632 491 3688 M
522 3635 618 3690 82.
1435 3615 1446 3626 ‘

341 3728 594 3805 Serpens
623 3747 832 3787 aeneus
866 3732 1001 3787 151.

342 3826 557 3887 Servus
583 3828 827 3903 ignavus
856 3827 912 3883 in
942 3826 1252 3901 evangeliis
1275 3830 1413 3885 533.

343 3934 379 3958 “
409 3924 472 3997 Si
529 3925 943 4000 cognovissetis
1002 3923 1102 3981 Me
1159 3929 1217 3981 et
1269 3922 1496 3982 Patrem

429 4021 626 4081 Meum
653 4023 855 4098 utique
882 4020 1295 4097 cognovissetis
1312 4021 1348 4043 ”
1382 4039 1496 4078 non

426 4120 496 4177 ad
527 4122 831 4196 Apostolos
858 4129 1094 4196 spectat,
1135 4124 1249 4179 772
1282 4119 1333 4176 d.

343 4221 380 4249 “
411 4215 616 4275 Sicut''
687 4218 758 4275 de
813 4227 1016 4276 natura
1074 4218 1329 4284 diversis,
1386 4235 1499 4274 non

429 4315 843 4392 aequalitatem,
905 4317 976 4374 de
1048 4324 1252 4373 natura
1303 4314 1500 4371 iisdem

428 4413 828 4489 aequalitatem
869 4414 1086 4471 indicat
1120 4416 1275 4471 2270
1305 4412 1362 4468 d.

349 4511 609 4588 Signatio
638 4511 694 4568 id
723 4509 872 4587 quod
904 4511 1096 4569 unctio
1129 4515 1248 4570 300
1277 4529 1327 4568 o.

437 4625 576 4672 VOL.
615 4624 713 4670 111.

1150 316 1472 375 INDEX
1556 320 1924 379 RERUM.

1443 4622 1558 4683 40

2607 329 2727 384 649

1583 501 1885 579 Signatum
1940 504 2231 561 Verbum:
2303 522 2404 580 per
2454 506 2603 563 Eum
2660 525 2728 563 ea

1663 619 1811 676 quae
1832 602 1903 658 ad
1925 601 2116 658 Deum
2143 602 2313 659 allata
2336 604 2452 661 302
2484 622 2516 661 c
2586 622 2724 678 quo-

1663 698 1835 755 modo
1863 698 1927 756 M
1957 703 2033 758 87
2064 700 2185 756 init.

1581 795 1882 855 Silentium
1927 808 2110 855 tutum
2155 798 2326 855 rebus
2369 798 2427 855 in
2467 797 2726 857 Divinis:

1663 895 2049 953 sacerdotibus
2081 915 2217 953 vero
2258 897 2499 971 imperat
2542 906 2602 953 ut
2642 896 2727 953 lo·-

1663 1000 1905 1066 quantur
1934 991 2092 1050 Deus
2119 998 2171 1059 1,
2205 999 2240 1051 4
2267 993 2369 1051 de.

1581 1088 1794 1147 Siloam
1848 1090 2213 1165 Baptismatis
2266 1101 2454 1167 typus,
2500 1092 2727 1150 Eucha-

1664 1188 1854 1246 ristiae
1880 1188 2063 1246 lutum
2094 1192 2212 1247 602
2244 1189 2329 1246 cd
2353 1208 2403 1247 e.

1581 1284 1905 1344 Similitudo
1934 1286 2119 1344 carnis
2147 1286 2362 1362 peccati
2392 1290 2511 1346 820
2542 1288 2579 1345 d
2602 1307 2653 1346 e.

1581 1381 1928 1458 Simpliciter
1943 1384 2287 1458 petentibus,
2299 1385 2448 1441 bona
2471 1392 2734 1461 prompte

1661 1481 1906 1557 largitur
1934 1481 2093 1539 Deus
2127 1486 2236 1539 141
2272 1501 2324 1539 a.

1581 1577 1774 1644 Sinus,
1826 1588 1864 1612 ‘⁶
1888 1578 1945 1636 in
2002 1580 2127 1637 sinu
2174 1578 2415 1644 Patris,”
2461 1578 2735 1636 Divinum

1661 1676 2113 1753 ineffabilemque
2158 1678 2445 1753 significat
2492 1676 2616 1733 Filii
2663 1676 2736 1733 ad

1666 1774 2036 1852 Hypostasim
2106 1774 2282 1833 Suam
2365 1773 2737 1849 Progressum

1662 1872 1921 1930 simulac
1942 1873 2090 1931 Eum
2114 1873 2321 1931 retinet
2344 1871 2517 1930 Sinus
2544 1875 2657 1930 105
2680 1871 2737 1940 d,

1669 1973 1785 2028 106
1882 1972 2188 2028 essentiam
2252 1970 2395 2045 Ejus
2454 1968 2739 2045 significat

1671 2071 1784 2126 107
1808 2068 1846 2124 1)
1892 2068 2037 2125 male
2065 2068 2512 2144 interpretantur
2540 2066 2737 2123 haere-

1666 2164 1764 2222 tici
1799 2168 1914 2224 106
1943 2184 1976 2223 c
2042 2165 2362 2222 refutantur
2395 2166 2508 2221 106
2539 2182 2587 2235 e,
2623 2166 2737 2221 107

1670 2262 1727 2318 in
1777 2260 2068 2320 Abraham
2121 2263 2265 2335 sinu,
2314 2260 2601 2336 quomodo
2658 2258 2739 2316 in·-

1670 2359 1960 2436 telligatur
1993 2363 2106 2418 107
2132 2360 2183 2418 d.

1591 2457 1761 2515 Sorte
1801 2478 1836 2515 a
1876 2458 2003 2515 Deo
2050 2456 2217 2515 nobis
2262 2456 2554 2533 assignato
2598 2473 2738 2512 con-

1671 2561 1863 2613 tentos
1904 2573 2029 2614 esse
2070 2555 2366 2623 debemus,
2393 2572 2503 2613 nec
2529 2553 2741 2630 ingrati

1673 2653 1863 2710 animo
1893 2655 2109 2729 majora
2137 2672 2341 2729 cupere
2377 2655 2490 2711 158
2515 2650 2568 2709 d.

1594 2760 1629 2782 ‘⁸
1657 2749 2018 2826 Spiraculum
2048 2752 2198 2808 vitae
2220 2751 2252 2772 '’
2283 2769 2399 2808 non
2429 2750 2619 2806 anima
2644 2747 2747 2805 sed

1675 2848 1916 2924 Spiritus
1949 2850 2190 2906 Sanctus
2218 2846 2437 2904 animae
2457 2846 2596 2902 Vita
2624 2845 2742 2902 822

1674 2946 1712 3002 1)
1740 2966 1789 3018 e,
1821 2946 1895 3003 iii.
1927 2950 2064 3012 553,
2099 2944 2172 3002 cf.
2201 2946 2354 3002 1097
2387 2961 2489 3015 ce,
2516 2941 2591 3000 iii.
2626 2941 2745 3000 554

1674 3041 1923 3118 Spiritus
1941 3041 2154 3101 Christi
2172 3041 2285 3111 Qui
2305 3048 2392 3098 est
2410 3040 2544 3096 Vita
2561 3043 2677 3097 474
2690 3039 2746 3098 1).

1594 3139 1883 3198 Sem-rus
1915 3140 2213 3206 Sanctus,
2246 3144 2279 3199 7
2311 3139 2367 3208 b,
2403 3142 2476 3197 10
2506 3153 2555 3210 a,
2591 3140 2667 3196 16
2690 3137 2746 3204 1),

1681 3239 1822 3297 17ᾶ
1864 3258 1915 3305 e,
1962 3242 2035 3298 21
2083 3258 2135 3304 c,
2168 3241 2244 3298 22
2287 3237 2345 3306 b,
2389 3239 2465 3295 23
2506 3254 2556 3301 e,
2589 3236 2745 3307 29d,

1679 3340 1756 3395 39
1785 3336 1947 3403 1),·42
1979 3355 2013 3392 a
2037 3336 2093 3402 b,
2125 3340 2202 3394 45
2227 3335 2282 3407 (1,
2312 3339 2389 3394 46
2424 3333 2462 3390 d
2489 3351 2538 3406 e,
2570 3336 2647 3392 49
2690 3333 2746 3400 d,

1680 3438 1756 3493 70
1780 3434 1834 3506 b,
1866 3437 1941 3491 94
1973 3434 2032 3500 d,
2068 3437 2183 3492 119
2213 3433 2267 3504 d,
2298 3435 2597 3497 120-127,
2632 3434 2747 3490 146

1678 3532 1733 3604 1),
1768 3535 1905 3598 147,
1943 3534 2056 3591 150
2086 3550 2136 3598 a,
2175 3535 2288 3590 154
2319 3550 2371 3596 a.
2407 3533 2520 3589 155
2551 3548 2600 3596 e,
2635 3532 2749 3589 156

1681 3648 1731 3696 c,
1767 3633 1881 3689 167
1914 3630 1971 3697 d,
2008 3633 2124 3690 169
2153 3630 2191 3687 d
2221 3648 2269 3702 e,
2305 3632 2419 3688 173
2448 3628 2506 3695 1),
2551 3629 2665 3687 182
2695 3627 2751 3700 d,

1684 3728 1869 3794 2141),
1891 3732 2070 3794 2170.
2090 3731 2207 3788 218
2228 3747 2276 3793 e,
2300 3730 2418 3786 229
2437 3727 2474 3784 1)
2495 3746 2546 3792 c.
2568 3725 2751 3797 2471),

1684 3827 1802 3885 250
1821 3845 1870 3896 e,
1890 3829 2008 3884 254
2038 3826 2094 3891 d,
2115 3825 2233 3884 298
2265 3844 2313 3891 c,
2339 3823 2456 3883 362
2474 3823 2531 3889 b,
2555 3827 2672 3882 374
2695 3824 2752 3889 1),

1686 3927 1804 3983 376
1829 3943 1877 3988 e,
1903 3927 2019 3982 377
2046 3943 2095 3989 c,
2128 3925 2244 3981 385
2269 3941 2319 3993 a,
2345 3924 2461 3980 386
2484 3939 2537 3988 e,
2563 3923 2679 3979 393
2703 3938 2753 3986 e,

1685 4025 1800 4079 431
1826 4040 1876 4088 e,
1911 4025 2028 4079 432
2053 4020 2157 4088 de,
2188 4023 2307 4078 439
2329 4019 2386 4086 1),
2419 4022 2536 4077 475
2556 4035 2604 4089 e,
2636 4020 2752 4076 517

1684 4139 1737 4185 e,
1770 4122 1883 4178 551
1917 4118 1955 4176 b
1977 4138 2029 4188 c,
2073 4123 2190 4177 553
2222 4136 2269 4188 a,
2312 4119 2430 4176 555
2461 4135 2511 4182 e,
2551 4118 2671 4174 556
2701 4134 2753 4182 a,

1689 4220 1806 4274 587
1840 4216 1897 4284 d,
1956 4219 2075 4275 604
2110 4236 2157 4286 c,
2215 4218 2335 4274 615
2374 4233 2424 4282 e,
2484 4216 2601 4271 617
2638 4213 2674 4269 d
2703 4231 2754 4279 e,

1688 4317 1807 4372 633
1845 4333 1951 4381 ac,
1997 4317 2115 4373 634
2145 4314 2202 4379 1),
2246 4317 2365 4372 645
2395 4311 2432 4367 b
2455 4310 2511 4375 d,
2557 4313 2669 4368 651
2705 4329 2754 4376 c,

1690 4414 1808 4469 669
1839 4410 1898 4476 d,
1931 4414 2045 4469 671
2080 4411 2137 4477 d,
2173 4413 2290 4469 685
2321 4427 2372 4476 c,
2406 4411 2522 4467 723
2553 4425 2603 4473 c,
2638 4409 2754 4467 732

1690 4529 1741 4581 a,
1792 4509 1910 4567 734
1938 4527 1990 4575 c,
2041 4513 2156 4568 755
2187 4527 2238 4576 e,
2298 4509 2414 4567 '756
2446 4524 2496 4577 c,
2557 4506 2668 4564 761
2703 4524 2754 4571 a,
