3269 5166
226 344 265 406 i.
290 363 384 422 21,
411 364 506 412 22.
593 345 695 410 IN
745 344 1272 411 EPISTOLAM
1320 346 1379 409 1.
1430 345 1559 410 AD
1611 346 2200 413 CORINTHIOS.
2470 348 2599 412 253

2649 444 2764 512 [5ο
2784 444 2910 511 u]

222 543 354 589 των
394 510 860 611 βασανιστὰς,
896 510 967 591 οἳ
1019 518 1172 595 ταῖς
1227 516 1373 590 τῶν
1428 513 1715 591 ἐννοιῶν
1757 511 2158 614 εὖρέσεσιν,
2196 514 2294 597 ὦς
2349 513 2452 591 ε’νὶ
2509 508 2595 592 τὸ

226 636 326 740 ἐφ’
355 634 626 744 ἑκάστῳ
663 641 808 717 τῶν
840 633 1320 738 προκειμένων
1353 631 1811 734 ἀδιαβλήτως
1846 633 2030 740 ἔχειν
2065 639 2343 733 δοκοῦν,
2370 634 2598 739 ζητεῖν

228 759 694 861 ὑποκρίνονται
737 757 872 859 τὴν
913 758 1278 860 ἀλήθειαν,
1315 759 1485 837 ἀλλ’
1526 760 1680 839 οὔτι
1727 792 1845 839 πω
1895 760 2149 864 ὀρθῶς,
2194 766 2485 860 μᾶλλον
2521 757 2597 839 δὲ

222 888 307 966 εἰς
343 881 528 963 ἅπαν
562 881 1045 984 ἠμελημένως·
1121 880 1526 985 ἠγνοήκασι
1581 880 1725 985 γὰρ
1760 881 1890 963 τὸν
1944 889 2090 963 τῶν
2144 881 2341 964 ὅλων
2378 880 2592 982 Θεὸν,

170 1040 199 1100 5
223 1002 291 1087 ὃς
334 1004 485 1087 τόδε
537 1008 622 1086 τὸ
676 1007 981 1106 σύμπαν
1041 1004 1472 1109 ἆπορῥήτοις
1532 1007 1910 1110 ἐνεργείαις
1969 1008 2274 1107 ἀπονητὶ
2346 1005 2595 1106 διεπή-

220 1127 400 1234 ξατο,
434 1133 549 1210 καὶ
582 1128 1030 1234 παρήνεγκεν
1066 1136 1165 1214 εἷς
1198 1128 1284 1210 τὸ
1321 1126 1498 1209 εἶναι
1538 1127 1636 1210 τὰ
1672 1131 1799 1209 οὐκ
1837 1127 2012 1210 ὄντα
2048 1130 2318 1229 πάντα,
2360 1164 2589 1211 κατα·
2625 1147 2702 1202 51
2731 1145 2826 1203 Η.

221 1252 454 1338 νεύσας
513 1252 756 1352 μόνον·
857 1254 1270 1357 μεμῶραται
1343 1254 1583 1334 τοίνυν
1648 1255 1940 1355 ἀληθῶς
2004 1253 2049 1353 ἦ
2113 1262 2243 1334 τοῦ
2308 1252 2591 1354 κόσμου

220 1377 449 1483 σοφία.

219 1615 465 1685 Ἐπειδὴ
523 1621 645 1710 stip
680 1620 753 1688 ὲν
790 1625 872 1711 τῷ
920 1620 1123 1712 σοφίᾳ
1168 1623 1283 1686 τοῦ
1322 1619 1490 1685 Θεοῦ
1540 1620 1658 1687 οὐκ
1712 1620 1882 1696 &sym
1935 1620 1972 1688 ό
2030 1623 2268 1698 κόσμος
2322 1620 2427 1687 διὰ
2481 1628 2596 1687 τῆς
2628 1656 2699 1698 21

142 1760 201 1801 10
312 1745 537 1833 σοφίας
606 1747 723 1813 τὸν
794 1745 984 1827 Θεὸν,
1052 1745 1409 1815 εὐδόκησεν
1470 1747 1509 1812 ὁ
1572 1745 1742 1814 Θεὸς
1804 1746 1910 1812 διὰ
1982 1753 2097 1812 τῆς
2166 1745 2420 1836 μωρίας
2480 1752 2595 1813 τοῦ

312 1872 711 1960 κηρύτματος
765 1873 976 1940 σῶσαι
1026 1872 1181 1940 τοὺς
1226 1874 1679 1940 πιστεύοντας.

319 2043 589 2148 Σοφίαν
627 2050 824 2124 Θεοῦ
876 2047 992 2124 καὶ
1046 2042 1180 2144 τὴν
1232 2044 1689 2147 ἀνθρωπίνην
1745 2041 2069 2148 ὀνομάζει
2122 2042 2424 2125 σύνεσιν
2480 2048 2599 2124 καὶ

219 2162 338 2264 τὴν
399 2168 859 2270 εὖγλωττίαν,
921 2168 1078 2268 ἤτοι
1153 2165 1328 2255 αὐτὸ
1389 2166 1476 2247 τὸ
1540 2170 1671 2266 τῆς
1743 2166 2012 2273 λέξεως
2076 2167 2404 2271 ἀνθηρόν·
2479 2168 2598 2248 ἵνα

221 2288 452 2397 διδάξῃ
501 2291 611 2372 ὅτι
662 2299 788 2372 νοῦ
829 2290 1127 2391 ποιητὴς
1167 2292 1207 2370 ὃ
1244 2290 1431 2376 Θεὸς
1484 2294 1601 2371 καὶ
1654 2289 2078 2398 φρονήσεως
2127 2290 2437 2398 χορηγὸς
2482 2296 2600 2372 καὶ

144 2441 200 2500 15
221 2413 651 2514 εὐγλωττίας,
691 2418 806 2495 καὶ
844 2413 911 2495 εἴ
951 2450 1134 2499 τινες
1188 2417 1425 2500 αὐτοῖς
1478 2412 1890 2519 ἐχρήσαντο
1926 2417 2037 2523 ἐφ’
2079 2410 2128 2494 ἃ
2164 2415 2264 2516 μὴ
2303 2420 2592 2519 προσῆ-

220 2564 343 2617 κεν·
410 2542 680 2649 μωρίαν
723 2538 798 2621 δὲ
854 2541 964 2621 τοῦ
1024 2538 1473 2649 κηρύγματος,
1527 2544 1675 2621 τῶν
1724 2538 1993 2648 λέξεων
2040 2537 2173 2641 τὴν
2221 2539 2599 2641 ἁπλότητα

225 2659 418 2763 λέγει·
512 2669 786 2746 ἰδιῶται
839 2663 971 2764 μὲν
1023 2663 1167 2767 γὰρ
1222 2669 1325 2772 τῷ
1379 2662 1582 2771 λόγῳ
1643 2664 2034 2767 γεγόνασίν
2095 2669 2162 2745 οἱ
2222 2663 2596 2747 θεσπέσιοι
2620 2683 2695 2800 gf
2707 2698 2750 2801 6²
2775 2685 2892 2737 Cor-

221 2792 526 2888 μαθηταὶ,
571 2787 918 2870 πλούσιοι
971 2789 1047 2869 δέ
1089 2793 1181 2894 τῇ
1233 2787 1522 2891 γνώσει.
2741 2788 2754 2803 ”

308 3026 572 3096 Ἐπειδιὶ
627 3031 737 3097 καὶ
790 3027 1069 3098 ἰουδαῖοι
1123 3028 1392 3110 σημεῖον
1447 3030 1701 3100 αἰτοῦσι
1754 3033 1862 3100 καὶ
1913 3036 2189 3100 ἒλλΗνες
2242 3031 2480 3122 σοφίαν
2628 3067 2700 3107 22
2732 3068 2858 3127 sqq,

141 3177 201 3217 20
1263 3163 1537 3248 ζητοῦσι.

320 3328 490 3407 Κατ’
530 3328 759 3434 ἄμφω
815 3328 1089 3429 ἀληθὴς
1143 3331 1184 3409 ὀ
1236 3337 1364 3410 τοῦ
1405 3331 1711 3411 Παύλου
1766 3329 2012 3433 λόγος·
2092 3330 2601 3438 ἐξελαύνοντος

220 3445 346 3550 γάρ
391 3485 564 3533 ποτε
613 3460 748 3532 τοῦ
783 3457 1117 3555 Χριστοῦ
1169 3458 1314 3533 τῶν
1354 3458 1558 3558 ἱερῶν
1591 3454 2006 3556 περιβόλων
2038 3453 2205 3540 τοὺς
2256 3464 2591 3538 πωλοῦν-

221 3600 333 3655 τας
364 3572 452 3653 τὰ
483 3576 827 3679 πρόβατα
872 3578 988 3655 καὶ
1033 3575 1164 3662 τὰς
1212 3583 1410 3676 βοῦς,
1446 3575 1798 3682 τρυγόνας
1845 3611 1924 3658 τε
1978 3582 2097 3659 καὶ
2150 3578 2598 3682 περιστερὰς,

221 3697 322 3773 καὶ
382 3695 798 3803 φάσκοντος
864 3709 909 3746 “
939 3697 1074 3799 Μὴ
1136 3707 1398 3781 ποιεῖτε
1461 3699 1591 3781 τὸν
1649 3698 1846 3781 οἷκον
1909 3711 2037 3782 τοῦ
2101 3704 2392 3806 Πατρός
2455 3735 2597 3802 μου
2619 3727 2669 3777 a
2686 3726 2836 3778 Joan.
2859 3727 2914 3778 ii.

144 3831 203 3890 ²5
224 3824 260 3863 “
290 3816 470 3902 οἶκον
517 3821 924 3926 ἐμπορίου,”
974 3823 1450 3930 ἀντεφέροντο
1490 3820 1819 3925 λέγοντες
1872 3835 1918 3872 “
1945 3827 2048 3906 Τί
2080 3833 2380 3928 σημεῖον
2415 3831 2597 3906 δεικ-
2624 3791 2704 3907 ῗξῖ
2723 3857 2799 3909 18.

224 3948 263 3986 “
293 3944 462 4029 νύεις
513 3947 685 4047 ἡμῖν
737 3945 851 4027 ὅτι
904 3955 1131 4027 ταῦτα
1183 3954 1403 4032 ποιεῖς
1423 3949 1491 4045 ;''
1549 3949 1675 4029 καί
1723 3959 1768 3996 “
1792 3950 1925 4033 Τίς
1979 3949 2233 4030 ἔδωκέν
2286 3983 2411 4030 σοι
2465 3947 2598 4050 τὴν
2620 3947 2872 4076 gfff?

225 4072 263 4110 ‘⁴
291 4066 615 4173 ἐξουσίαν
673 4069 943 4171 ταύτην
964 4072 1029 4169 ;”
1111 4069 1543 4179 προσῄεσαν
1608 4072 1683 4152 δὲ
1747 4075 1864 4153 καὶ
1921 4080 2067 4155 τῶν
2121 4074 2598 4177 γραμματέων

223 4189 383 4273 τινὲς
426 4192 607 4293 μετὰ
649 4195 1009 4295 πλείστην
1044 4194 1231 4296 ὅσην
1266 4194 1586 4297 σημείων
1620 4196 1957 4305 ἐπίδειξιν
2002 4199 2599 4305 φιλοκακούργως

224 4308 531 4413 λέγοντες
578 4329 649 4367 ’“
676 4318 1100 4400 Διδάσκαλε
1173 4319 1480 4420 θέλομεν
1542 4318 1691 4402 ἀπὸ
1762 4329 1904 4401 σοῦ
1985 4328 2285 4421 σημεῖον
2358 4321 2596 4404 ίδεῖν.”
2625 4344 2699 4395 Ib·
2723 4343 2810 4396 xii.
2833 4346 2912 4409 38-

291 4531 336 4571 1.
369 4518 440 4574 ἰνὶ
464 4519 625 4577 habet
646 4530 699 4577 et
722 4524 791 4578 Α.
1038 4538 1086 4593 7.
1124 4525 1449 4593 μεμώρανται
1472 4523 1723 4580 emendat
1746 4523 1955 4596 Migne.
2204 4526 2391 4580 12-18.
2431 4523 2599 4580 Scho-

226 4583 323 4641 lion
343 4587 441 4645 hoc
465 4591 713 4650 exhibent
734 4603 788 4650 et
812 4601 851 4648 t.
879 4601 932 4648 et
956 4602 1159 4649 ceterae
1184 4593 1434 4651 Catenae.
1741 4611 1824 4650 ω.
1861 4594 2172 4665 ὀνομάζουσι
2195 4606 2236 4651 t.
2262 4603 2363 4650 cet.
