3269 5166
649 336 735 398 68
1256 333 1337 398 Β.
1384 332 1813 399 CYRILLI
1873 332 2458 399 ALEXANDR.
2843 332 2978 397 xix.
3001 348 3064 415 7.

652 505 792 606 θρᾳ
845 498 1020 579 ποτὲ
1075 505 1167 606 τῇ
1222 501 1524 600 ἐπίκλην
1559 503 1993 605 προβατικῇ,
2031 508 2160 581 τοῦ
2196 506 2476 603 μακροῦ
2524 531 2602 578 τε
2653 498 2771 577 καὶ
2824 502 3059 577 δυσα-

592 660 627 702 ο
651 629 873 729 χθοῦς
944 620 1514 727 ἀῤῥωοτήματος
1585 621 1918 704 ἀπέλυσε
1989 622 2121 703 τὸν
2191 620 2614 726 παράλυτον
2682 623 2762 701 ἐν
2834 620 3068 726 ἡμέρᾳ

650 747 1063 842 σαββοίτου.
1128 753 1195 827 οἱ
1220 746 1296 828 δὲ
1319 746 1693 846 θαυμάσαι
1715 748 1876 828 δέον
1898 744 2028 827 τὸν
2050 749 2237 828 οὕτω
2267 743 2770 850 τερατουργὸν,
2797 745 3066 824 ἐσκαν-

654 871 1030 975 δαλίζοντο
1093 870 1322 952 πάλιν
1381 870 1514 971 τὴν
1574 879 1706 952 τοῦ
1772 868 1996 971 νόμου
2056 870 2279 951 λύσιν
2340 869 2886 977 ἐπιφημίζοντες
2949 867 3067 948 διὰ

731 993 750 1022 t
993 993 1017 1020 x
1177 994 1198 1020 t
1612 998 1631 1023 ο
1759 994 1782 1024 x
1942 998 1967 1029 x
2097 993 2116 1021 e
2507 991 2531 1018 x
2660 996 2679 1021 ι
2959 999 2993 1016 .-

655 1031 879 1095 μονον
941 1030 1029 1076 το
1093 1002 1502 1092 σαββατον.
1587 1005 1791 1076 αλλα
1852 1031 1971 1076 και
2031 1030 2196 1077 τοτε
2255 1001 2582 1098 Χριστος
2635 1004 3070 1094 απελογειτο
3091 1018 3126 1078 5

318 1136 485 1200 Supra
657 1117 894 1219 λέγων
948 1130 994 1167 “
1027 1120 1128 1200 Ὁ
1180 1118 1439 1223 Πατήρ
1484 1154 1625 1218 μου
1674 1119 1805 1203 ἕως
1860 1118 2023 1222 ἄρτι
2075 1115 2461 1222 ἐργάζεται,
2517 1115 2720 1220 κάγὼ
2774 1116 3072 1221 ἐργάζο-

319 1216 407 1326 R:
420 1217 507 1325 ⁷1⁹8.
659 1253 703 1289 “
737 1242 930 1342 μαι·”
1003 1240 1156 1324 εἶτά
1191 1249 1424 1352 φησιν
1461 1245 1577 1323 ἐπὶ
1615 1241 1893 1328 τούτοις
1928 1245 1969 1323 5
2006 1241 2561 1345 Εὖαγγελιστής
2597 1251 2643 1288 “
2666 1239 2819 1321 Διὰ
2855 1250 3072 1323 τοῦτο

657 1379 702 1416 “
739 1369 864 1447 οὖν
900 1368 1188 1449 ἐδίωκον
1224 1368 1444 1448 αὐτὸν
1478 1369 1806 1448 Ἰουδαῖοι
1858 1366 2000 1447 τὸν·
2021 1367 2333 1467 Ἰησοῦν,
2371 1365 2479 1446 ὅτι
2517 1366 2601 1445 οὐ
2636 1363 2862 1464 μόνον
2901 1363 3072 1446 ἐ’λυε

656 1502 700 1538 “
736 1489 821 1572 τὸ
860 1490 1270 1590 σάββατον,
1306 1490 1509 1571 ἀλλὰ
1544 1496 1661 1571 καὶ
1701 1492 1979 1596 πατέρα
2020 1491 2196 1571 ἰ’διον
2234 1487 2442 1592 ἐ’λεγε
2480 1487 2608 1570 τὸν
2648 1485 2866 1586 Θεὸν,
2903 1489 3071 1570 ἰ’σον

656 1624 701 1660 “
735 1612 986 1694 ἑαυτὸν
1030 1621 1260 1694 ποιῶν
1308 1621 1411 1722 τῷ
1468 1617 1707 1723 Θεῷ.”
1784 1613 2384 1719 ἐσκανδαλίζοντο
2438 1621 2820 1717 τοιγαροῦν
2872 1614 3062 1693 Ἰου·
3095 1648 3160 1689 10

657 1740 864 1832 δαῖοι,
896 1737 1194 1842 Πατέρα
1228 1747 1624 1824 καλοῦντος
1661 1738 1840 1819 ἴδιον
1866 1744 2200 1842 Χριστοῦ
2235 1738 2364 1819 τὸν
2401 1737 2739 1818 ἁπάντων
2771 1735 3068 1840 Κύριον,

589 1878 633 1941 d
659 1861 776 1942 ὅτε
812 1860 995 1965 πρὸς
1032 1871 1244 1942 τοῦτο
1280 1863 1696 1963 πραοτιίτην
1731 1865 2035 1943 ἐποιεῖτο
2066 1860 2201 1963 τὴν
2236 1860 2416 1967 πρὸς
2455 1860 2709 1946 αὐτοὺς
2744 1860 3071 1970 διάλεξιν

1190 1997 1233 2033 “
1255 1983 1484 2067 Ἔστι
1528 1988 2026 2090 γεγραμμένον
2079 1989 2154 2067 ἐν
2201 1990 2306 2093 τῷ
2365 1982 2561 2093 νόμῳ
2614 1987 2812 2085 ὑμῶν
2865 1984 3069 2088 Ἐγὼ

662 2120 707 2158 “
742 2107 908 2191 εἶπα
965 2111 1119 2192 θεοί
1163 2112 1350 2208 ἐστε,
1397 2113 1515 2191 καὶ
1577 2114 1712 2192 υἱοὶ
1773 2111 2094 2218 ὑψίστου
2147 2108 2432 2195 πάντες.
2507 2115 2566 2189 εἶ
2626 2107 2703 2189 δὲ
2765 2111 3070 2195 ἐκείνους

659 2245 702 2281 “
740 2231 911 2332 εἶπε,
952 2237 1164 2342 φησὶ,
1204 2234 1427 2333 θεοὺς,
1465 2233 1649 2339 πρὸς
1699 2234 1822 2320 οὓς
1859 2237 1898 2315 5
1937 2233 2159 2338 λόγος
2215 2242 2343 2315 τοῦ
2381 2239 2575 2314 Θεοῦ
2610 2233 2914 2333 ἐγένετο,
2949 2237 3067 2315 καὶ
3093 2264 3159 2324 15

659 2371 702 2407 “
739 2361 825 2439 οὐ
885 2360 1179 2439 δύναται
1236 2363 1538 2458 λυθῆναι
1594 2360 1640 2459 ἦ
1695 2356 1976 2467 γραφή·
2064 2356 2147 2439 ὃν
2202 2359 2243 2437 5
2306 2356 2565 2461 Πατὴρ
2625 2356 2890 2460 ἡγίασε
2949 2361 3069 2439 καὶ

658 2494 701 2531 “
741 2481 1168 2563 ἀπέστειλεν
1203 2488 1300 2568 εἷς
1347 2481 1478 2565 τὸν
1513 2481 1794 2583 κόσμον
1854 2485 2045 2582 ὑμεῖς
2102 2482 2350 2586 λέγετε
2407 2481 2516 2562 ὅτι
2569 2488 3069 2590 βλασφημεῖς,

658 2619 703 2655 “
741 2607 851 2688 ὅτι
910 2604 1111 2688 εἷπον
1173 2614 1368 2690 Θεοῦ
1423 2606 1570 2693 υἱός
1638 2613 1780 2708 εἶμι
1806 2609 1875 2704 ;”
1955 2609 2124 2688 ἀλλ’
2185 2604 2467 2691 οὐδενὸς
2525 2612 2672 2688 τῶν
2727 2607 3072 2689 τοιούτων

661 2730 1214 2832 διαμεμνημένος
1278 2739 1424 2813 τῶν
1484 2730 1848 2812 Ἰουδαίων
1908 2732 1949 2811 5
2005 2735 2253 2831 δῆμος,
2313 2731 2646 2835 ἔγκλημα
2700 2739 3073 2812 ποιοῦνται
3217 2815 3218 2846 ᾖ

660 2859 751 2963 τῇ
795 2856 1098 2964 ἀληθείᾳ
1140 2856 1274 2957 τὴν
1310 2853 1672 2957 ἀλήθειαν,
1711 2858 1828 2935 καὶ
1866 2857 2150 2959 ἐπείπερ
2187 2855 2364 2953 ὅπερ
2398 2857 2556 2936 ἐστὶ
2609 2853 2795 2935 κατὰ
2838 2854 3073 2963 φύσιν
3095 2893 3167 2933 20

660 2981 936 3134 εἴρηκεν
992 2983 1033 3061 5
1081 2979 1429 3084 Χριστὸς,
1482 2977 1601 3060 διὰ
1652 2978 1919 3080 ταύτην
1978 2977 2196 3060 αὐτὸν
2254 2978 2387 3081 τὴν
2446 2981 2681 3059 αἰτίαν
2737 2978 3073 3060 τεθνάναι

660 3105 957 3210 πρέπειν
993 3103 1567 3211 διισχυρίζονται.
1651 3100 1855 3184 ἀλλὰ
1899 3102 2042 3207 γὰρ
2080 3110 2171 3211 τῇ
2224 3112 2352 3185 τοῦ
2397 3102 2779 3211 προφήτου
2815 3104 3074 3208 κεχρή-

327 3254 576 3366 {hemia
662 3263 890 3328 σομαι
941 3227 1060 3309 διὰ
1106 3237 1320 3308 τοῦτο
1356 3234 1566 3335 φωνῇ
1619 3239 1664 3277 “
1694 3229 1940 3313 Πῶς’
1904 3234 2117 3332 ερεῖτε
2153 3227 2264 3309 ὅτι
2310 3229 2547 3333 σοφοί
2595 3230 2816 3328 ἐσμεν
2851 3227 3073 3327 ἡμεῖς,

364 3352 378 3366 ’
667 3361 711 3400 “
749 3354 866 3430 καὶ
923 3351 1137 3451 νόμος
1182 3353 1453 3454 Κυρίου
1503 3351 1672 3451 μεθ’
1725 3352 1927 3452 ἡμῶν
1965 3352 2209 3432 ἐστιν·
2191 3415 2212 3449 ,
2221 3354 2260 3381 ”
2325 3349 2373 3452 ἢ
2420 3349 2563 3457 γὰρ
2615 3354 2743 3433 οὐκ
2794 3351 2934 3433 ἔδει
2984 3353 3070 3433 δι’

327 3502 584 3559 1049Δ.
608 3517 646 3557 a
664 3474 947 3579 ἐρεύνης
993 3478 1406 3577 ἀκριβοῦς’
1384 3511 1557 3556 ιεναι
1606 3472 1980 3581 πρότερον,
2016 3476 2121 3561 τίς
2157 3511 2273 3557 και
2310 3477 2607 3558 πόθεν’
2570 3479 2773 3557 εστὶν
2809 3477 2853 3556 5
2889 3481 3071 3579 Χρι-
3097 3503 3165 3561 ²5

664 3597 869 3685 στός·
968 3603 1087 3679 καὶ
1147 3604 1205 3679 εἲ
1259 3634 1391 3700 μεν
1446 3600 1602 3701 ἥλω
1658 3597 2139 3707 ψευσάμενος,
2197 3599 2509 3681 εὐθύνειν
2571 3599 2658 3701 δὴ
2725 3597 2888 3679 τότε
2955 3635 3076 3681 και

663 3722 870 3824 μάλα
934 3724 1239 3823 δικαίως,
1304 3723 1531 3829 ἤγουν
1603 3727 1664 3806 τ’
1731 3728 1972 3826 ἀληθῆ
2037 3724 2351 3827 λέγοντα
2423 3731 2904 3829 προσκυνεῖν·
2887 3789 2908 3823 ,
3006 3727 3080 3808 τί

663 3849 904 3929 τοίνυν
959 3846 1257 3957 ἀφέντες
1307 3847 1442 3949 τὴν
1499 3847 1820 3952 ζήτησιν,
1876 3852 1994 3930 καὶ
2049 3847 2182 3949 τὴν
2238 3850 2318 3930 ἐκ
2374 3855 2519 3931 τῶν
2575 3854 2782 3952 ἱερῶν
2836 3884 3074 3953 γραμ-

661 3968 910 4072 μάτων
972 3973 1504 4080 πληροφορίαν,
1563 3975 1682 4054 ἐπὶ
1753 3971 1982 4074 μόνην
2046 3973 2333 4079 οἴχεσθε
2408 3971 2542 4074 τὴν
2606 3974 3073 4079 κατάρῥησιν,

662 4098 781 4176 καὶ
846 4098 1275 4199 κατηγορίας
1334 4132 1393 4177 π
1455 4096 1472 4122 ’
1645 4131 1714 4176 ιν
1768 4097 2214 4198 ἐποιήσασθε
2275 4095 2408 4198 τὴν
2463 4094 2856 4199 ἀλήθειανς
2931 4099 3074 4180 ἔδει
3100 4129 3174 4188 30

666 4217 971 4328 Πιλάτῳ
1045 4221 1391 4321 λέγοντας
1464 4221 1561 4302 ’ὅτι
1639 4223 1762 4303 υἱὶν
1828 4224 2001 4302 Θεοῦ
2067 4221 2293 4304 ἕαυτόν
2358 4223 2678 4320 ἐποίησεν,
2739 4224 3078 4326 ἐγκαλεῖν
3207 4237 3208 4244 ’

322 2013 404 2143 ἐξ.
424 2030 489 2143 ἔό
662 1988 849 2066 οὕτω
893 1987 1134 2089 λέγων

734 4459 787 4514 3.
824 4442 883 4497 δε
906 4444 998 4498 τὸν
1022 4443 1085 4498 E.
1473 4463 1554 4518 19.
1590 4449 1857 4503 ποιοῦνται
1883 4446 1949 4502 Ε.
1972 4449 2191 4502 ποιεῖται
2218 4446 2322 4503 Ed.
2682 4463 2772 4503 22.
2807 4448 3074 4520 διισχυρῖ.

663 4516 832 4583 Corra:
860 4512 926 4568 E.
952 4513 1323 4596 διισχυρίζεται
1351 4514 1452 4570 Ed.
1872 4517 1958 4574 26.
1996 4517 2062 4584 ar)
2085 4535 2196 4574 om.
2222 4517 2289 4574 E.
2708 4531 2796 4592 27.
2833 4521 2978 4592 My·
3005 4519 3074 4576 R.

699 4584 882 4654 8.π)ν
905 4584 1056 4656 prius
1079 4601 1189 4640 om.
1218 4584 1284 4639 E.
