3269 5166
241 303 381 369 xix.
408 323 516 391 30.
808 305 926 372 IN
983 305 1054 372 S.
1100 305 1614 372 JOANNEM.
1707 305 1902 373 LIB.
1947 305 2111 374 XII.
2532 311 2654 376 101

245 468 639 550 διαπίπτον
689 470 929 574 χρείας
969 505 1050 552 τε
1084 473 1204 552 καὶ
1249 470 1564 578 χάριτος.
1642 471 1802 557 ἔθος
1848 480 2232 577 τοιγαροῦν
2267 471 2469 577 παρὰ
2511 479 2660 559 τοῖς

245 593 619 674 Ἰουδαίων
662 592 907 694 δήμοις
960 630 1038 677 τε
1095 597 1213 678 καὶ
1267 594 1683 698 ἡγουμένοις
1736 595 2009 701 ἐκράτει
2063 605 2410 678 τοιοῦτον·
2485 597 2659 678 ἐπα-
2686 606 2732 674 d

246 722 588 820 θροῦντες
620 717 762 823 γάρ
799 754 867 799 τι
892 719 1385 824 πραττόμενον
1422 719 1464 801 ὃ
1500 729 1757 803 λυπεῖν
1784 719 1895 802 ὅτι
1930 720 2262 822 μάλιστα
2286 720 2415 804 τὸν
2445 757 2659 822 νομο-

245 842 465 943 θέτην
500 840 744 943 ἐδόκει,
779 842 1006 947 ἤγουν
1041 842 1404 931 ἐπαΐοντές
1438 878 1508 925 τι
1543 852 1694 926 τῶν
1730 845 2283 953 ἀπηχεστάτων,
2318 845 2661 952 ῥημάτων

172 988 213 1051 5
247 964 328 1047 δὲ
358 964 696 1066 δηλονότι
727 970 915 1076 φημὶ
951 974 1098 1049 τῶν
1133 970 1533 1051 τελούντων
1558 976 1655 1054 εἰς
1680 970 2194 1078 βλασφημίαν,
2222 969 2353 1072 τὴν
2381 972 2661 1071 ἐσθῆτα

241 1090 864 1196 περιεῤῥήγνυντο,
929 1096 1050 1174 καὶ
1111 1091 1197 1175 τὸ
1261 1101 1410 1180 τοῖς
1468 1100 1820 1176 πενθοῦσι
1873 1095 2150 1199 πρέπον
2214 1094 2659 1177 ἐπλάττοντο

241 1219 532 1321 σχῆμα,
565 1216 1138 1321 ἀπολογούμενοι
1160 1216 1428 1322 τρόπον
1449 1218 1611 1299 τινὰ
1648 1216 1766 1298 διὰ
1800 1219 2057 1300 τούτου
2080 1222 2269 1329 Θεῷ,
2290 1223 2405 1300 καί
2436 1224 2530 1300 δι’
2559 1217 2661 1300 ὧν

240 1340 440 1446 ἔχειν
472 1338 761 1421 ἐδόκουν
795 1343 878 1421 οὐ
915 1348 1271 1448 φορητῶς,
1297 1346 1426 1442 τῆς
1467 1349 1612 1423 τῶν
1648 1342 2369 1444 πεπλημμεληκότων
2402 1345 2659 1444 μανίας

238 1462 738 1567 καθορίζοντες
781 1467 1002 1566 δίκην,
1041 1465 1182 1573 ἔξω
1219 1500 1296 1584 τε
1341 1464 1591 1567 πάσης
1628 1471 1757 1568 Τῆς
1794 1470 1910 1547 ἐπὶ
1947 1468 2221 1553 τούτοις
2259 1467 2486 1553 αἰτίας
2522 1467 2659 1569 τὴν

121 1631 207 1672 10
239 1588 512 1670 οἰκείαν
545 1587 796 1694 ὥσπερ
831 1588 1237 1690 ποιούμενοι
1268 1592 1619 1699 κεφαλήν.
1688 1594 1805 1672 καὶ
1842 1600 2021 1694 γοῦν
2054 1600 2183 1672 τοῦ
2212 1596 2548 1696 Σωτῆρος
2586 1597 2654 1673 οἶ

235 1716 587 1813 μαθηταὶ,
611 1714 996 1818 Βαρνάβας
1032 1712 1110 1794 δὲ
1145 1714 1342 1796 οὗτοι
1377 1718 1494 1795 καὶ
1519 1721 1843 1813 Παῦλος,
1871 1715 1988 1796 ὅτε
2014 1715 2192 1801 τινὲς
2221 1715 2478 1802 αὐτοὺς
2503 1724 2651 1798 τῶν
2679 1756 2716 1800 ο

236 1841 452 1921 οὔπω
501 1836 1080 1919 πεπιστευκότων
1134 1837 1482 1940 οἰηθέντες
1546 1836 1722 1920 εἶναι
1777 1839 1998 1924 θεούς·
2066 1850 2111 1887 “
2137 1839 2442 1921 ἐκάλουν
2508 1840 2653 1945 γὰρ

237 1974 292 2011 “
328 1960 462 2043 τὸν
487 1964 618 2062 μὲν
647 1962 1036 2066 Βαρνάβαν
1065 1963 1232 2062 Δία,
1261 1961 1388 2043 τὸν
1414 1961 1493 2044 δὲ
1523 1969 1828 2045 Παῦλον
1847 1965 2191 2067 Ἑρμῆν·”
2251 1971 2401 2048 τοῖς
2437 1968 2652 2068 ἱερεῦ-

237 2122 377 2169 σιν
433 2089 611 2186 ὁμοῦ
666 2087 925 2173 θυσίας
987 2091 1105 2168 καὶ
1159 2089 1542 2187 στέμματα
1598 2089 2184 2192 παρενεγκόντες,
2246 2089 2652 2194 ἐπεχείρουν

125 2243 206 2304 15
240 2212 388 2313 ἤδη
428 2214 543 2291 καὶ
581 2213 864 2299 θυσίαις
889 2219 1123 2311 τιμᾶν,
1152 2220 1281 2293 τοῦ
1321 2214 1679 2310 δωματίου
1713 2212 2371 2312 καταπηδήσαντες,
2403 2212 2528 2294 ἅτε
2562 2212 2651 2315 δὴ

239 2339 366 2417 καὶ
405 2341 533 2437 τῆς
580 2339 773 2423 θείας
814 2336 1031 2444 δόξης
1075 2335 1555 2437 ἀδικουμένης,
1599 2342 1658 2416 εἰ
1707 2343 2255 2441 προκομισθεῖεν
2292 2336 2482 2422 ὅλως
2525 2340 2653 2418 οἰν-

238 2462 562 2566 θρώποις
598 2462 862 2555 θυσίαι,
892 2462 1268 2570 διέῤῥηξαν
1294 2459 1385 2540 τὰ
1416 2459 1659 2561 ἱμάτια
1686 2464 1974 2561 ἑαυτῶν,
2003 2459 2189 2542 καθὰ
2224 2462 2649 2565 γέγραπται,

234 2590 361 2669 καὶ
400 2585 487 2668 τὸ
525 2585 793 2688 ἀμαθὲς
846 2594 995 2667 τῶν
1039 2588 1758 2692 εἰδωλολατρούντων
1792 2588 2178 2693 ἐγχείρημα
2228 2593 2374 2672 τοῖς
2420 2588 2645 2689 καθή-

2744 1870 2881 1920 Aeta
2901 1869 2990 1923 SS.

2744 1938 2847 2001 Ap.
2868 1937 2971 1987 xiv.

2750 2014 2770 2050 1
2783 2015 2827 2053 2.

2744 2120 2827 2173 st.
2858 2135 2935 2185 13.

2744 2500 2825 2553 Ib.
2854 2514 2931 2566 ¹4·

235 2746 504 2793 κουσιν
578 2711 1057 2814 ἀπεκρούοντο
1129 2711 1401 2815 λόγοις.
1482 2713 1898 2816 κρινομένου
1971 2711 2046 2793 δὲ
2120 2719 2249 2792 τοῦ
2316 2717 2653 2816 Σωτῆρος
2678 2742 2712 2782 ⁸
2729 2729 2897 2785 10⁷3
2909 2728 2990 2786 A·

125 2878 210 2920 πο
238 2838 450 2937 ἡμῶν
499 2840 833 2938 Χριστοῦ
878 2833 1077 2940 παρὰ
1122 2842 1272 2922 τοῖς
1313 2835 1677 2916 Ἰουδαίων
1727 2842 2190 2938 καθηγηταῖς,
2244 2840 2362 2916 καὶ
2416 2837 2521 2921 τίς
2572 2871 2653 2916 τε

232 2959 348 3061 εἴη
398 2964 514 3039 καὶ
566 2959 788 3041 πόθεν
843 2960 1208 3042 διδάσκειν
1260 2959 1798 3058 ἀπαιτουμένου,
1856 2955 2197 3063 λέγοντός
2255 2992 2329 3038 τε
2387 2966 2653 3065 σαφῶς

234 3093 286 3132 “
321 3082 566 3183 Ἀμὴν
602 3084 795 3187 λέγω
832 3086 1024 3184 ὑμῖν,
1066 3082 1189 3164 ἀπ’
1229 3083 1392 3188 ἄρτι
1428 3083 1712 3190 ὄψεσθε
1749 3081 1876 3164 τὸν
1915 3081 2066 3164 υἱὸν
2100 3090 2229 3164 τοῦ
2265 3082 2651 3186 ἀνθρώπου

232 3218 286 3257 “
320 3205 727 3308 καθήμενον
761 3210 841 3288 ἐκ
892 3207 1145 3315 δεξιῶν
1177 3211 1305 3308 τῆς
1341 3205 1707 3307 δυνάμεως
1757 3210 1874 3287 καὶ
1920 3203 2304 3312 ἐρχόμενον
2341 3210 2455 3287 ἐπὶ
2503 3213 2651 3288 τῶν

230 3343 283 3381 “
324 3338 658 3439 νεφελῶν
720 3340 848 3412 τοῦ
922 3333 1285 3436 οὐρανοῦ,”
1349 3338 1496 3413 τῶν
1561 3337 1768 3437 ἱερῶν
1832 3329 2307 3433 ἀναπήδησας
2368 3332 2649 3441 δίφρων

122 3494 204 3556 25
233 3459 280 3538 ὃ
341 3454 689 3562 Καὶᾶφας
745 3467 788 3506 ‘⁶
818 3456 1137 3564 διέῤῥηξε
1191 3454 1286 3537 τὰ
1340 3453 1586 3556 ἱμάτια
1648 3457 1901 3537 ἑαυτοῦ
1960 3453 2204 3559 λέγων
2252 3454 2642 3564 Ἐδυσφή-

230 3594 282 3632 “
316 3582 629 3684 μησεν.”
701 3583 839 3664 ἔθει
903 3590 1286 3686 τοιγαροῦν
1341 3583 1445 3690 τῷ
1507 3580 1678 3684 παρ’
1729 3581 1969 3665 αὐτοῖς
2027 3579 2473 3684 κρατήσαντι
2530 3583 2648 3661 καὶ

229 3706 457 3792 αὐτὸς
512 3709 553 3788 ὁ
609 3713 792 3793 θεῖος
843 3705 1093 3811 ὥσπερ
1150 3705 1514 3812 ἐχρήσατο
1563 3704 1752 3803 ναὸς,
1789 3703 2174 3812 διαῤῥήξας
2230 3708 2326 3789 ὡς
2366 3701 2649 3803 ἱμάτιον

227 3833 320 3915 τὸ
378 3831 562 3912 ἴδιον
611 3832 1155 3931 καταπέτασμα,
1205 3838 1334 3909 τοῦ
1374 3834 1711 3932 Σωτῆρος
1765 3830 1968 3930 ἡμῶν
2023 3828 2227 3914 εὐθὺς
2276 3828 2639 3910 ἀποπνεύ-

227 3991 530 4041 σαντος.
608 3961 737 4056 τῆς
771 3955 916 4060 γὰρ
948 3953 1315 4035 Ἰουδαίων
1351 3951 1773 4060 ἀφιλοθεΐας
1819 3952 2346 4060 κατεψηφίζετο
2382 3952 2514 4053 τὴν
2550 3959 2648 4038 εἰς

120 4108 205 4167 30
227 4081 457 4164 αὑτὸν
510 4082 971 4176 δυσσέβειαν.
1068 4081 1222 4186 θείᾳ
1279 4077 1355 4158 δὲ
1410 4077 1500 4178 δὴ
1553 4076 1840 4162 πάντως
1893 4079 2205 4185 ἐνεργείᾳ
2261 4080 2376 4156 καὶ
2431 4085 2644 4157 τοῦτο
2672 4101 2713 4167 b

226 4210 661 4310 ἐπληροῦτο,
705 4204 824 4284 ἵνα
874 4209 1278 4285 πενθοῦντα
1329 4201 1459 4283 τὸν
1491 4201 1805 4305 Ἰσραὴλ
1860 4204 1978 4282 καὶ
2038 4198 2258 4281 αὐτὸν
2312 4201 2479 4301 ἡμῖν
2516 4202 2645 4282 τὸν

225 4329 441 4435 ἅγιον
476 4327 797 4436 ἐπιδείξῃ
834 4327 1031 4409 ναόν.

303 4524 355 4562 2.
379 4509 620 4562 τοιοῦτον
641 4512 984 4578 assumptum
1009 4521 1075 4559 ex
1102 4502 1170 4558 E.
1460 4518 1514 4572 3.
1551 4523 1601 4555 τι
1627 4500 1693 4556 Ε.
1720 4499 1926 4571 Migne.
1950 4521 2032 4554 τοι
2058 4499 2163 4554 Ed.
2477 4512 2562 4550 20.
2589 4518 2645 4551 τε

227 4588 578 4651 assumptum
603 4593 670 4632 ex
700 4575 767 4630 E.

2737 3088 2985 3141 SMatth.

2738 3157 2877 3208 xxvi.
2892 3154 2972 3222 64.

2737 3488 2819 3539 lb.
2841 3488 2925 3552 65.
