3269 5166
275 342 385 385 xx.
418 322 523 400 26,
549 341 654 407 27.
746 323 862 388 IN
922 324 991 388 S.
1038 324 1551 392 JOANNEM.
1643 327 1840 393 LIB.
1886 326 2048 395 XII.
2119 329 2414 397 CARI.
2550 331 2678 399 14⁷

269 492 402 564 τοῦ
476 486 818 587 σώματος
890 488 1298 569 ἀνάστασιν
1372 489 1672 572 ἔσεσθαι
1746 496 2184 595 προσδοκᾶν,
2261 501 2317 574 εἰ
2390 493 2491 595 μὴ
2566 495 2675 577 ὅτι
2703 520 2747 585 b

267 615 525 689 πᾶσαν
561 613 1074 712 ἀποβεβληκὸς
1122 612 1495 695 ἀσθένειάν
1529 648 1608 693 τε
1647 619 1761 696 καὶ
1806 617 2090 714 ἀτιμίαν
2126 616 2258 717 τὴν
2296 616 2440 699 ἀπὸ
2479 625 2667 725 φθο-

267 739 400 835 ρᾶς
461 737 578 815 καὶ
638 742 916 828 παθῶν,
979 743 1076 822 εἷς
1139 733 1273 835 τὴν
1332 737 1422 844 ἐξ
1474 740 1700 843 ἀρχῆς
1760 742 2263 844 ἀναδραμεῖται
2326 743 2666 842 ποίησιν;

267 858 651 958 ποτοίηται
705 859 848 963 γὰρ
905 862 1033 941 οὐκ
1078 862 1190 941 ἐπὶ
1229 861 1515 970 θανάτῳ
1567 865 1684 942 καὶ
1733 869 1998 970 φθορᾷ.
2070 864 2306 963 ἐπειδὴ
2362 864 2438 946 δὲ
2493 867 2675 970 πρὸς

203 1005 242 1067 5
267 984 777 1088 πληροφορίαν
811 989 1023 1088 σαφῆ
1070 988 1186 1064 καὶ
1222 993 1433 1064 τοῦτο
1469 981 1823 1091 ἐξῄτησεν
1861 987 1901 1065 5
1940 992 2232 1084 Θωμᾶς,
2271 989 2675 1091 ἀναγκαίως

268 1107 310 1184 5
353 1106 621 1208 Κύριος
676 1106 877 1206 ἡμῶν
911 1110 1196 1209 Ἰησοῦς
1246 1110 1286 1187 5
1324 1107 1651 1211 Χριστὸς
1705 1109 2084 1213 πρόφασιν
2139 1114 2468 1211 οὐδεμίαν
2520 1122 2674 1198 ταῖς

267 1230 639 1333 ἡμετέραις
699 1232 1228 1333 ὀλιγοπιστίαις
1290 1230 1620 1329 ἐνδιδοὺς,
1678 1235 1773 1316 ὡς
1837 1232 2175 1336 ἐζήτησεν
2237 1240 2426 1332 ἰδεῖν,
2489 1239 2674 1317 οὕτω

266 1356 388 1433 καὶ
437 1355 786 1459 φαίνεται,
822 1357 1080 1436 ἐπείτοι
1138 1359 1254 1448 καὶ
1299 1362 1400 1440 εἰς
1455 1355 1675 1435 αὐτὸν
1712 1358 2118 1451 ἀναβαίνων
2173 1358 2300 1436 τὸν
2350 1359 2674 1461 οὐρανὸν,

266 1480 387 1558 καὶ
440 1477 803 1581 γνωρίζων
838 1487 992 1562 ταῖς
1047 1478 1194 1560 ἅνω
1238 1478 1651 1578 δυνάμεσιν,
1700 1482 1950 1584 ἀρχαῖς
1997 1515 2073 1560 τε
2121 1485 2238 1560 καὶ
2285 1482 2669 1589 ἐξουσίαις,
2700 1526 2735 1569 e

159 1641 244 1685 10
267 1605 388 1681 καὶ
442 1609 589 1686 τοῖς
644 1608 790 1681 τῶν
835 1604 1241 1705 ἀγγελικῶν
1286 1603 1675 1702 ταγμάτων
1729 1601 2218 1708 προεστηκόσι
2275 1610 2393 1687 καὶ
2446 1641 2665 1709 προε-

265 1726 620 1828 δρεύουσι,
660 1735 787 1806 τοῦ
838 1728 1002 1806 καθ’
1058 1724 1309 1807 ἑαυτὸν
1351 1730 1753 1829 μυστηρίου
1804 1726 1938 1827 τὴν
1983 1727 2303 1828 δύναμιν,
2356 1732 2430 1809 ἐν
2480 1732 2675 1839 αὐτῷ

265 1849 357 1949 δὴ
412 1849 643 1959 τούτῳ
700 1852 1096 1956 διεφαίνετο
1149 1850 1374 1931 πάλιν
1418 1857 1520 1959 τῷ
1573 1850 1919 1955 σχήματι,
1959 1852 2075 1931 ἵνα
2130 1851 2218 1954 δὴ
2276 1857 2390 1933 καὶ
2449 1853 2674 1938 ὅντως

265 1973 649 2078 ἄνθρωπόν
690 2009 767 2055 τε
823 1973 1156 2077 γενέσθαι
1213 1976 1298 2055 δι’
1339 1974 1523 2073 ἡμᾶς
1578 1973 2061 2056 πιστεύσειαν
2091 1975 2218 2057 τὸν
2265 1979 2343 2057 ἐκ
2381 1975 2673 2081 Πατρός

264 2133 346 2178 τε
402 2101 520 2178 καὶ
574 2102 650 2179 ἐν
705 2103 940 2202 Πατρὶ
993 2096 1257 2203 Λόγον,
1314 2103 1429 2179 καὶ
1490 2103 1728 2179 εἰδεῖεν
1788 2098 1898 2179 ὅτι
1952 2101 2315 2200 τοσαύτην
2369 2109 2673 2182 ποιεῖται

158 2258 239 2321 15
265 2230 415 2303 τῶν
470 2224 664 2304 ἰδίων
722 2222 1137 2322 κτισμάτων
1190 2222 1323 2321 τὴν
1378 2221 1749 2325 πρόνοιαν,’
1801 2227 1898 2309 ὡς
1960 2227 2076 2303 καὶ
2144 2229 2273 2324 τῆς
2328 2222 2673 2330 ἡμετέρας

263 2347 739 2451 προτεθνιὶναι
795 2347 997 2451 ζωῆς.
1082 2345 1258 2449 ὑπὲρ
1309 2346 1383 2426 δὲ
1427 2354 1555 2425 τοῦ
1611 2349 2079 2453 σαφεστέραν
2133 2349 2470 2450 γενέσθαι
2525 2357 2673 2433 τοῖς

265 2470 738 2575 ἀκροωμένοις
783 2479 912 2551 τοῦ
957 2470 1183 2575 λόγου
1233 2470 1365 2568 τὴν
1403 2467 1724 2569 δύναμιν,
1762 2470 1944 2550 αὐτὰ
1979 2471 2387 2576 παραθήσω
2425 2471 2516 2553 τὰ
2555 2473 2671 2554 διὰ
2696 2489 2739 2552 d

265 2600 515 2702 φωνῆς
551 2594 871 2677 Ησαιου
913 2630 1075 2699 περι
1118 2594 1392 2675 τούτων
1427 2597 1663 2675 αὐτῶν
1700 2596 2050 2698 εἰρημένα.
2128 2598 2321 2701 λεγει
2368 2632 2666 2702 τοιγαρ-

265 2727 395 2799 οῦν
430 2730 478 2768 “
506 2720 637 2804 Τίς
682 2720 884 2805 οὗτος
923 2720 965 2799 5
999 2716 1564 2823 παραγινόμενος
1601 2718 1692 2825 ἐξ
1716 2717 1984 2819 Ἐδωμ,
2023 2722 2395 2825 ἐρύθημα’
2374 2723 2670 2820 ιματίων
2759 2740 2845 2793 ΕΒ
2865 2740 2993 2791 lxiii·

157 2856 311 2922 20“
347 2846 568 2925 αὐτοῦ
622 2847 700 2924 ἐκ
758 2843 1107 2948 Βοσόρ·”
1038 2907 1059 2940 ,
1165 2845 1333 2924 ἀλλ’
1374 2849 1438 2924 οἱ
1496 2853 1725 2924 ταῦτα
1778 2851 2089 2939 βοῶντες
2145 2848 2262 2924 καὶ
2317 2845 2667 2948 λέγοντες,

265 2973 476 3119 φημι
494 2967 583 3068 δὴ
619 2966 702 3050 τό
740 2968 867 3053 Τίς
907 2968 1113 3054 ουτος
1150 2970 1189 3047 5
1232 2966 1798 3071 παραγινόμενος
1851 2968 1941 3074 ἐξ
1970 2967 2239 3067 Ἐδὼμ,
2296 2969 2670 3050 τουτέστιν

263 3095 344 3172 ἐκ
380 3096 535 3195 γῆς,
574 3092 876 3195 αγγελοι
924 3096 1041 3172 καὶ
1078 3090 1401 3191 δυναμεις
1443 3094 1583 3172 εισὶ
1630 3092 1938 3193 λογικαί·
2001 3092 2484 3185 ἀναβαίνοντα
2527 3091 2672 3197 γὰρ

262 3214 753 3320 θαυμάῷυσιν
814 3251 912 3302 εις
972 3250 1311 3319 ουρανους
1362 3215 1490 3297 τὸν
1560 3213 1855 3319 Κύριον.
1947 3212 2168 3315 μόνον
2224 3213 2301 3295 δὲ
2357 3217 2514 3322 οὐχὶ
2569 3223 2671 3326 τῷ

261 3342 420 3449 ἰδίῳ
477 3341 1030 3447 πεφοινιγμένον
1085 3340 1329 3440 αἵματι
1384 3337 1795 3437 βλέποντες,
1834 3339 2137 3442 λέγουσι
2191 3339 2375 3443 πρὸς
2431 3339 2669 3439 αὐτὸν,

151 3500 234 3561 25
261 3467 467 3546 οὔπω
503 3462 835 3549 συνέντες
888 3464 973 3544 τὸ
1021 3462 1421 3566 μυστήριον
1479 3464 1760 3543 “Διατί
1789 3498 1931 3544 σου
1967 3462 2228 3569 ἐρυθρὰ
2274 3463 2367 3544 τά
2407 3464 2667 3563 ἱμάτια,
2758 3489 2839 3541 Ib.
2858 3504 2905 3542 α.

261 3603 308 3640 “
347 3593 466 3671 καὶ
520 3588 613 3670 τὰ
667 3586 1021 3689 ἐνδύματά
1064 3622 1204 3667 σου
1242 3591 1338 3671 ὡς
1376 3585 1519 3667 ἀπὸ
1568 3597 1890 3686 πατητοῦ
1941 3597 2165 3689 ληνοῦ
2192 3591 2262 3684 ;”
2322 3589 2489 3697 οἴνῳ
2526 3587 2667 3694 γὰρ
2692 3625 2728 3668 o

257 3717 598 3816 μάλιστα
662 3719 764 3821 τῷ
831 3712 965 3821 νέῳ
1031 3718 1146 3792 καὶ
1212 3711 1372 3814 ἄρτι
1436 3710 1910 3819 πεπατημένῳ
1979 3710 2113 3810 τὴν
2176 3719 2304 3792 τοῦ
2373 3713 2668 3811 αἵματος

257 3841 597 3944 εὔχροιαν
650 3835 1239 3940 παραβάλλουσι.
1321 3837 1436 3914 καὶ
1493 3834 1570 3913 τί
1621 3832 1802 3938 πρός
1869 3834 2123 3920 αὐτοὺς
2189 3836 2229 3915 5
2283 3834 2660 3936 Χριστός-ς

255 3970 555 4067 πρῶτον
600 3996 732 4060 μεν
769 3995 883 4041 ινα
919 3963 1165 4059 νοῆται
1203 3957 1385 4039 κατὰ
1424 3958 1655 4066 φύσιν
1702 3958 2047 4063 ὑπάρχων
2084 3955 2271 4043 Θεός
2320 3969 2364 4006 “
2389 3955 2662 4059 Εγω,”
2752 3990 2835 4041 n».
2857 4005 2901 4041 1.

1526 4083 1568 4111 θ’
1672 4078 1691 4107 Ι

149 4116 233 4176 30
257 4088 478 4195 φησὶ,
518 4096 562 4133 “
583 4083 1010 4187 διαλέγομαι
1046 4082 1527 4185 δικαιοσύνην,
1607 4116 1692 4162 το
1729 4081 2181 4186 Διαλέγομαι
2222 4078 2473 4181 πάλιν,
2512 4083 2668 4160 ἀντὶ

335 4362 675 4448 ’μδζῆ-ι-ησεν
699 4359 765 4415 Ε.
794 4359 917 4416 Sev.
943 4358 1195 4429 ἐξῆτησεν
1220 4358 1324 4414 Ed.
1512 4357 1850 4429 26-p.148‚
1881 4374 1964 4414 10.
1994 4356 2142 4414 Haec
2166 4358 2294 4413 citat
2319 4356 2521 4411 Catena
2543 4355 2665 4426 pul·

256 4378 529 4492 chen-ima
553 4450 610 4487 m
635 4443 868 4514 quatuor
893 4431 1222 4501 prophetas
1210 4449 1266 4485 m
1289 4430 1422 4487 bibl.
1450 4430 1508 4485 S.
1528 4377 1845 4485 Laurpoutiae
1872 4429 2175 4484 Florentiua
2202 4430 2371 4501 (Plut.
2398 4445 2449 4481 v.
2475 4430 2534 4496 9)
2560 4441 2666 4479 sec.

255 4508 484 4562 1.fol.1
499 4522 518 4559 1
587 4521 642 4566 V,
667 4501 771 4557 sub
795 4502 954 4557 titulo
979 4523 1072 4573 κυρ
1074 4503 1228 4556 ι’λλου
1252 4501 1309 4557 ἐκ
1331 4505 1427 4556 τοῦ
1451 4501 1578 4555 κατὰ
1599 4502 1794 4556 λουκᾶν
1816 4500 2140 4572 εὐαγγελίου.
2456 4508 2540 4569 27.
2575 4516 2668 4548 πε-

255 4577 538 4650 πονημένην
600 4581 656 4640 -Ι-
688 4574 744 4629 ἐν
766 4575 841 4647 τῷ
862 4575 1005 4646 ληνῷ
1032 4523 1153 4628 Cat.
1179 4572 1268 4628 cit.
2375 4605 2383 4614 -
2646 4603 2657 4612 —
