3269 5166
224 369 626 454 xix.17,18-
804 372 920 437 IN
975 370 2633 441 S.JOANNEM.L113.X11.81

226 537 469 636 αὐτῆς,
516 538 699 618 κατὰ
746 574 830 619 το
886 542 963 620 ἐν
1011 544 1342 646 ψαλμοῖς
1396 540 1962 649 μελωδούμενον,
2021 550 2149 621 τοῦ
2198 538 2299 639 μὴ
2347 539 2636 645 ἔχοντος

206 660 582 762 ’ἁμαρτίαν
648 663 824 765 ὑπὲρ
886 667 1015 763 τῆς
1080 663 1423 744 ἁπάντων
1484 665 1834 767 ἁμαρτίας
1909 663 2628 762 καταδεδικασμεἍνου

226 783 476 885 ὀνήσει
526 784 603 866 δὲ
637 785 936 894 σφόδρα
972 785 1102 872 τὰς
1138 787 1478 892 ἡμετέρας
1517 786 1765 897 ψυχὰς
1800 787 1886 868 τὸ
1923 790 2039 869 ἐπὶ
2074 792 2382 894 Χριστῷ
2433 820 2626 868 τετε-

223 908 606 1008 λεσμένον,
645 916 741 995 εὶς
794 913 1022 993 τύπον
1076 913 1404 1015 ἀνδρείας
1460 915 1647 1018 φημὶ
1704 912 1794 1012 δὴ
1850 916 1979 1012 τῆς
2033 914 2186 992 κατ’
2234 912 2629 1006 εὐσέβειαν.

160 1054 197 1116 5
222 1032 598 1138 περιέσται
656 1034 801 1138 γὰρ
862 1033 1058 1134 οἶμαι
1119 1035 1287 1118 καθ’
1356 1036 1597 1140 ἕτερον
1653 1038 1820 1137 ἡμῖν
1879 1034 2126 1117 οὐδένα
2182 1035 2451 1139 τρόπον
2508 1040 2634 1135 τῆς

222 1158 674 1259 τελειότητος
713 1161 1093 1267 ἐφικέσθαι
1137 1168 1281 1241 τῶν
1318 1164 1636 1263 ἀγαθῶν,
1674 1164 1789 1242 καὶ
1835 1166 1962 1261 τῆς
2004 1161 2188 1265 πρὸς
2226 1160 2419 1241 Θεὸν
2454 1162 2625 1239 ὀλο-

221 1291 482 1368 τελοῦς
533 1283 875 1383 ἑνῶσεως,
922 1291 982 1366 εἶ
1025 1284 1127 1385 μὴ
1181 1288 1309 1385 τῆς
1360 1286 1675 1387 ἐπιγείου
1729 1286 1908 1390 ζωῆς
1964 1288 2228 1383 ἀμείνω
2283 1319 2360 1365 τε
2414 1319 2625 1383 ποιη-

220 1408 544 1506 σαίμεθα
598 1406 730 1508 τὴν
787 1416 884 1494 εἷς
939 1410 1161 1490 αὐτὸν
1218 1409 1616 1511 ἀγάπησιν,
1674 1415 1792 1490 καὶ
1850 1414 2446 1514 προκινδυνεῦσαι
2506 1412 2632 1506 τῆς

220 1531 566 1631 ἀληθείας
609 1530 975 1634 ἐθέλοιμεν
1007 1532 1551 1635 προθυμότατα,
1593 1542 1989 1618 καλοῦντος
2039 1534 2224 1633 ἡμᾶς
2273 1537 2369 1615 εἷς
2420 1540 2631 1612 τοῦτο

114 1695 196 1734 10
221 1665 499 1761 καιροῦ.
580 1659 698 1738 καὶ
752 1667 931 1761 γοῦν
985 1661 1027 1738 ὁ
1087 1659 1351 1761 Κύριος
1409 1659 1611 1758 ἡμῶν
1648 1661 1933 1759 Ἰησοῦς
1983 1662 2024 1737 ὁ
2061 1653 2407 1761 Χριστὸς,
2463 1664 2625 1754 πᾶς,
2652 1696 2687 1736 a
2709 1681 2968 1737 1058A.

222 1781 481 1886 φησὶν,
519 1791 561 1828 “
600 1779 678 1866 ὃς
711 1784 795 1862 οὐ
836 1782 1201 1883 λαμβοίνει
1255 1780 1382 1862 τὸν
1437 1783 1760 1887 σταυρὸν
1801 1783 2019 1863 αὐτοῦ
2075 1785 2192 1862 καὶ
2247 1783 2633 1861 ἀκολουθεῖ
2716 1792 2970 1921 Ξ-ξὲῑὼ·

222 1913 270 1951 “
297 1905 540 1986 ὀπίσω
574 1941 714 2006 μου
742 1908 868 1987 οὐκ
907 1906 1068 1988 ἔστι
1103 1942 1245 2008 μου
1280 1906 1540 2014 ἅξιος·”
1606 1906 1693 1988 τὸ
1729 1907 1804 1988 δὲ
1842 1914 2097 2002 λαβεῖν
2130 1907 2258 1987 τὸν
2286 1940 2629 2009 σταυρον,

222 2026 431 2108 οὐδὲν
490 2027 686 2129 οἶμαι
749 2031 1127 2131 σημαίνειν
1192 2031 1451 2136 ἕτερον,
1512 2030 1559 2133 ἢ
1625 2030 1710 2112 τὸ
1769 2032 2279 2139 ἀποτάξασθαι
2342 2029 2475 2129 μὲν
2529 2036 2633 2137 τῷ

221 2151 482 2263 κόσμῳ
535 2155 653 2235 διὰ
701 2155 915 2255 Θεὸν,
964 2158 1298 2260 δευτέραν
1354 2154 1432 2236 δὲ
1487 2163 1633 2237 τῶν
1688 2160 1763 2237 ἐν
1818 2158 2113 2237 ἐλπίσιν
2163 2157 2459 2257 ἀγαθῶν
2515 2158 2633 2233 καὶ

114 2298 195 2358 15
221 2278 450 2378 αὐτὴν
503 2287 865 2362 ποιεῖσθαι
921 2276 1053 2380 τὴν
1105 2280 1288 2382 μετὰ
1342 2280 1683 2382 σώματος
1738 2287 1797 2361 εἰ
1844 2279 2050 2386 τύχοι
2096 2278 2301 2383 ζωήν.
2378 2281 2547 2358 ἀλλ’
2591 2280 2631 2357 ὁ

219 2402 355 2502 μὲν
395 2402 663 2507 Κύριος
699 2404 903 2504 ἡμῶν
936 2406 1226 2505 Ἰησοῦς
1263 2406 1304 2485 ὁ
1339 2403 1668 2509 Χριστὸς
1705 2403 1832 2484 τὸν
1867 2404 2035 2505 ἡμῖν
2071 2404 2440 2507 πρέποντα
2479 2407 2632 2483 δια-

221 2527 532 2634 κομίζων
567 2528 887 2634 σταυρὸν
925 2529 1054 2609 οὐκ
1103 2530 1412 2637 ἐρυθριᾷ,
1464 2531 1583 2610 καὶ
1632 2537 1846 2610 τοῦτο
1900 2528 2155 2611 παθὼν
2193 2527 2311 2609 διὰ
2365 2526 2499 2628 τὴν
2535 2533 2633 2612 εἷς

219 2654 410 2754 ἡμᾶς
445 2654 845 2756 ἀγοίπησιν·
913 2654 1114 2754 ἡμεῖς
1153 2652 1230 2734 δὲ
1273 2660 1340 2735 οἱ
1376 2655 1704 2752 δείλαιοι,
1748 2656 1977 2735 καίτοι
2011 2655 2283 2757 μητέρα
2319 2653 2451 2753 τὴν
2490 2652 2628 2733 ὑπὸ

219 2775 454 2862 πόδας
503 2781 796 2878 ταυτηνὶ
847 2782 964 2859 καὶ
1009 2780 1450 2880 ἀναίσθητον
1487 2778 1767 2884 ἔχοντες
1803 2783 1964 2881 γῆν,
2003 2781 2120 2858 καὶ
2176 2781 2251 2857 ἐκ
2307 2786 2436 2857 τοῦ
2490 2812 2626 2875 μη-
2652 2800 2694 2864 b

108 2934 195 2975 20
220 2900 425 2988 δενός
462 2908 560 2985 εἰς
594 2900 679 2983 τὸ
716 2900 892 2983 εἶναι
935 2903 1376 3003 κεκλημένοι,
1414 2910 1559 2984 τῶν
1603 2903 1780 3008 ὑπὲρ
1829 2908 1957 3002 τῆς
2005 2902 2370 2998 εὐσεβείας
2421 2902 2628 3002 ἱδρώ-

218 3061 370 3107 των
420 3027 573 3106 οὐδ’
614 3024 797 3108 ὅσον
847 3029 1220 3129 ἀποθίγειν
1276 3031 1804 3128 ἀποτολμῶμεν
1859 3027 2021 3109 ἔσθ’
2065 3027 2202 3123 ὅτε,
2254 3023 2454 3105 ἀλλὰ
2511 3029 2627 3104 καὶ

220 3150 290 3230 εἴ
318 3184 389 3230 τι
424 3150 704 3253 γένοιτο
737 3157 993 3232 παθεῖν
1029 3150 1145 3231 διὰ
1181 3150 1312 3253 τὴν
1348 3158 1445 3236 εἶς
1480 3149 1811 3256 Χριστὸν
1846 3151 2236 3249 εὐσέβειαν,
2259 3148 2627 3256 ἀφόρητον

220 3273 432 3359 εὐθὺς
493 3274 888 3374 ποιούμεθα
951 3272 1084 3374 τὴν
1143 3275 1519 3381 αἰσχύνην,
1574 3279 1692 3357 καὶ
1759 3274 1887 3356 τὸν
1947 3282 2092 3356 τῶν
2156 3275 2241 3353 δι’
2305 3273 2624 3357 ἐναντίας

219 3400 382 3501 ἤτοι
418 3406 565 3479 τῶν
600 3399 951 3480 εἰωθότων
988 3405 1449 3506 φιλοψογεῖν,
1480 3404 1575 3483 ὡς
1614 3397 1945 3505 ὀλέθριόν
1981 3435 2050 3480 τι
2086 3403 2330 3505 χρῆμα
2366 3432 2624 3501 παραι-

112 3558 194 3621 25
222 3522 552 3623 τούμενοι
600 3523 913 3626 γέλωτα,
949 3528 1077 3623 τῆς
1130 3525 1383 3626 ὀλίγης
1420 3527 1726 3624 ταυτησὶ
1763 3527 1880 3605 καὶ
1922 3526 2372 3629 προσκαίρου
2409 3529 2625 3629 φιλο-

223 3648 474 3755 δοξίας
528 3646 826 3730 κατόπιν
859 3637 1109 3734 ἐῶντες
1162 3648 1246 3728 τὸ
1293 3653 1547 3729 δοκοῦν
1594 3654 1699 3757 τῷ
1746 3651 1933 3755 Θεῷ,
1969 3649 2101 3749 τὴν
2136 3648 2492 3744 ἁπάντων,
2529 3652 2625 3732 ὡς

222 3772 394 3856 ἔπος
429 3777 666 3869 εῖπεῖν,
702 3772 974 3875 μητέρα
1009 3779 1155 3852 τῶν
1192 3779 1429 3853 κακῶν
1466 3782 1819 3871 νοσοῦμεν
1856 3775 2281 3878 ὑπεροψίαν,
2326 3776 2440 3852 καὶ
2475 3778 2622 3856 τοῖς
2649 3805 2684 3846 e

219 3898 545 3976 ἐντεῦθεν
580 3896 989 3998 ἐγκλήμασι
1043 3899 1586 4000 περιπίπτομεν.
1667 3896 1843 4001 ὑπὲρ
1893 3896 2039 4001 γὰρ
2093 3895 2222 3977 τὸν
2270 3896 2512 3999 κύριον
2558 3902 2624 3977 οἱ
2714 3926 2964 3985 cfiiba4.

220 4025 494 4118 δοῦλοι,
551 4023 666 4100 καὶ
718 4018 896 4123 ὑπὲρ
945 4016 1073 4101 τὸν
1122 4020 1569 4101 διδοῖσκαλον
1612 4026 1678 4100 οἱ
1725 4026 2065 4122 μαθηταὶ,
2109 4019 2509 4126 φρονοῦμέν
2546 4056 2623 4101 τε

111 4181 192 4238 30
218 4149 340 4228 καὶ
398 4144 834 4247 πράττομεν.
905 4147 1074 4224 ἀλλ’
1132 4145 1194 4224 ὦ
1248 4149 1376 4244 τῆς
1431 4148 1619 4225 οὕτω
1679 4148 1908 4245 δεινῆς
1972 4147 2364 4243 ἀσθενείας,
2424 4145 2625 4247 παρὰ

215 4270 451 4353 πόδας
505 4269 675 4370 ἡμῖν
723 4270 851 4348 οὐκ
907 4265 1044 4349 οἷδ’
1085 4269 1279 4355 ὅπως
1333 4270 1670 4371 κειμένης,
1710 4272 1826 4349 καὶ
1871 4275 1999 4370 τῆς
2048 4279 2175 4350 τοῦ
2225 4272 2623 4374 πρέποντος

216 4395 446 4498 θήρας
482 4392 1127 4502 ἀποσφαλλούσης
1157 4394 1287 4474 τὸν
1326 4402 1518 4475 νοῦν.

287 4572 340 4622 4.
378 4553 439 4608 δι’
466 4568 566 4623 pro
591 4551 656 4622 δη
684 4550 751 4606 Ε.
1124 4568 1204 4606 11.
1243 4552 1501 4622 ἀκολουθῆ
1530 4553 1595 4609 Ε.
1922 4569 2006 4607 21.
2044 4552 2312 4623 ἀποθίγειν
2337 4552 2401 4605 Ε.
2427 4549 2593 4620 ἀποθὴ
2597 4577 2625 4589 -

212 4648 324 4698 γαν
344 4625 449 4680 Ed.
744 4639 831 4690 24.
869 4643 921 4676 τι
947 4620 1015 4678 Ε.
1039 4621 1243 4695 Migne.
1270 4646 1326 4678 τε
1350 4621 1497 4678 Aub.
1788 4640 1872 4695 30.
1909 4626 2048 4695 παρὰ
2079 4624 2140 4679 E.
2162 4624 2282 4694 περὶ
2307 4621 2412 4678 Ed.

296 4727 444 4774 voL.
479 4725 588 4772 ΠΙ.
1417 4726 1469 4771 Μ
