3269 5166
232 342 366 407 xix.
396 343 503 424 28,
532 364 637 432 29.
784 345 902 409 IN
962 345 1029 412 S.
1077 344 1601 411 JOANNEM.
1692 344 1889 410 LIB.
1936 344 2101 409 XII.
2569 346 2655 408 93

232 513 461 590 ἐκεῖνο
497 510 586 610 δὴ
627 509 958 609 μάλιστα
1002 516 1252 613 καιροῦ
1289 508 1932 614 συνταραττούσας
1968 509 2192 611 αὐτὴν
2225 510 2498 594 ἐννοίας
2536 512 2651 590 ἐπὶ

233 636 342 744 τῷ
376 636 589 742 τιμίῳ
627 640 969 744 σταυρῷς
1029 633 1228 719 εἰδὼς
1265 635 1393 714 οὖν
1415 635 1556 738 ἄρα
1580 633 1745 720 τοὺς
1777 637 1853 715 ἐν
1882 635 2061 742 αὐτῇ
2101 632 2646 738 διαλογισμοὺς,

235 759 518 867 ἀρίστῳ
574 764 1040 866 μυσταγωγῷ
1093 759 1478 862 παρεδίδου
1532 764 1636 865 τῷ
1691 763 2004 866 μαθητῇ,
2042 759 2128 840 τὸ
2171 767 2302 840 τοῦ
2355 793 2601 860 μυστη
2616 805 2646 819 -

231 883 396 987 ρίου
437 880 668 973 βάθος
722 885 1210 986 ἐκδιηγεῖσθαι
1256 888 1498 967 καλῶς
1541 915 1619 961 τε
1676 884 1792 962 καὶ
1835 883 1965 962 οὐκ
2010 882 2357 967 ἀνικάνως
2392 884 2648 988 ἔχοντι.
2676 893 2720 957 d

160 1038 205 1098 5
233 1004 480 1114 σοφὸς
535 1005 680 1109 γὰρ
733 1005 825 1108 ἦν
879 1007 1105 1090 ὅντως
1160 1008 1278 1086 καὶ
1334 1004 1704 1109 θεολόγος,
1760 1004 1839 1090 ὃς
1895 1011 2014 1087 καὶ
2064 1008 2348 1114 δέχεταί
2399 1041 2474 1087 τε
2529 1011 2648 1087 καὶ

229 1131 648 1235 ἀποκομίζει
683 1132 980 1237 χαίρων,
1010 1137 1266 1212 πᾶσαν
1310 1131 1425 1210 ἐπ’
1467 1132 1649 1234 αὐτῇ
1683 1130 2104 1233 πληρώσων
2142 1140 2270 1212 τοῦ
2310 1136 2648 1237 Σωτῆρος

232 1254 376 1355 τὴν
410 1255 801 1355 βούλησιν.

225 1473 426 1540 Μετὰ
465 1479 662 1540 τοῦτο
688 1474 948 1540 Ἰησοῦς
985 1471 1146 1540 ἰδὼν
1184 1473 1311 1541 ἤδη
1349 1477 1450 1542 ὅτι
1487 1474 1703 1540 πάντα
1740 1474 2140 1555 τετέλεσται,
2176 1473 2285 1540 ἵνα
2320 1479 2644 1566 τελειωθῇ
2681 1481 2758 1538 28

342 1601 382 1664 ἡ
439 1601 682 1689 Γραφιῖι,
735 1601 909 1676 λὲΓει
960 1600 1177 1680 Διψῶ.
1247 1604 1480 1667 σκεῦος
1531 1601 1750 1667 ἔκειτο
1802 1599 2003 1669 ὄξους
2056 1601 2316 1677 μεστόν·
2370 1600 2648 1676 σπόΓι-ον
2684 1623 2759 1681 ²9

114 1752 206 1794 10
337 1722 454 1791 οὖν
508 1726 746 1803 μεστὸν
798 1727 992 1796 ὄξους
1047 1726 1337 1811 ὑσσώπῳ
1381 1726 1763 1817 περιθέντες
1807 1726 2258 1816 upum-'weram
2305 1728 2505 1793 αὐτοῦ
2550 1729 2647 1812 τῷ

342 1853 639 1931 στόματι.
2676 1865 2714 1909 0

354 2018 943 2124 Πεπληρωμένης
994 2018 1287 2121 ἁπάσης
1342 2018 1682 2115 ἀσεβείας
1737 2021 1851 2099 ἐπὶ
1907 2023 2216 2126 Χριστῷ
2264 2016 2463 2122 παρὰ
2518 2022 2647 2116 τῆς

227 2151 385 2225 τῶν
418 2145 783 2226 Ἰουδαίων
819 2143 1306 2246 ἀνοσιότητος,
1361 2147 1479 2224 καὶ
1535 2142 1798 2225 λοιπὸν
1848 2145 2309 2227 ἐλλείποντος
2363 2140 2646 2227 οὐδενὸς

229 2275 334 2354 εἰς
373 2267 456 2348 τὸ
490 2269 882 2383 φαίνεσθαι
922 2270 1212 2353 τελείως
1262 2268 1578 2374 ἔχουσαν
1617 2266 1751 2369 τὴν
1792 2267 1968 2372 ὑπὲρ
2004 2266 2235 2371 λόγον
2272 2265 2638 2368 ὠμότητα,

123 2428 202 2489 15
227 2391 512 2499 πάσχει
546 2427 618 2473 τι
654 2391 882 2474 πάλιν
917 2396 993 2473 ἐν
1027 2392 1454 2477 τελευταίοις
1490 2393 1536 2493 ἡ
1573 2392 1782 2500 σὰρξ
1809 2391 1990 2473 ἴδιόν
2024 2426 2103 2473 τε
2140 2395 2258 2472 καὶ
2295 2388 2636 2497 φυσικόν·

230 2514 635 2624 εἰσδέχεται
684 2517 829 2623 γὰρ
875 2517 961 2600 τὸ
1008 2520 1237 2624 διψῆν
1290 2524 1446 2603 ταῖς
1501 2515 1989 2623 πολυτρόποις
2043 2517 2298 2602 αἰκίαις
2342 2516 2646 2625 ξηρανο-

230 2638 441 2743 μένη.
499 2646 712 2723 δεινοὶ
739 2642 882 2747 γὰρ
919 2647 984 2722 οἱ
1021 2640 1228 2723 πόνοι
1263 2640 1446 2748 πρὸς
1483 2641 1568 2723 τὸ
1605 2646 2016 2747 ἀναγκᾶσαι
2057 2647 2304 2750 διψῆν,
2346 2642 2643 2751 ἐμφύτῳ

233 2769 377 2847 τινὶ
429 2771 547 2847 καὶ
596 2766 958 2876 ἀφράστῳ
1002 2764 1381 2870 θερμότητι
1436 2762 1570 2866 τὴν
1623 2769 1701 2847 ἐν
1751 2772 1854 2876 τῷ
1908 2764 2118 2863 βάθει
2175 2770 2636 2852 δαπανῶντες

236 2889 526 2992 ἰκμάδα,
572 2896 689 2971 καὶ
744 2890 1110 2994 διαπύροις
1164 2893 1314 2971 τισὶ
1369 2899 1832 2995 προσβολαῖς
1891 2890 1977 2974 τὸ
2041 2899 2172 2971 τοῦ
2227 2889 2645 2997 πάσχοντος
2673 2912 2990 2970 αιοΘΊΔ.

131 3044 212 3085 20
236 3015 673 3098 διακαίοντες
728 3013 1194 3121 σπλάγχνον.
1273 3013 1364 3116 ἦν
1405 3014 1536 3115 μὲν
1573 3015 1719 3119 γὰρ
1757 3016 1843 3095 οὐ
1888 3013 2216 3120 χαλεπὸν
2252 3020 2355 3122 τῷ
2407 3012 2648 3095 πάντα

236 3137 568 3245 ἰσχύοντι
605 3144 772 3248 Θεῷ
809 3136 1030 3248 Λόγῳ
1066 3141 1490 3238 ἀποστῆσαι
1527 3141 1646 3219 καὶ
1684 3147 1897 3218 τοῦτο
1946 3143 2074 3239 τῆς
2113 3139 2293 3223 ἰδίας
2342 3136 2640 3243 σαρκὸς,

236 3264 410 3343 ἀλλ’
451 3261 703 3368 ὥσπερ
752 3263 932 3346 ἑκὼν
969 3265 1191 3371 ἐφῆκε
1243 3270 1500 3345 παθεῖν
1535 3262 1629 3344 τὰ
1666 3263 1890 3368 ἕτερα,
1929 3261 2201 3368 πάσχει
2258 3266 2373 3343 καὶ
2433 3270 2644 3345 τοῦτο

237 3389 406 3468 καθ’
466 3387 793 3469 ἑκούσιον
846 3388 1236 3489 βούλησιν.
1310 3389 1565 3469 οὐκοῦν
1620 3386 1844 3492 ἐζήτει
1897 3395 2109 3469 πιεῖν.
2188 3394 2257 3469 οἱ
2312 3387 2387 3468 δὲ
2450 3386 2647 3489 ἦσαν

237 3513 467 3597 οὕτως
529 3514 1155 3619 ἀφιλοικτίρμονες
1226 3512 1342 3592 καὶ
1403 3509 1693 3614 ἀγάπης
1751 3516 1879 3612 τῆς
1938 3513 2283 3618 φιλοθέου
2338 3512 2645 3618 μακρὰν,

134 3661 211 3721 ²5
241 3637 340 3720 ὥς
378 3638 536 3716 ἀντὶ
570 3643 796 3717 ποτοῦ
835 3635 1244 3742 πεφυκότος
1296 3639 1625 3744 ὠφελεῖν,
1661 3631 1746 3716 τὸ
1783 3638 2071 3716 ἀδικοῦν
2104 3638 2487 3736 ἐπιδοῦναι,
2528 3637 2644 3716 καὶ

236 3759 671 3864 προσθήκην
705 3762 1042 3857 ἀσεβείας
1099 3763 1218 3841 καί
1269 3759 1443 3841 αὐτὸ
1488 3764 1616 3860 τῆς
1660 3759 1947 3860 ἀγάπης
1993 3758 2078 3840 τὸ
2134 3764 2375 3866 χρῆμα
2432 3759 2642 3860 ποιή-

237 3890 547 3967 σασθαι.
625 3881 711 3965 τὸ
766 3882 911 3989 γὰρ
955 3883 1146 3970 ὅλως
1202 3889 1515 3966 αἰτοῦντι
1568 3891 2098 3989 προσενεγκεῖν,
2135 3891 2289 3969 πῶς
2345 3886 2506 3996 οὐχὶ
2562 3881 2646 3964 τὸ
2673 3899 2718 3967 b

310 4125 366 4180 9.
401 4104 616 4179 σκεῦος]
650 4112 710 4172 -Ι-
739 4105 831 4162 οὖν
853 4105 957 4162 Ed.
984 4106 1154 4161 invito
1181 4105 1247 4161 Ε.
1492 4122 1665 4177 12-23
1701 4105 1868 4160 citant
1892 4104 2062 4161 Cone.
2090 4101 2280 4160 const.
2305 4105 2378 4160 iii.
2402 4105 2562 4161 Actio
2587 4124 2641 4161 x.

239 4180 305 4247 (t.
334 4178 421 4234 vii,
448 4178 555 4250 838
588 4177 674 4234 ed.
698 4176 843 4246 Col.)
881 4185 934 4232 et
970 4176 1202 4232 Severus
1239 4175 1377 4232 eod.
1413 4175 1560 4232 Add.
1591 4177 1763 4247 12158
1791 4176 1973 4232 Musei
1999 4175 2297 4233 Britannici
2331 4193 2487 4247 saepe
2519 4186 2642 4232 ante

239 4249 331 4305 cit.
356 4249 450 4304 fol.
482 4264 568 4321 73·
594 4257 649 4304 et
672 4249 728 4303 in
756 4247 804 4302 E
842 4247 855 4261 ⁶
887 4248 1023 4303 tolno
1050 4246 1189 4304 eod.
1214 4246 1359 4303 Add.
1391 4264 1414 4302 1
1459 4263 1563 4302 200
1586 4247 1682 4303 fol.
1708 4264 1792 4319 19.
2156 4262 2240 4302 12.
2273 4247 2447 4316 πάσης
2471 4246 2642 4302 Cone.

244 4336 327 4392 13.
365 4321 746 4376 ὅλλελοιπότος
852 4336 936 4374 nc.
1221 4336 1305 4387 14.
1341 4261 1625 4391 φαίνεσθαι
1651 4321 1761 4373 τελ.
1787 4318 1868 4405 fx.
1897 4316 2002 4373 hoc
2025 4316 2215 4403 ogdine
2239 4316 2408 4373 Cone.
2432 4317 2645 4373 favente

234 4389 753 4545 πόσεων
778 4386 1463 4531 m²1;;r·0÷3‡„00„0.
1492 4388 2006 4531 Μιψ.
2052 4386 2375 4529 wc}
2400 4390 2649 4543 aava

236 4533 449 4590 wdetun·
475 4530 585 4588 Ed.
830 4545 915 4584 22.
950 4531 1078 4585 ἑκὼν
1099 4539 1440 4602 assumptum
1464 4548 1495 4585 ε
1532 4529 1703 4587 Cone.
1731 4530 1874 4586 Catt.
1902 4528 2117 4585 Severo.
2358 4544 2445 4599 23.
2478 4549 2646 4583 ποιειν

238 4605 363 4678 (010)
392 4604 461 4660 E.
