3269 5166
667 340 798 403 244
929 335 1007 400 B.
1048 334 1424 400 CYRILLI
1477 332 2007 398 ALEXANDR.
2063 331 2631 396 FRAGMENTA
2714 330 2798 394 xi.
2819 350 2899 416 30
2917 351 3036 415 sqq.

359 439 473 503 [4⁴
496 437 620 502 Μ’]
668 502 1061 605 γεγόνασιν
1095 498 1312 607 ἐχθροί
1313 525 1328 540 ·
1405 499 2032 602 προσκεκρούκασι
2077 497 2223 600 γὰρ
2267 495 2386 575 διὰ
2431 494 2567 596 τὴν
2601 497 2697 579 εἷς
2731 490 3040 596 Χριστὸν

670 625 1033 720 ἀσέβειαν·
1115 621 1234 705 διῖι
1276 625 1353 705 δὲ
1401 625 1533 725 τὴν
1568 630 1716 703 τῶν
1752 627 2072 728 πατέριον
2107 620 2457 722 εὐγένειαν
2506 618 2573 699 οἳ
2622 618 3041 718 ἐτιμήθησαν

671 753 767 833 ὡς
809 748 1001 851 ἅγιοι
1038 751 1155 828 καὶ
1191 754 1574 855 θεοφιλεῖς,
1615 752 2022 849 λογισθεῖεν
2057 742 2148 824 ἂν
2183 740 2356 824 εἶναι
2390 745 2479 824 δι’
2518 743 2816 826 ἐκείνους
2857 747 3035 845 ἀγα·

670 879 886 966 πητοί·
953 872 1144 972 ὅμως
1189 870 1393 981 ἐχθροὶ
1439 870 1831 974 γεγόνασιν
1866 870 1983 949 ἵνα
2015 873 2188 972 τεθῇ
2230 874 2328 953 εἰς
2361 865 2879 972 παραζήλωσιν
2912 871 3043 947 τοῖς

669 996 1194 1096 ἀπιστήσασιν.
3066 1012 3096 1070 5

410 1264 490 1319 30
518 1265 641 1322 sqq.
810 1231 1075 1321 Ὥσπερ
1130 1231 1249 1321 stip
1304 1234 1411 1297 καί
1466 1228 1647 1310 ὑμεῖς
1701 1254 1861 1298 ποτε
1917 1232 2278 1298 ι-ἰπιθήσατε
2330 1234 2428 1315 τῷ
2482 1229 2634 1315 Θεῷ
2683 1233 2906 1300 κ.τ.λ.

767 1388 947 1470 Ἴσα
997 1389 1310 1471 δείκνυσι
1353 1389 1446 1471 τὰ
1482 1392 1757 1496 ἀμφοῖν
1791 1373 2236 1491 ἐγκλήματἀ,
2272 1394 2387 1469 καὶ
2430 1394 2563 1496 μιᾷ
2597 1386 2837 1493 χάριτι
2871 1391 3046 1466 τεθε-

664 1514 1140 1617 ραπευμένους
1199 1514 1363 1599 τούς
1417 1549 1495 1594 τε
1545 1514 1636 1621 ἐξ
1678 1517 1903 1594 ἐθνῶν
1956 1517 2073 1593 καὶ
2128 1511 2257 1594 τὸν
2307 1510 2643 1616 Ἰσραήλ·
2727 1512 3046 1612 κε’κληται

664 1637 797 1736 μὲν
851 1637 996 1740 γὰρ
1041 1637 1224 1718 κατὰ
1281 1637 1565 1742 καιροὺς
1618 1636 1739 1717 διὰ
1792 1645 1921 1716 τοῦ
1960 1638 2293 1721 Μωσέως
2330 1638 2370 1717 ὁ
2402 1633 2734 1738 Ἰσραὴλ,
2772 1639 2889 1715 καὶ
2933 1638 3047 1732 τῆς

665 1764 741 1840 ἐν
792 1761 1140 1870 Αἶγύπτω
1188 1763 1678 1865 ταλαιπωρίας
1733 1757 2095 1869 ἐξῄρηται·
2175 1761 2345 1840 ἀλλ’
2382 1794 2448 1840 οι
2504 1767 2652 1839 τῶν
2708 1756 3049 1859 δαιμόνων
3073 1790 3132 1831 10

665 1887 1109 1988 θεραπευταὶ,
1169 1885 1496 1967 τουτέστι
1554 1886 1648 1965 τὰ
1705 1886 1895 1985 ἔθνη,
1957 1888 2053 1970 ὡς
2115 1884 2233 1964 διά
2294 1917 2378 1987 γε
2439 1917 2586 1963 των
2648 1883 3049 1986 Αἰγυπτίων

666 2009 1031 2106 νοούμενα,
1069 2013 1245 2093 τέως
1295 2007 1653 2104 ἠπείθησαν
1697 2017 1790 2117 τῷ
1827 2010 1996 2090 ε’λέει
2035 2015 2181 2087 τῶν
2234 2009 2322 2116 ἐξ
2365 2005 2700 2109 Ἰσραήλ·
2785 2009 2870 2088 οὖ
2920 2005 3048 2109 γὰρ

661 2131 1183 2212 πεπιστεύκασι
1234 2140 1388 2217 ταῖς
1433 2134 1851 2233 θεοσημίαις
1886 2140 2041 2216 ταῖς
2088 2130 2206 2212 διὰ
2245 2132 2595 2226 Μωσέως,
2635 2134 2765 2211 οὐκ
2799 2132 3050 2232 ἤθελον

662 2256 915 2335 εἰδέναι
948 2254 1076 2336 τὸν
1113 2263 1258 2335 τῶν
1293 2259 1660 2359 Ἑβραίων
1698 2255 1911 2337 Θεόν.
1991 2257 2161 2335 ἀλλ’
2202 2255 2639 2363 ἐξεπέμπετο
2681 2254 2820 2352 μὲν
2854 2253 3050 2354 μόλις

663 2378 1151 2481 ἱερουργήσων
1178 2378 1362 2458 κατὰ
1397 2379 1530 2479 τὴν
1556 2380 1818 2483 ἔρημον
1844 2386 1991 2459 τῶν
2016 2381 2381 2460 Ἰουδαίων
2418 2381 2459 2459 ὃ
2486 2383 2739 2479 δῆμος·
2788 2380 3051 2485 εἴχοντο
3074 2404 3134 2464 15

662 2502 738 2581 δὲ
794 2504 993 2582 αὐτοὶ
1047 2508 1175 2603 τῆς
1223 2505 1524 2609 ἀρχαίας
1580 2503 1881 2605 ἀπάτης,
1930 2501 2132 2583 ἀλλὰ
2178 2510 2306 2583 νῦν
2348 2501 2684 2604 ἠλέηνται
2733 2536 3045 2610 προσκε-

659 2627 1041 2728 κρουκότος
1075 2636 1204 2708 τοῦ
1237 2626 1571 2731 Ἰσραὴλ,
1612 2626 1690 2712 ὃς
1727 2632 1843 2707 καὶ
1881 2628 2228 2729 ἠπείθησε
2278 2636 2371 2735 τῷ
2423 2629 2588 2709 ἐλέει
2632 2634 2784 2708 τῶν
2817 2630 3049 2721 ἐθνῶν,

657 2749 769 2831 ἰ’να
830 2760 948 2830 καὶ
1017 2749 1227 2836 αὐτὸς
1284 2753 1601 2852 ἐλεηθείη
1669 2751 1854 2831 κατὰ
1919 2751 2225 2854 καιρούς.
2305 2751 2435 2831 ἴσα
2493 2760 2902 2855 τοιγαροῦν,
2964 2755 3051 2833 ὦς

658 2874 864 2979 ἔφην,
890 2873 983 2954 τὰ
1018 2876 1293 2982 ἀμφοῖν
1327 2872 1771 2977 ἐγκλήματα,
1814 2880 1937 2975 τῆς
1972 2883 2102 2956 τοῦ
2137 2878 2739 2979 κατοικτείροντος
2774 2878 3048 2958 ἐπικου-

656 3000 816 3101 ρίας
869 3001 945 3077 ἐν
980 2998 1121 3106 ἴσῳ
1176 2996 1423 3106 τρόπῳ
1479 2998 1887 3098 δεδεημένα·
1968 3006 2534 3101 συγκεκλεῖσθαι
2570 3000 2657 3080 δέ
2682 3006 2878 3105 φησι
2914 3000 3050 3083 τοῦς
3073 3045 3137 3085 20

418 3148 508 3204 45
539 3148 634 3205 u.
663 3123 934 3208 πάντας
971 3131 1064 3209 εἰς
1111 3120 1452 3204 ἀπείθειαν
1487 3121 1688 3226 παρὰ
1722 3128 1934 3220 Θεοῦ,
1968 3124 2081 3204 ’ἵνα
2117 3121 2265 3208 τοῖος
2298 3121 2573 3210 πάντας
2612 3125 2874 3219 ἓλεῆση.
2943 3124 3053 3203 καὶ

659 3246 755 3324 οὔ
795 3278 866 3324 τι
898 3278 1042 3325 που
1078 3250 1205 3346 τῆς
1257 3246 1447 3329 θείας
1496 3249 1773 3345 βουλῆς
1824 3246 2038 3348 ἔργον
2086 3245 2426 3348 γενέσθαι
2482 3246 2925 3348 λογιούμεθα
2972 3246 3052 3326 τὸ

661 3368 1053 3466 ἀπειθῆσαί
1095 3401 1312 3465 τινας,
1349 3370 1466 3449 ἵνα
1501 3370 1620 3448 καὶ
1656 3368 2241 3471 κατοικτείροιντο
2293 3369 2638 3454 πεσόντες
2685 3376 2787 3455 εἷς
2819 3378 3049 3451 τοῦτο·

660 3490 1040 3571 συνέκλεισε
1113 3490 1189 3571 δὲ
1260 3498 1553 3589 μᾶλλον
1628 3500 1724 3578 εἰς
1795 3490 2161 3591 ἀπείθειαν,
2217 3491 2507 3598 ἐνόχους
2581 3490 2793 3578 ὄντας
2869 3497 3048 3576 ἀπο-

658 3610 937 3719 φαίνων
988 3619 1138 3698 τοῖς
1191 3615 1546 3698 ἀπειθείας
1601 3613 2034 3716 ἐγκλήμασι,
2085 3619 2209 3696 καὶ
2269 3615 2419 3697 οἷον
2477 3617 2568 3723 ἐξ
2619 3620 2856 3698 αὐτῶν
2914 3624 3052 3697 τῶν
3075 3650 3141 3712 ²5

654 3734 1102 3840 πραγμάτων
1158 3735 1699 3840 ἐληλεγμένους·
1780 3742 1877 3823 ὡς
1941 3745 2039 3824 εἰς
2102 3748 2314 3821 τοῦτο
2368 3740 2629 3821 λοιπὸν
2682 3743 3052 3822 καθίκοντο

658 3860 1132 3967 δυσπραξίας,
1170 3865 1266 3945 ὡς
1308 3860 1614 3960 μονονοὺ
1667 3866 1948 3944 δεῖσθαι
1995 3872 2124 3944 τοῦ
2170 3864 2784 3968 κατοικτείρεσθαί
2814 3898 2892 3945 τε
2941 3865 3053 3945 καὶ

650 3985 1039 4063 ἐλεεῖσθαι.

726 4186 779 4245 7.
821 4172 937 4229 Ine.
961 4174 1310 4232 ὅστεῖσαΑ.
1708 4194 1789 4249 17.
1827 4182 1912 4235 καὶ
1936 4198 2045 4237 om
2070 4182 2140 4236 A.
2537 4201 2623 4238 20.
2660 4184 2962 4257 rdaeqaestic)
2987 4185 3051 4239 A.

655 4257 743 4369 23.
779 4243 931 4327 void·
948 4253 1005 4311 4
1035 4248 1126 4316 τῆς
1148 4247 1216 4302 A.
1501 4247 1587 4330 ‚²⁶-
1625 4250 1911 4306 καθίκοιντο
1937 4252 2006 4305 Α.
2302 4269 2390 4325 27.
2423 4255 2644 4323 μονονοὺ
2667 4255 2737 4308 A.
2762 4258 2925 4324 μόνου
2953 4253 3052 4309 Ed.

784 4315 882 4370 Est
917 4315 975 4370 in
1012 4318 1061 4371 A
1099 4316 1386 4400 scholion
1372 4335 1429 4372 ιιι
1465 4318 1554 4374 xii.
1540 4336 1637 4448 ‚off
1672 4339 1702 4374 e
1737 4320 1900 4376 Thes.
1935 4335 2041 4393 355
2078 4340 2107 4376 c
2146 4321 2541 4395 depromptum.
2627 4325 2965 4407 Sequebatur
2997 4325 3050 4378 in

653 4383 758 4440 Ed.
798 4386 964 4441 schol.
1001 4387 1057 4441 in
1095 4405 1213 4458 cap.
1250 4388 1359 4443 xiv.
1386 4388 1437 4445 6.
1474 4407 1550 4461 qu
1662 4408 1832 4463 quum
1857 4392 2108 4464 pleraque
2135 4404 2264 4449 sunt
2290 4395 2363 4451 D.
2391 4394 2761 4467 Chrysostomi
2788 4395 2958 4452 Hom.
2985 4394 3049 4450 26

650 4455 721 4511 ad
744 4457 846 4513 loc.
875 4472 977 4529 703
1003 4476 1032 4512 e
1060 4474 1208 4530 7048
1225 4459 1406 4514 omisi.
