3269 5166
386 416 670 485 [¹¹³1]

347 2431 532 2483 οΜιίο
550 2445 659 2496 1¹3·

345 2793 479 2846 Heb.
504 2794 577 2847 iii.
594 2808 638 2845 1.

230 3561 241 3571 ·
341 3531 455 3586 114
483 3529 580 3588 M.

689 314 823 383 466
1334 314 1415 381 Β.
1465 311 1847 379 CYRILLI
1908 308 2434 376 ALEXANDR.

690 479 1061 563 ἀσθενείας
1116 479 1564 589 ἀνθρωπίνης
1616 472 2346 576 πεπλημμεληκότας·
2416 477 2697 553 δικαιῶν
2745 468 2815 550 δὲ
2861 475 3024 568 μᾶλ-

690 610 827 681 λον
860 606 951 705 τῇ
998 602 1242 681 πίστει
1288 604 1407 681 καὶ
1457 598 1936 701 ἐγκλημάτων
1973 600 2185 682 ἀνιεὶς
2226 599 2345 677 καὶ
2386 596 2628 697 ἁγίους
2661 594 3033 699 ἀποφαίνων

685 726 802 803 καὶ
866 727 996 823 τῆς
1058 725 1311 803 ἑαυτοῦ
1374 722 1666 831 φύσεως
1727 719 2122 818 κοινωνοὺς,
2171 721 2358 800 οὕτω
2416 752 2496 798 τε
2553 717 2912 798 συνάπτων
2962 715 3032 793 δι

683 847 937 926 ἑαυτοῦ
981 852 1085 954 τῷ
1120 852 1288 953 Θεῷ
1336 849 1455 926 καὶ
1495 845 1755 947 Πατρί·
1817 844 2139 944 ἐλεήμων
2172 842 2318 946 γὰρ
2354 841 2709 947 ἀρχιερευς
2750 844 2839 923 εἰς
2881 838 3041 936 ἡμᾶς

687 968 980 1071 γέγονεν
1014 971 1055 1049 ὃ
1092 969 1439 1070 Χριστὸς,
1476 969 1706 1049 οὐκέτι
1757 974 1911 1053 ταῖς
1966 974 2282 1066 νομικαῖς
2337 966 2746 1063 ἀποτομίαις
2795 967 3089 1065 κρατεΐν5

686 1092 1101 1195 ἐπιτρέπων,
1139 1095 1351 1177 ἀνιεὶς
1406 1091 1484 1172 δὲ
1530 1098 1828 1190 μᾶλλον
1857 1096 2005 1169 τῶν
2060 1090 2376 1195 ἀρχαίων
2431 1086 2853 1188 αἱτιαμάτων
2901 1081 3042 1168 τοὺς

683 1215 1196 1314 ἠσθενηκότας·
1253 1214 1516 1299 πιστὸς
1553 1214 1652 1313 δὲ,
1689 1215 1800 1295 ὅτι
1847 1213 2145 1313 μόνιμος
2180 1216 2297 1293 καὶ
2343 1210 2683 1312 διηνεκὴς,
2719 1214 2831 1289 καὶ
2863 1205 3039 1312 ἀξιό-

684 1371 910 1442 χρεως
935 1343 1035 1422 εἷς
1057 1341 1309 1420 πίστιν
1332 1345 1481 1418 τῶν
1506 1337 2081 1440 ἐπηγγελμένων,
2107 1340 2223 1416 καὶ
2253 1333 2723 1438 ἀπαράβατον
2747 1332 2918 1437 ἔχων
2934 1329 3046 1429 τὴν

686 1461 1102 1562 ἱερωσύνην·
1157 1459 1479 1560 ἐλεήμων
1524 1461 1764 1541 τοίνυν
1808 1465 1925 1540 καὶ
1973 1458 2255 1557 πιστὸς,
2292 1457 2665 1538 τουτέστιν
2699 1459 2805 1534 ἀεὶ
2849 1452 3047 1553 μένων

683 1582 978 1685 γέγονεν
1014 1581 1231 1687 ἶΕΡΕῧΐ
1279 1583 1397 1665 ὅτε
1448 1583 1865 1687 σπέρματος
1899 1579 2244 1686 Ἀβραὰμ
2289 1580 2713 1678 ἐπελάβετο,
2750 1577 2925 1661 Θεὸς
2965 1573 3047 1654 ὧν
3069 1609 3119 1649 10

683 1705 727 1783 ὁ
763 1701 1025 1807 Λόγος,
1062 1710 1179 1786 καὶ
1233 1709 1309 1786 ἐν
1358 1710 1610 1812 μορφῇ
1664 1710 1784 1787 καὶ
1839 1704 2120 1806 ἰσότητι
2171 1712 2301 1785 τοῦ
2354 1702 2670 1806 Πατρός·
2726 1702 2802 1781 τί
2846 1699 3049 1780 τοίνυν

683 1834 1230 1933 συκοφαντοῦσι
1276 1827 1409 1929 τὴν
1454 1832 1844 1929 ἀλήθειανς
1904 1830 1984 1909 τί
2020 1836 2531 1932 παραιτοῦνται
2581 1825 2710 1908 τὸν
2745 1823 2914 1906 Υἰὸν
2942 1828 3047 1901 τοῦ

684 1946 860 2030 εἶναι
896 1949 937 2031 ὅ
970 1952 1152 2050 ἐστι,
1186 1950 1303 2032 διὰ
1332 1949 1466 2052 τὴν
1499 1958 1597 2037 εἷς
1631 1953 1816 2053 ἡμᾶς
1853 1950 2189 2056 ἀγάπηνς

1839 2233 1946 2311 Χ.

791 2407 1041 2488 Ἀλλὰ
1092 2407 1237 2514 γὰρ
1291 2415 1358 2490 οἱ
1415 2409 1897 2516 χριστομάχοι
1949 2409 2044 2489 τὰ
2095 2413 2175 2490 ἐκ
2228 2410 2673 2514 πανουργίας
2727 2408 3053 2510 εὑρήματα
3074 2424 3125 2483 15

679 2530 1130 2636 πανταχόθεν
1184 2535 1456 2619 ἑαυτοῖς
1508 2532 1997 2636 συλλέγοντες
2050 2539 2149 2620 εἰς
2200 2535 2629 2639 ἐπικουρίαν,
2690 2536 2809 2615 καὶ
2867 2529 3056 2613 αὐτὰς

679 2653 808 2738 τὰς
858 2655 1048 2740 θείας
1102 2664 1650 2762 συκοφαντοῦσι
1702 2655 2020 2762 γραφάς·
2103 2662 2221 2738 καὶ
2273 2657 2362 2758 δὴ
2412 2662 2605 2765 φασὶ
2658 2657 2789 2740 τὸν
2844 2652 3053 2754 μακά·

676 2810 833 2881 ριον
868 2783 1192 2874 Παῦλον,
1230 2779 1652 2860 ἀπόστολον
1701 2784 1820 2860 καὶ
1866 2781 2194 2885 ἀρχιερέα
2246 2783 2554 2862 καλέσαι
2595 2781 2732 2863 τὸν
2769 2783 3052 2879 Ἰησοῦν·

678 2900 1060 3002 ἀποστολὴ
1117 2900 1212 2999 δὲ,
1256 2904 1473 3008 φασὶ,
1527 2907 1646 2982 καὶ
1698 2903 2048 3005 ἱερωσύνη
2104 2905 2548 3007 λειτουργίας
2598 2909 2748 2985 εἶσὶ
2805 2901 3055 3006 τρόποι·

677 3029 795 3104 καὶ
838 3033 1015 3127 γοῦν
1049 3022 1581 3124 ἀπεστάλησαν
1611 3023 1744 3119 μὲν
1780 3030 1847 3104 οἱ
1894 3029 2228 3126 μαθηταὶ,
2267 3027 2630 3130 ἱεράτευσε
2685 3027 2764 3108 δὲ
2799 3021 3058 3128 Ἀαρὼν
3079 3056 3133 3101 20

677 3149 795 3226 καὶ
853 3151 921 3227 οὶ
981 3149 1116 3227 υἱοὶ
1172 3147 1416 3226 αὐτοῦ·
1479 3149 1598 3226 καὶ
1653 3146 1849 3251 εἴπερ
1898 3151 1975 3228 ε’ν
2026 3149 2304 3235 τούτοις
2355 3150 2522 3231 ἐστί
2568 3156 2769 3258 φασι
2825 3147 2907 3229 τὸ
2952 3154 3061 3226 τοῦ

675 3274 857 3349 Υὶοῦ
927 3269 1203 3372 μέτρον,
1268 3275 1423 3355 πῶς
1493 3271 1874 3368 ὁμοούσιος
1942 3268 2119 3352 εἶναι
2188 3272 2483 3354 δύναται
2553 3281 2663 3382 τῷ
2729 3278 2897 3382 Θεῷ
2961 3272 3062 3351 καὶ

679 3394 924 3495 Πατρί
946 3425 969 3488 ;
1028 3390 1087 3471 ὦ
1136 3396 1425 3492 πολλῆς
1472 3396 1939 3497 δυστροπίας·
1999 3396 2716 3500 ἀποπροσποιοῦνται
2765 3397 2851 3477 τὸ
2900 3393 3057 3475 εἶδέ-

677 3549 794 3595 ναι
840 3514 972 3614 τὴν
1013 3512 1378 3615 ἀλήθειαν,
1418 3520 1533 3597 καὶ
1586 3513 1864 3603 σκοπὸς
1917 3519 2154 3601 αὐτοῖς
2208 3519 2428 3618 μηδὲν
2465 3520 2653 3623 ὑγιὲς
2705 3515 3059 3628 φρονεῖνῆ

674 3636 932 3738 λέγειν·
991 3639 1512 3737 ὁμολογοῦντες
1565 3638 1711 3741 γὰρ
1764 3643 1929 3739 μεθ’
1989 3642 2211 3740 ἡμῶν,
2260 3641 2372 3722 ὅτι
2424 3643 2681 3746 καίπερ
2740 3643 3062 3747 ὑπάρχων
3083 3671 3140 3732 ²5

672 3760 750 3838 ἐν
797 3765 1048 3866 μορφῇ
1101 3769 1230 3840 τοῦ
1281 3766 1472 3841 Θεοῦ
1528 3767 1649 3842 καὶ
1708 3762 2001 3866 Πατρὸς
2054 3765 2095 3843 ὁ
2146 3764 2342 3863 Υἱὸς,
2387 3766 2774 3846 κεκένωκεν
2830 3761 3061 3847 ἑαυτὸν

673 3879 876 3982 ἑκὼν,
912 3885 1040 3963 οὐκ
1075 3885 1446 3965 ἐπαινοῦσι
1480 3887 1608 3984 τῆς
1656 3886 1839 3984 μετὰ
1879 3885 2152 3990 σαρκὸς
2200 3890 2598 3987 οἰκονομίας
2646 3889 2735 3969 τὸ
2786 3885 3057 3990 μυστ-ἦ·

671 4038 851 4107 ριον,
888 4005 1259 4090 ἀκούοντες
1314 4004 1389 4086 δὲ
1441 4015 1569 4087 τοῦ
1616 4006 2043 4090 ἀποστόλου
2077 4009 2418 4113 λέγοντος
2452 4023 2496 4060 “
2529 4013 2914 4117 Ἀρχιερέα
2958 4011 3063 4091 καὶ

673 4137 718 4174 “
755 4127 1174 4209 ἀπόστολον
1209 4128 1500 4228 Ἰησοῦν
1511 4132 1571 4177 ·”
1625 4133 1755 4213 οὐκ
1790 4132 2232 4238 εἰσδέχονται
2280 4133 2462 4215 κατὰ
2497 4142 2665 4215 νοῦν
2703 4134 2819 4215 ὅτι
2854 4165 3056 4237 γεγο-

743 4392 796 4440 4.
743 4372 1086 4457 4εἋεῆμων]
1121 4379 1177 4437 -Ι-
1206 4397 1301 4443 μεν
1324 4393 1372 4430 a.
1654 4391 1736 4448 15.
1772 4395 1839 4434 ex
1861 4378 2032 4435 teth
2054 4378 2151 4435 fol.
2180 4392 2279 4451 197
2305 4398 2357 4436 v.
2393 4379 2644 4448 ammam
2664 4388 2884 4437 tanturn
2907 4396 3065 4462 appo·

670 4443 753 4498 nit
774 4444 831 4497 in
856 4445 1097 4515 margine
1120 4444 1454 4514 1),κυρι’λλου
1475 4446 1654 4515 ὁμιλία
1679 4465 1728 4502 a.
2113 4462 2200 4521 27.
2234 4452 2655 4523 &assumptum
2677 4468 2750 4506 ex
2768 4468 2820 4507 a.
2845 4449 3025 4507 deest
3012 4467 3066 4506 ιιι

670 4511 726 4571 b.
752 4512 855 4569 Ed.
1140 4513 1225 4572 28.
1260 4515 1534 4574 ἀκούοντος
1557 4517 1682 4587 (sic)
1705 4518 1763 4573 b.
