3269 5166
265 2718 432 2783 Supra
493 2737 506 2745 ·

267 2800 370 2835 ver.
398 2797 478 2852 19.

596 318 728 384 144
870 388 882 403 ἃ
967 389 972 402 ,
1149 341 1156 347 ·
1202 317 1284 382 Β.
1328 316 1754 397 ΟΥᾸΒΙΙΛΙιΙ
1814 316 2391 384 ALEXANDR.
2628 336 2734 382 xx.
2762 313 2868 391 26,
2890 324 2996 393 27.

596 482 933 587 κέχρηται
976 480 1051 561 δὲ
1097 482 1299 589 λόγῳ
1338 489 1454 590 τῷ·
1476 480 1593 562 διὰ
1644 483 1978 584 γλώττης
2016 485 2208 591 αὐτῷ
2257 484 2376 563 καὶ
2414 478 2711 580 συνήθει
2742 476 2996 573 πάλιν,

598 612 711 685 καὶ
763 604 847 685 τὸ
897 609 1023 704 τῆς
1073 605 1349 709 εἰρήνης
1389 607 1666 709 ἀγαθὸν
1702 606 1977 707 σεμνὴν
2014 606 2403 708 ἐποίησατο
2446 602 2867 708 πρόσρησιν
2901 608 3000 686 εἷς

598 728 826 809 τύπον
882 728 1238 832 ἡμέτερον,
1279 730 1601 834 καθάπερ
1656 729 1794 830 ἤδη
1848 733 2303 834 προείπομεν.
2383 726 2882 830 καταπλαγείη
2925 728 2994 807 δ’

601 852 692 931 ἄν
737 887 841 936 τις
886 851 1168 937 εἰκότως
1228 858 1345 934 καὶ
1389 853 1520 953 τὴν
1576 855 1653 934 ἐν
1707 854 1983 939 τούτοις
2039 856 2424 958 ἀκρίβειαν,
2462 856 2651 962 φημὶ
2706 852 2795 951 δὴ
2849 858 3003 936 τοῖς

600 976 1106 1080 προκειμένοις.
1181 977 1480 1080 ἀκριβὴς
1535 976 1680 1081 γὰρ
1736 980 1921 1059 οὕτω
1975 978 2269 1083 γέγονεν
2325 979 2371 1079 ἡ
2427 976 2842 1079 ἐπιτήρησις
2898 976 3005 1083 τῷ
3030 1008 3069 1068 5

532 1118 576 1182 b
602 1097 685 1180 τὸ
720 1101 1017 1198 βιβλίον
1054 1100 1558 1198 συντεθεικότι,
1580 1106 1696 1183 καὶ
1732 1100 2312 1203 σπουδαιοτάτην
2347 1104 2570 1186 οὕτως
2608 1099 3004 1200 ἐποιήσατο

603 1224 735 1325 τὴν
771 1223 1212 1328 ἐπιτήρησιν,
1249 1230 1346 1310 ὡς
1380 1224 1482 1325 μὴ
1521 1227 1775 1310 ἁπλῶς
1813 1232 2029 1307 εἰπεῖν
2066 1226 2175 1308 ὅτι
2211 1225 2714 1333 πεφανέρωκεν
2750 1223 3007 1306 ἑαυτὸν

603 1349 644 1428 ὀ
682 1347 1028 1451 Χριστὸς,
1074 1357 1221 1434 τοῖς
1268 1352 1493 1448 ἁγίοις
1539 1348 1616 1429 δὲ
1664 1349 2000 1450 δηλονότι
2054 1356 2426 1451 μαθηταῖς,
2473 1351 2644 1430 ἀλλ’
2685 1348 2795 1430 ὅτι
2848 1346 3009 1453 μεθ

601 1473 844 1579 ἡμέρας
902 1472 1097 1570 ὀκτὼ,
1137 1477 1250 1553 καὶ
1312 1481 1520 1554 τοῦτο
1574 1474 2065 1576 συνηγμένοις.
2144 1473 2227 1554 τὸ
2285 1472 2428 1576 γὰρ
2483 1479 2581 1557 εἰς
2635 1470 2831 1552 οἷκον
2881 1473 3008 1551 ἕνα

602 1598 1172 1698 συγκεκομίσθαι
1230 1595 1393 1681 τοὺς
1446 1596 1745 1696 πάντας,
1784 1599 1861 1678 τί
1908 1597 1997 1678 ἂν
2043 1597 2147 1697 ε’ίη
2202 1597 2439 1701 ἕτερον
2484 1594 2685 1700 παρὰ
2737 1605 3003 1694 τοῦτο;
3039 1625 3115 1676 ιο

601 1720 860 1818 οὐκοῦν
896 1718 1115 1800 ἐκεῖνό
1164 1730 1402 1824 φαμεν
1441 1721 1558 1801 διὰ
1602 1721 1736 1821 τὴν
1771 1725 2032 1825 ἀκριβῆ
2075 1720 2344 1822 ταύτην
2387 1724 2503 1801 καὶ
2554 1720 3015 1828 ἀξιάγαστον

549 1875 558 1880 ·
603 1842 1045 1946 ἐπιτήρησιν,
1092 1842 1201 1925 ὅτι
1255 1851 1399 1923 τῶν
1451 1845 1972 1944 συνελεύσεων,
2029 1845 2183 1945 ἤτοι
2237 1845 2634 1952 συνάξεων,
2690 1850 2837 1924 τῶν
2892 1844 3010 1950 ἐφ’

545 2003 582 2047 ο
606 1971 831 2075 ἑαυτῷ
868 1966 996 2047 τὸν
1032 1966 1278 2071 καιρὸν
1315 1967 1628 2075 φανερὸν
1664 1969 1829 2067 ἡμῖν
1864 1972 2072 2050 ἐτίθει
2108 1972 2223 2049 καὶ
2263 1968 2379 2050 διὰ
2415 1978 2628 2049 τοῦτο
2654 1966 3009 2070 Χριστός.

607 2096 944 2198 ἐπιφοιτᾷ
997 2090 1140 2194 γὰρ
1175 2091 1463 2178 πάντως
1512 2097 1628 2173 καὶ
1678 2093 1946 2196 τρόπον
1994 2093 2153 2174 τινὰ
2191 2094 2691 2198 συναυλίζεται
2729 2098 2880 2175 τοῖς
2918 2092 3011 2172 δι’

605 2212 822 2296 αὐτόν
871 2218 1362 2319 συνηγμένοις,
1403 2214 1586 2297 κατὰ
1632 2217 1764 2317 τὴν
1811 2219 2075 2321 ὀγδόην
2117 2216 2464 2315 μάλιστα,
2502 2216 2832 2298 τουτέστι
2880 2213 3017 2316 τὴν
3045 2248 3123 2309 ¹5

606 2338 967 2442 κυριακῆν·
1050 2342 1658 2444 ἀναλογισώμεθα
1716 2341 1881 2444 γὰρ,
1942 2349 2000 2422 εἰ
2067 2344 2282 2422 δοκεῖ·
2363 2340 2540 2423 ποτὲ
2604 2338 2737 2439 μὲν
2795 2336 3018 2445 ὤφθη

605 2456 754 2548 τοῖς
807 2462 1065 2567 ἕτεροις
1119 2471 1490 2564 μαθηταῖς,
1529 2465 1705 2546 ποτὲ
1753 2466 1826 2546 δὲ
1876 2468 1967 2546 αὖ
2011 2464 2237 2548 πάλιν
2275 2467 2510 2549 αὐτοῖς
2567 2464 3021 2570 ἐπιφαίνεται

608 2587 961 2691 παρόντος
1022 2595 1279 2687 Θωμᾶ.
1369 2590 1770 2692 γέγραπται
1836 2593 2073 2672 τοίνυν
2132 2593 2209 2670 ἐν
2267 2597 2412 2674 τοῖς
2473 2591 2711 2669 ὀπίσω
2773 2588 3023 2693 βραχύ

553 2755 558 2759 ·
611 2721 656 2759 “
694 2714 956 2812 Οὔσης
993 2714 1119 2792 ουν
1155 2713 1375 2820 ὀψίας
1412 2719 1503 2818 τῇ
1551 2714 1780 2823 ἡμέρᾳ
1817 2716 2042 2821 ἐκείνῃ
2089 2720 2178 2821 τῇ
2226 2721 2358 2822 μιᾷ
2403 2721 2548 2794 τῶν
2584 2710 3023 2866 σαββάτων,

635 2838 810 2917 (καὶ
843 2843 990 2916 τῶν
1021 2844 1259 2943 θυρῶν
1292 2839 1915 2937 κεκλεισμένων,
1867 2873 2046 2940 εστη
2075 2873 2172 2924 εις
2208 2837 2293 2917 τὸ
2329 2838 2603 2937 μέσον]
2684 2837 2902 2921 σύνες
2928 2836 3022 2936 δὴ
3053 2866 3138 2907 ²0

496 3005 517 3061 ζ
610 2961 737 3040 οὖν
773 2961 968 3047 ὅπως
1003 2968 1095 3069 τῇ
1124 2968 1255 3069 μιᾷ
1295 2969 1439 3043 τῶν
1476 2960 1901 3061 σαββάτων,
1930 2997 2280 3059 τουτεστι,
2303 2967 2393 3067 τῇ
2429 2969 2576 3042 τῶν
2611 2958 3087 3055 σαββάτων

543 3098 586 3163 d
613 3092 908 3191 κυριακῇ
962 3087 1435 3189 συνηγμένοις
1489 3085 1720 3193 ἐφάνη
1775 3094 1922 3170 τοῖς
1971 3092 2344 3187 μαθηταῖς,
2383 3089 2500 3166 καὶ
2546 3085 2774 3166 πάλιν
2816 3085 3029 3165 οὐδὲν

610 3209 826 3308 ἧττον
887 3211 1071 3291 κατὰ
1129 3210 1263 3311 τὴν
1320 3212 1486 3318 ε’ξῆς
1552 3212 1821 3314 ὀγδόην
1874 3209 2299 3316 ἐπιλάμψας
2365 3212 2636 3314 ὁρᾶται.
2735 3210 2821 3289 οὖ
2876 3209 3029 3313 γὰρ

612 3333 986 3436 ἐπειδήπερ
1041 3336 1269 3437 εἴρηκε
1326 3333 1472 3441 μεθ’
1512 3334 1758 3442 ἡμέρας
1820 3334 2017 3426 ὀκτὼ,
2075 3334 2208 3435 τὴν
2261 3334 2556 3435 ἐννάτην
2602 3331 2821 3415 αὐτὸν
2870 3367 3023 3434 ση-

612 3457 885 3553 μαίνειν
959 3458 1512 3562 ὑποληψόμεθα,
1583 3459 2161 3562 συμπεριλαβὼν
2235 3457 2310 3539 δὲ
2375 3464 2479 3564 τῷ
2554 3458 2837 3564 ἀριθμῷ
2902 3460 3029 3538 καὶ
3058 3486 3145 3548 25

613 3578 836 3679 αὐτὴν
871 3579 1003 3680 τὴν
1042 3582 1325 3683 ὀγδόην,
1364 3584 1532 3662 καθ’
1573 3580 1663 3683 ἣν
1701 3581 2043 3687 ἐπεφάνη,
2081 3581 2171 3663 τὰ
2208 3582 2503 3663 τοιαῦτά
2539 3590 2792 3686 φησιν.

717 3702 1212 3806 Εὑλογώτατα
1247 3715 1627 3808 τοιγαροῦν
1663 3704 1792 3790 τὰς
1829 3707 2039 3808 ἁγίας
2078 3705 2425 3789 συνόδους
2459 3708 2536 3785 ἐν
2575 3713 2728 3789 ταῖς
2767 3708 3032 3806 ἐκκλη-

614 3828 809 3912 σίαις
843 3829 1238 3926 ποιούμεθα
1275 3828 1457 3909 κατὰ
1501 3829 1634 3928 τὴν
1685 3829 1977 3931 ὀγδόην.
2059 3832 2177 3910 καὶ
2212 3838 2269 3910 εἶ
2307 3828 2450 3935 χρή
2487 3863 2555 3909 τι
2593 3830 2710 3907 καὶ
2748 3863 3021 3926 μυστι-

615 3951 922 4055 κῶτερον
958 3958 1195 4052 εἰπεῖν,
1254 3951 1372 4033 διὰ
1426 3954 1558 4054 τὴν
1607 3960 1752 4034 τῶν
1803 3951 2181 4054 νοημάτων
2229 3955 2715 4057 ἀπαραίτητον
2760 3953 3035 4059 χρείαν,

685 4215 737 4271 6.
754 4216 971 4307 βιβλίῳ
997 4218 1118 4286 (pro
1142 4218 1316 4287 more)
1343 4216 1409 4273 Ε.
1736 4237 1819 4290 13.
1856 4215 2043 4273 τούτου
2069 4218 2135 4273 Ε.
2464 4232 2546 4289 15.
2584 4216 2679 4285 τὴν
2702 4217 2796 4271 alt.
2828 4234 2947 4274 om.
2968 4217 3039 4272 Β.

617 4286 699 4343 16.
737 4286 832 4340 «iva
834 4287 1161 4357 ογιλσάμεθα
1187 4287 1252 4342 Ε.
1678 4302 1761 4362 17.
1798 4287 2018 4361 ἑτέροις]
2045 4286 2330 4359 σφετέροις
2354 4287 2422 4343 Ε.
2845 4304 2933 4360 19.

609 4355 772 4428 ἡμέρᾳ
797 4366 850 4411 et
874 4362 999 4413 ante
1023 4367 1077 4411 et
1099 4368 1223 4428 post
1246 4359 1407 4428 ἐκείνῃ
1434 4358 1649 4414 exhibet
1674 4360 1740 4415 E.
2146 4375 2233 4414 21.
2266 4364 2370 4413 τῶν
2393 4358 2683 4424 σαββάτων
2706 4359 2797 4412 alt.
2826 4376 2941 4413 om.
2970 4360 3041 4415 E.

612 4443 950 4500 27-p.145‚
975 4446 1037 4498 19
1064 4430 1190 4484 citat
1216 4381 1479 4484 Niketae
1466 4448 1520 4485 m
1549 4430 1605 4489 S.
1625 4430 1826 4486 Lucam
1824 4448 1978 4557 οἷατε
2002 4429 2232 4486 ultima
2217 4447 2275 4484 m
2300 4428 2806 4494 Βὶὶι1.βιιτοπωδιου
2824 4429 3043 4485 Montio

609 4500 794 4629 ἓῖιέξῗ
821 4497 934 4642 ἔρδω
960 4499 1489 4627 Εξεικίῗοτθὶξὲιιιαιιῑιυέιι
1528 4502 1766 4574 margine
1803 4502 1828 4556 s
1919 4518 2020 4570 4²1
2061 4520 2116 4558 v.
2153 4518 2320 4556 manu
2356 4500 2694 4573 aliquantum
2730 4501 3049 4558 reconnori.
