3269 5166
280 348 462 414 xviii.
488 369 549 437 3.
680 349 795 415 IN
858 351 927 416 S.
965 348 1485 417 JOANNEM.
1576 348 1771 416 LIB.
1819 348 1943 418 XI.
2031 340 2235 415 CAP.
2267 348 2427 415 XII.
2605 349 2685 414 15

285 513 582 618 Πατρὸς
634 514 967 619 εὐλογίας
1020 515 1773 623 καταπεμφθήσεσθαι
1820 513 2093 624 σφίσιν
2138 512 2377 613 εἰπὼν,
2407 512 2685 622 ’ἔξεισιν

278 640 423 741 ἤδη
479 641 887 744 προθύμως,
947 638 1076 722 τὸν
1133 648 1262 722 τοῦ
1318 640 1593 727 πάθους
1649 639 1900 743 καιρὸν
1957 642 2086 720 οὐκ
2143 636 2683 738 ἀποσειόμενος,

281 767 446 844 οὔτε
501 763 645 865 μὴν
679 762 808 845 τὸν
846 761 1018 870 ὑπὲρ
1061 764 1400 847 ἁπάντων
1434 767 1863 850 καταδείσας
1917 761 2253 846 θάνατον.
2329 770 2486 848 πῶς
2540 760 2686 867 γὰρ

282 886 377 989 ἧν
408 887 597 973 εἰκὸς
648 896 862 971 τοῦτο
916 893 1094 993 δρᾶν
1128 887 1255 971 τὸν
1292 886 1351 998 ᾦ
1385 925 1470 995 γε
1523 889 1854 994 παρέστη
1887 895 2162 986 παθεῖν,
2198 886 2317 968 ἵνα
2369 892 2476 997 τῷ
2530 887 2686 995 ἰδίῳ

210 1045 255 1107 5
282 1012 500 1094 πάθει
552 1012 685 1114 τὴν
740 1011 1080 1095 ἁπάντων
1134 1013 1485 1097 ἀπάθειαν
1537 1014 1928 1118 ἐκπρίηται,
1982 1012 2380 1119 ἀφιγμένον
2434 1045 2513 1093 τε
2567 1010 2687 1091 διὰ

279 1145 503 1220 τοῦτο
556 1142 676 1218 καὶ
727 1136 970 1238 μόνον,
1006 1138 1125 1219 ἵνα
1177 1145 1283 1248 τῷ
1335 1139 1565 1246 οἰκείῳ
1614 1138 1862 1238 αἵματι
1913 1137 2047 1239 τὴν
2082 1138 2491 1238 σύμπασαν
2544 1141 2687 1240 γῆν

281 1260 827 1364 κατακτήσηται
894 1269 997 1372 τῷ
1063 1269 1232 1372 Θεῷ
1300 1266 1415 1345 καὶ
1484 1264 1773 1367 Πατρί;
1856 1261 2281 1348 πλειστάκις
2354 1260 2488 1362 μὲν
2558 1263 2685 1344 οὖν
2707 1290 2746 1334 a
2776 1275 3024 1336 lonA.

283 1391 735 1493 ἐμπαροινεῖν
779 1388 1137 1488 ἑλομένων
1188 1394 1334 1469 τῶν
1385 1389 1751 1469 Ἰουδαίων
1805 1388 2024 1494 αὐτῷ,
2075 1385 2557 1468 λιθόλευστόν
2604 1423 2683 1470 τε

287 1519 515 1593 ποιεῖν
547 1513 639 1621 ἐξ
681 1514 1021 1597 ἀπονοίας
1067 1513 1627 1618 ἐπιχειρούντων,
1663 1509 1937 1617 ἀπέδρα
1973 1517 2405 1616 θεοπρεπῶς,
2442 1515 2687 1621 ἀφανῆ

164 1684 197 1726 1
210 1683 257 1723 0
284 1635 422 1736 μὲν
455 1636 706 1718 ἑαυτὸν
741 1636 1109 1737 καθιστὰς,
1148 1636 1529 1746 ὑπεξάγων
1566 1636 1643 1717 δὲ
1690 1639 1808 1719 καὶ
1842 1634 2046 1738 μάλα
2089 1638 2349 1746 ῥᾳδίως
2380 1642 2507 1739 τῆς
2541 1647 2689 1720 τῶν

283 1761 688 1867 ζητούντων
741 1761 1000 1869 χειρός·
1078 1763 1167 1843 ού
1219 1762 1362 1866 γὰρ
1417 1762 1638 1862 ἤθελέ
1675 1797 1792 1843 πω
1848 1768 2122 1861 παθεῖν,
2181 1763 2381 1844 οὔπω
2438 1773 2688 1866 καιροῦ

284 1895 683 1972 καλοῦντος
739 1893 835 1972 εἷς
890 1895 1103 1968 τοῦτο
1149 1895 1278 1968 τοῦ
1331 1885 1748 1992 πρέποντος.
1819 1886 2056 1988 ἐπειδὴ
2105 1886 2181 1967 δὲ
2235 1886 2372 1988 ἤδη
2425 1892 2687 1992 παρῆν,

283 2009 422 2111 τὴν
455 2012 708 2093 ε’στίαν
750 2013 957 2121 ἀφεὶς
999 2014 1076 2093 ἐν
1111 2008 1159 2119 ᾖ
1196 2011 1361 2095 τοὺς
1412 2011 1628 2097 ἰδίους
1674 2010 2290 2115 μεμυσταγῶγηκε
2337 2012 2684 2114 μαθητὰς,
2711 2024 2756 2090 b

282 2138 687 2241 ἀφικνεῖται
720 2134 903 2241 πρὸς
937 2134 1182 2235 τόπον,
1210 2139 1288 2217 ἐν
1313 2132 1506 2244 ᾧπερ
1541 2133 1633 2236 ἦν
1668 2136 1828 2222 ἔθος
1862 2138 2349 2218 ἐνδιαιτᾶσθαι
2375 2144 2686 2244 συχνῶς,

159 2303 192 2345 1
206 2297 251 2360 5
283 2261 485 2367 αὐτῷ
519 2294 597 2340 τε
631 2266 735 2370 τῷ
776 2260 1067 2342 πάντων
1107 2264 1392 2362 Σωτῆρι
1428 2263 1737 2370 Χριστῷ
1788 2263 1907 2341 καὶ
1958 2269 2110 2346 τοῖς
2162 2260 2388 2363 ἁγίοις
2443 2269 2680 2364 μαθη-

280 2392 464 2469 ταῖς.
539 2383 709 2488 ἕδρα
751 2385 827 2466 δὲ
876 2394 1089 2467 τοῦτο
1134 2384 1383 2483 πάλιν,
1418 2385 1927 2490 ἀταλαίπωρον
1963 2385 2313 2471 καθιστὰς
2350 2392 2455 2495 τῷ
2495 2421 2682 2492 προ-

283 2510 466 2618 δότῃ
519 2509 652 2615 τὴν
707 2514 1013 2618 εὕρεσιν.
1098 2512 1316 2610 κῆπος
1374 2514 1451 2596 δὲ
1506 2514 1547 2595 ὃ
1602 2520 1836 2622 χῶρος
1900 2511 1990 2616 ἦν
2054 2513 2140 2598 τὸ
2201 2524 2332 2598 τοῦ
2392 2517 2690 2622 ἀρχαίου

283 2641 550 2743 σχῆμα
616 2640 1060 2742 παραδείσου
1121 2644 1453 2741 πληρῶν·
1551 2642 2184 2749 ἀνακεφαλαίωσις
2239 2639 2384 2746 γὰρ
2439 2640 2691 2746 ὥσπερ

284 2764 609 2866 ἐγίγνετο
644 2767 791 2842 τῶν
824 2760 1067 2844 τόπων
1105 2765 1221 2842 καὶ
1270 2759 1581 2864 πάντων,
1621 2768 1720 2849 ὡς
1756 2764 1924 2850 ἔπος
1960 2771 2196 2862 εἰπεῖν,
2231 2765 2689 2870 ἐπαναδρομὴ

174 2927 261 2968 20
287 2885 476 2990 πρὸς
529 2886 615 2967 τὸ
671 2889 996 2993 ἀρχαῖον.
1077 2888 1153 2966 ἐν
1205 2886 1624 2996 παραδείσῳ
1680 2886 1812 2985 μὲν
1863 2886 2008 2992 γὰρ
2072 2896 2218 2969 τῶν
2278 2892 2443 2972 καθ’
2502 2892 2690 2992 ἡμᾶς

285 3017 745 3116 σκυθρωπῶν
778 3010 1241 3111 συμβέβηκεν
1276 3011 1321 3111 ἡ
1367 3010 1577 3118 ἀρχὴ,
1616 3016 1692 3092 ἐν
1733 3014 1934 3122 κήπῳ
1974 3010 2051 3093 δὲ
2084 3015 2202 3093 καὶ
2239 3013 2324 3094 τὸ
2360 3020 2692 3117 Χριστοῦ
2714 3038 2753 3086 0

280 3136 523 3221 πάθος
574 3137 852 3242 δέχεται
896 3136 1027 3237 τὴν
1069 3133 1320 3243 ἀρχὴν,
1359 3135 1700 3218 ἁπάντων
1736 3136 1904 3238 ἡμῖν
1938 3142 2086 3218 τῶν
2119 3133 2356 3217 πάλαι
2404 3144 2688 3237 συμβε-

279 3260 621 3364 βηκότων
656 3260 997 3370 εἰσφέρον
1032 3260 1164 3362 τὴν
1199 3258 1726 3366 ἐπανόρθωσιν.

269 3513 366 3580 ‘0
423 3507 538 3580 οὖν
580 3511 841 3579 Ἰούδας
897 3510 1303 3602 παραλαβὼν
1354 3513 1474 3580 τὴν
1526 3509 1804 3604 σπεῖραν
1856 3511 1964 3582 καὶ
2022 3515 2100 3584 ὲκ
2149 3514 2282 3583 τῶν
2337 3516 2688 3607 ἀρχιερέων
2720 3542 2756 3602 3

171 3666 253 3727 25
392 3637 503 3705 καὶ
556 3636 939 3729 Φαρισαίων
994 3638 1323 3730 ὑπηρέτας
1373 3636 1633 3728 ἔρχεται
1681 3633 1820 3708 ἐκεῖ
1869 3639 2037 3719 μετὰ
2091 3641 2323 3729 φανῶν
2368 3642 2477 3707 καὶ
2529 3655 2693 3719 λαμ-

388 3765 625 3834 πάδων
679 3765 788 3832 καί
835 3767 1086 3834 ὅπλων.

401 3937 977 4042 Ἀναγκαιότατα
1029 3936 1255 4019 πάλιν
1310 3939 1351 4019 ὃ
1408 3939 1796 4025 θεσπέσιος
1851 3937 2405 4044 Εὖαγγελιστῆς
2459 3942 2535 4020 ἐν
2589 3944 2693 4049 τῷ

284 4063 499 4172 κήπῳ
571 4062 910 4166 γενέσθαι
984 4066 1171 4169 φησὶ
1245 4060 1371 4143 τὸν
1444 4065 1768 4164 Ἰησοῦν,
1847 4064 1932 4144 οὐ
2008 4062 2338 4164 πλήθους
2411 4067 2692 4170 ἀνδρῶν
2720 4070 2765 4135 <l

284 4187 566 4292 ἑτέρων,
603 4188 732 4268 οὐκ
788 4185 1016 4293 ὄχλου
1063 4185 1513 4285 συνθέοντος,
1569 4188 1795 4290 ἤγουν
1850 4187 2231 4288 ἐπαμύνειν
2287 4190 2481 4297 αὐτῷ
2537 4192 2643 4270 διε
2657 4237 2687 4252 ·

357 4418 415 4477 5.
449 4405 587 4475 πάθη
617 4405 679 4460 Ε.
1324 4421 1376 4474 9.
1415 4402 1808 4476 ἐπιχειρούντων
1831 4405 1859 4459 ε’
1912 4404 2154 4462 ἀπονοίας
2178 4405 2392 4460 inverso
2415 4404 2601 4461 ordine
2630 4406 2693 4461 E.

292 4492 378 4548 15.
416 4499 472 4532 τε
495 4494 679 4531 ausum
721 4483 844 4530 tum
868 4492 935 4530 ex
961 4474 1026 4530 E.
1412 4493 1494 4547 19.
1530 4481 1633 4530 τῶν
1656 4479 1827 4532 τόπων
1897 4517 1911 4534 .
1937 4478 2109 4532 τόπων
2135 4476 2237 4531 Ed.
2264 4494 2377 4542 mg.
2402 4479 2563 4531 τόπον
2590 4475 2693 4532 Ed.

286 4549 645 4629 ἐπαναδρομὴν
719 4586 735 4601 .
1080 4561 1167 4618 23.
1204 4544 1469 4618 εἰσφέρων
1493 4545 1558 4602 E.
1585 4545 1751 4605 Cord.
2093 4549 2177 4604 28.
2215 4548 2304 4603 τὸν
2324 4546 2531 4616 Ἰησοῦν
2555 4548 2695 4619 φησι

285 4620 498 4676 inverso
521 4617 714 4676 ordme
738 4617 809 4674 E.
