3269 5166
631 338 720 399 54
1242 335 1318 401 B.
1369 334 1792 402 CYRILLI
1851 335 2434 401 ALEXANDR.
2725 332 2903 401 xviii.
2929 333 3039 420 36.

632 497 812 582 εἶναι
846 498 1183 603 λέγοντες
1225 500 1310 581 τὸ
1357 499 1602 581 κακόν.
1689 502 2237 583 ὖπεπλοίττοντο
2280 498 2425 603 γὰρ
2468 499 2731 579 εὐνοεῖν
2765 496 3042 579 ε’θὲλειν

633 627 824 705 οὕτω
895 626 1296 723 Ῥωμαίοις,
1372 628 1470 710 ὦς
1553 623 1893 725 μηδόλως
1981 624 2365 731 ἀνέχεσθαι
2449 618 2585 703 κάν
2656 630 2837 725 γοῦν
2918 621 3041 702 διὰ

632 747 971 851 γλώττης
1005 747 1192 854 ἔχειν
1230 748 1315 828 τὸ
1352 752 1478 847 τῆς
1516 748 2000 833 ἀποστάσεως
2033 747 2284 847 ὄνομα.
2364 745 2626 846 ταύτης
2671 746 2799 825 οὖν
2833 745 3040 825 ἕνεκα

572 908 610 952 e
632 876 765 972 τῆς
821 873 1048 957 αἰτίας
1104 872 1691 977 προσαγηοχέναι
1758 906 1833 951 τε
1898 874 2090 979 φασὶ
2153 873 2270 952 καὶ
2331 873 2530 955 δίκας
2587 870 3040 950 ἀποτίσοντα

631 1002 1117 1101 παρενεγκεῖν.
1222 997 1812 1100 ἀπολογούμενος
1875 995 1951 1076 δὲ
2011 994 2192 1098 πρὸς
2258 1003 2482 1075 ταῦτα
2539 993 2884 1094 Χριστὸς,
2949 992 3036 1073 τὸ
3063 1028 3102 1089 5

628 1118 762 1220 μὲν
833 1117 1013 1202 εἶναι
1085 1118 1439 1218 βασιλεὺς
1514 1121 1643 1200 οὐκ
1720 1117 2117 1222 ἠρνήσατο·
2217 1121 2453 1221 λέγειν
2520 1116 2664 1223 γὰρ
2738 1117 2875 1198 ἔδει
2949 1116 3036 1197 τὸ

630 1244 922 1345 ἀληθές·
1007 1243 1119 1326 ὅτι
1174 1242 1250 1325 δὲ
1305 1247 1433 1344 τῆς
1490 1251 1619 1324 τοῦ
1675 1244 2053 1346 Καίσαρος
2105 1243 2487 1340 βασιλείας
2545 1243 2631 1321 οὐ
2690 1241 3037 1341 πολέμιος

629 1365 722 1468 ἦν
775 1365 1159 1474 ἀπελέγχει
1216 1372 1503 1474 σαφῶς,
1553 1367 1684 1446 οὐκ
1739 1366 2051 1468 ἐπίγειον
2105 1367 2335 1447 οὖσαν
2390 1363 2522 1466 τὴν
2577 1366 2829 1445 ἑαυτοῦ
2883 1400 3030 1466 ση-

627 1494 903 1594 μαίνων
981 1492 1235 1598 ἀρχὴν,
1310 1493 1478 1572 ἀλλ’
1557 1491 1864 1593 οὐρανοῦ
1940 1525 2019 1571 τε
2104 1494 2221 1572 καὶ
2297 1495 2433 1594 γῆς
2514 1492 2630 1570 καὶ
2702 1496 2850 1570 τῶν
2931 1491 3036 1571 ἔτι

628 1614 963 1723 μειζόνων
1011 1621 1429 1718 θεοπρεπῶς
1482 1613 1962 1721 ἐξάρχουσαν.
3065 1655 3138 1697 10

742 1742 878 1827 Τίς
933 1741 1061 1822 οὖν
1114 1739 1256 1843 ἀρα
1313 1736 1574 1819 λοιπὸν
1628 1739 1675 1839 ἦ
1732 1738 2112 1847 ἀπόδειξις,
2170 1740 2288 1820 καὶ
2339 1735 2563 1820 πόθεν
2616 1738 2662 1838 ἦ
2726 1742 2856 1838 τῆς
2917 1741 3035 1820 ἐπὶ

631 1865 909 1951 τούτοις
974 1865 1296 1972 ὑποψίας
1360 1861 1776 1967 ἀναίρεσις;
1860 1861 1946 1943 τὸ
2020 1862 2121 1964 μὴ
2196 1860 2620 1970 δορυφόροις
2689 1870 2844 1943 τισὶ
2916 1868 3037 1944 καὶ

564 2002 611 2070 d
633 1994 1177 2093 προασπισταῖς
1214 1990 1762 2093 ἀποκεχρῆσθαι
1797 1986 2108 2086 πώποτε,
2146 1989 2373 2091 ἤγουν
2409 1987 2600 2072 ὅλως
2648 1986 2834 2091 ἔχειν
2868 1987 3037 2074 τοῦς

631 2112 1195 2216 ἀνθοπλίζεσθαι
1246 2116 1393 2194 δεῖν
1440 2112 1841 2211 ἑλομένους,
1881 2115 1999 2192 καὶ
2053 2113 2188 2218 οὐχ
2242 2111 2436 2197 ὅπως
2491 2109 2580 2192 ἂν
2623 2115 2754 2211 τῆς
2800 2120 3026 2205 βασι-

629 2238 828 2323 λείας
885 2236 985 2339 μὴ
1042 2237 1402 2319 ἀποπέσοι
1458 2234 1701 2334 μόνον,
1739 2235 1942 2316 ἀλλά
1990 2235 2133 2340 γὰρ
2185 2235 2338 2317 οὐδ’
2376 2237 2493 2317 ἵνα
2544 2233 2856 2345 διαδρῷη
2905 2235 3035 2317 τὸν
3067 2268 3134 2325 15

627 2362 1121 2466 ἐπαρτηθέντα
1186 2361 1514 2443 κίνδυνον
1574 2361 1771 2467 αὐτῷ
1833 2362 1950 2440 καὶ
2021 2369 2234 2441 τοῦτο
2300 2358 2418 2439 διὰ
2478 2364 2607 2460 τῆς
2669 2361 3037 2442 Ἰουδαίων

627 2484 865 2593 χειρὸς
919 2483 1579 2593 ε’πιῤῥιπτούμενον·
1643 2484 1812 2585 μήτι
1860 2517 1944 2586 γε
1991 2487 2108 2564 καὶ
2159 2486 2377 2565 αὑτοῦ
2426 2493 2555 2566 τοῦ
2603 2494 3036 2590 κρατοῦντος

628 2612 1017 2711 Ἰουδαίων,
1055 2613 1407 2708 τουτέστι,
1441 2617 1571 2690 τοῦ
1615 2610 2012 2714 Καίσαρος.
2087 2611 2484 2712 λελυμένης
2539 2612 2666 2693 οὖν
2710 2611 2852 2715 ἄρα
2906 2615 3036 2712 τῆς

628 2742 727 2821 εἷς
789 2743 1002 2817 τοῦτο
1063 2738 1426 2834 καταβοῆς
1491 2733 1609 2814 διὰ
1673 2738 1800 2835 τῆς
1866 2737 2090 2819 οὕτως
2153 2737 2495 2838 ἐναργοῦς
2568 2736 3031 2842 ἀποδείξεως,

629 2860 1195 2969 ἀπροφάσιστον
1270 2858 1407 2960 ἤδη
1487 2857 1794 2967 Πιλάτῳ
1874 2858 1959 2940 τὸ
2042 2857 2226 2939 κατὰ
2300 2864 2633 2964 Χριστοῦ
2707 2862 3036 2966 φαίνεται
3063 2894 3137 2935 20

629 2985 927 3089 θράσος.
1003 2984 1288 3068 οὐδενὸς
1338 2980 1483 3088 γὰρ
1529 2982 2165 3088 ἐπαναγκάᾣντος,
2202 2983 2428 3086 ἤγουν
2473 2984 2562 3091 ἐξ
2605 2984 3038 3068 ἀκολουθίας

631 3116 731 3195 εἰς
802 3118 1015 3192 τοῦτο
1089 3107 1588 3206 καθέλκοντος,
1667 3113 1823 3190 ταῖς
1895 3113 2044 3186 τῶν
2111 3107 2476 3188 Ἰουδαίων
2547 3109 2832 3207 ἡδοναῖς
2905 3113 3037 3208 τῆς

574 3263 613 3312 ο
634 3234 887 3315 ἑαυτοῦ
942 3236 1191 3341 ψυχῆς
1249 3228 1608 3338 χαρίζεται
1669 3228 1802 3332 τὴν
1858 3229 2245 3330 ἀπώλειαν,
2303 3234 2421 3313 καὶ
2482 3231 2834 3337 μερίζεται
2891 3230 3041 3314 σὺν

633 3357 873 3440 αὐτοῖς
927 3358 1057 3455 τῆς
1109 3356 1655 3460 χριστοκτονίας
1707 3353 1803 3436 τὰ
1856 3355 2298 3458 ἐγκλήματα.
2372 3355 2665 3461 εἰρηκὼς
2717 3354 2952 3459 γεμὴν
2992 3359 3038 3437 ὁ

634 3478 960 3583 Χριστὸς
1015 3476 1500 3578 ὑπερκόσμιόν
1553 3513 1714 3560 τινα
1768 3475 1946 3560 εἶναι
2001 3477 2132 3579 τὴν
2186 3482 2439 3562 ἑαυτοῦ
2491 3482 2903 3578 βασιλείαν,
2952 3482 3037 3562 οὐ
3067 3509 3134 3567 25

630 3601 855 3703 μόνον
896 3608 1026 3683 τοῦ
1078 3598 1321 3707 φόβου
1358 3603 1689 3682 Πιλάτου
1722 3604 2083 3710 ἐξίστησι,
2121 3608 2240 3685 καὶ
2292 3606 2627 3690 ὑπονοίας
2677 3608 3045 3710 ἐλευθεροῖ
3219 3581 3220 3600 ¹

631 3729 757 3826 τῆς
795 3721 980 3805 κατὰ
1013 3723 1145 3825 τὴν
1183 3723 1558 3827 ἅνταρσιν,
1593 3724 1797 3805 ἀλλά
1833 3761 1902 3806 τι
1940 3730 2058 3807 καὶ
2103 3728 2290 3830 μέγα
2336 3732 2500 3832 περὶ
2550 3732 2802 3810 ἑαυτοῦ
2854 3737 3041 3810 νοεῖν

630 3849 1014 3946 ἀναπείθει,
1069 3850 1187 3927 καὶ
1243 3846 1651 3955 ἀπάρχεταί
1694 3884 1851 3933 πως
1906 3848 2024 3930 διὰ
2083 3856 2214 3952 τῆς
2269 3853 2671 3955 ἀπολογίας
2734 3857 2864 3952 τῆς
2925 3857 3035 3935 ἐπ’

632 3972 827 4079 αὐτῷ
879 3970 1367 4078 κατηχήσεως.

1416 4221 1504 4280 25.
1539 4230 1654 4264 τινα
1677 4204 1807 4264 εἶναι
1829 4207 1933 4264 hoc
1957 4208 2143 4265 ordine
2168 4208 2234 4266 Ε.
