3269 5166
579 338 700 394 622

660 517 878 594 gloriae
911 516 1094 575 Patris
1121 521 1200 577 65
1230 536 1263 575 e
1317 518 1469 576 idem
1511 518 1732 576 diverse

661 615 937 691 probatur
964 617 1186 681 66-72,
1222 617 1335 674 166
1357 635 1412 675 c.

579 711 1094 772 consubstantialis
1115 715 1286 771 Pater
1308 721 1367 770 et
1390 713 1565 770 Filius
1593 730 1730 771 eon·

661 809 1047 868 substantialis
1106 814 1225 870 336
1274 830 1308 869 e
1381 830 1484 886 per
1524 829 1586 868 se
1628 828 1728 867 ex-

659 908 840 966 istunt
862 911 935 967 16
957 927 991 966 a
1008 908 1047 965 b
1093 927 1126 966 e
1156 908 1389 966 diversis
1412 907 1520 967 SS.
1540 906 1730 983 Scrip-

659 1017 821 1064 tnrse
888 1005 1227 1064 testimoniis
1292 1007 1404 1064 hoc
1457 1006 1732 1080 probatur

667 1107 741 1162 16
770 1104 970 1163 d——l9
998 1123 1051 1170 c,
1089 1107 1203 1163 152
1233 1123 1285 1173 e,
1321 1107 1430 1163 161
1465 1103 1553 1161 cd
1593 1121 1730 1160 con-

660 1201 1107 1259 substantialitas
1175 1201 1563 1260 confusionem
1629 1210 1731 1259 aut

661 1300 1125 1359 commixtionem
1186 1318 1302 1357 non
1349 1299 1523 1358 efficit
1571 1303 1650 1357 34
1679 1317 1729 1371 e,

663 1402 741 1458 35
771 1417 806 1456 a
858 1398 1078 1455 diverse
1106 1397 1380 1471 probatur
1408 1400 1484 1455 35
1514 1415 1564 1455 e.

579 1495 1094 1555 Consubstantialis
1116 1495 1283 1555 Pater
1308 1504 1368 1553 et
1395 1495 1587 1564 Filius,
1611 1514 1730 1554 non

661 1594 926 1651 obstante
944 1592 1095 1668 quod
1104 1593 1428 1650 unctionem
1445 1611 1550 1669 pro
1565 1593 1731 1652 nobis

661 1690 867 1764 accipit
916 1689 1090 1747 Filius
1126 1694 1239 1748 117
1307 1709 1424 1747 non
1468 1691 1731 1749 obstante

661 1787 811 1862 quod
855 1805 957 1860 per
1004 1805 1066 1843 se
1107 1787 1301 1844 existit
1342 1786 1517 1845 Filius
1554 1789 1731 1849 1281)

660 1882 1156 1942 consubstantialis
1185 1886 1303 1942 222
1327 1903 1375 1954 c,
1407 1887 1524 1943 233
1545 1905 1595 1944 c.

580 1992 618 2015 ‘⁴
641 1981 1114 2041 consummatum
1143 1987 1232 2038 est
1251 1981 1286 2004 ”
1317 1985 1434 2039 845
1457 1983 1495 2039 d
1511 2001 1565 2042 e.

577 2078 771 2139 Corda
797 2098 869 2137 ne
896 2079 1240 2137 obduremus
1266 2080 1580 2139 cavendum
1609 2085 1729 2140 352

660 2178 700 2236 d
716 2196 766 2237 e.

580 2274 810 2336 Corons
850 2276 1062 2352 spinea,
1090 2276 1489 2335 vestimentum
1518 2295 1727 2352 purpu-

659 2393 820 2431 reum
849 2374 983 2447 quid
1011 2373 1336 2448 significant
1368 2378 1523 2434 1044
1551 2394 1587 2432 ιι
1604 2375 1660 2432 b.

580 2468 837 2546 Corpora
879 2479 1076 2527 nostra
1119 2469 1333 2530 Christi
1369 2470 1609 2547 Corpori
1654 2471 1729 2529 si·

660 2568 815 2627 milia
843 2567 934 2626 die
963 2568 1414 2627 Resurrectionis
1444 2573 1561 2630 819
1589 2589 1642 2629 a.

578 2666 848 2741 Corporis
889 2685 1027 2723 cura
1070 2667 1292 2724 animae
1336 2686 1453 2725 non
1495 2668 1730 2744 prodest

660 2764 763 2822 sed
788 2764 953 2821 obest
981 2767 1099 2822 299
1129 2763 1216 2821 bc
1234 2765 1291 2821 d.

578 2860 804 2937 Corpus
831 2862 1096 2937 spiritale,
1139 2862 1273 2937 quid
1311 2860 1376 2920 M
1408 2866 1485 2921 29
1516 2863 1632 2930 fin..
1663 2862 1727 2920 M

663 2963 738 3020 78
803 2959 1062 3025 animale.
1109 2960 1244 3035 quid
1272 2960 1339 3017 M
1372 2966 1447 3019 77
1478 2961 1596 3028 fin.,
1651 2963 1726 3020 78

659 3077 865 3135 corpus
900 3058 1065 3116 initio
1097 3076 1215 3115 non
1256 3058 1337 3116 ita
1377 3068 1628 3116 creatum
1660 3059 1724 3116 M

663 3161 738 3214 77
769 3157 863 3214 fin.
925 3175 1041 3213 non
1085 3156 1323 3213 animale
1365 3174 1438 3214 ex
1482 3157 1730 3215 essentia

660 3255 762 3312 sed
789 3272 821 3312 e
849 3253 1102 3311 moribus
1129 3252 1194 3310 Μ
1225 3258 1302 3312 79
1330 3255 1429 3312 fin.
1477 3253 1727 3332 spiritale

659 3352 950 3427 praecedit
987 3351 1054 3409 M
1086 3355 1163 3410 80
1195 3351 1316 3408 init.
1392 3351 1728 3409 humilitatis

660 3458 889 3507 nostrae
917 3449 1054 3524 quid
1081 3448 1144 3505 M
1179 3452 1276 3507 81.

580 3545 806 3606 Creatio
847 3547 1142 3604 hominum
1170 3547 1350 3623 prima
1383 3550 1516 3618 122,
1549 3551 1664 3606 123
1696 3566 1729 3604 a

658 3643 935 3701 recreatio
971 3646 1083 3703 123
1114 3644 1271 3703 cde.

578 3741 856 3801 Creatura
917 3741 1122 3816 accipit
1176 3745 1254 3801 99
1297 3762 1348 3808 e.
1414 3747 1528 3802 100
1567 3743 1657 3800 ab
1676 3762 1727 3809 c,

662 3842 802 3899 522.

576 3937 855 3998 Creatura
901 3936 1247 4013 corruptioni
1301 3937 1566 4004 obnoxia,
1624 3939 1729 3996 eti-

660 4035 804 4094 amsi
832 4034 943 4093 Dei
970 4036 1262 4093 voluntate
1303 4035 1557 4093 nondum
1599 4054 1727 4093 cor-

661 4141 953 4208 rumpetur
982 4136 1102 4192 580
1130 4152 1179 4190 a.

573 4231 826 4292 Credere
869 4238 1096 4307 oportet
1135 4248 1234 4287 eos
1274 4230 1369 4306 qui
1411 4230 1730 4307 intelligere

661 4348 779 4388 non
806 4334 1046 4404 possunt
1077 4330 1191 4386 149
1220 4328 1324 4394 cd,
1360 4332 1474 4388 150
1503 4329 1542 4386 b
1610 4348 1729 4387 non

659 4427 890 4485 credere
948 4433 1228 4501 prompte,
1284 4425 1410 4483 Deo
1464 4426 1726 4493 docente,

660 4522 905 4581 Veritati
951 4521 1229 4580 mendacii
1272 4523 1487 4582 crimen
1531 4524 1724 4583 innec-

1382 335 1703 393 INDEX
1790 334 2159 393 RERUM.

2393 352 3000 392 consuasrANruus

1917 524 2039 575 tere
2074 520 2187 576 152
2216 536 2248 574 c
2305 516 2537 574 credere
2578 534 2713 572 cnm
2742 524 2997 591 oportet,

1916 633 2033 672 non
2073 614 2348 673 curiosius
2388 613 2759 671 scrutandum
2798 616 2928 672 227
2966 631 3000 670 c

1914 713 2146 771 credere
2200 731 2318 770 non
2373 720 2687 786 potuerunt
2734 710 2993 786 qnidam,

1913 830 2016 886 per
2077 810 2288 868 inentis
2340 810 2735 867 infirmitatem
2791 809 2997 866 volun-

1913 908 2117 965 tariam
2156 916 2217 967 et
2252 907 2472 984 gloriae
2511 924 2695 964 vanae
2737 906 2998 963 studium

1916 1010 2036 1065 556
2066 1005 2105 1063 d
2122 1024 2170 1064 e.

1833 1102 2077 1164 Crucem
2117 1104 2266 1162 ferre
2305 1102 2442 1178 quid
2487 1105 2641 1161 1058
2673 1121 2709 1159 ο,
2757 1101 2998 1159 ferimus

1913 1220 2022 1259 nos
2050 1200 2157 1277 ipsi
2186 1201 2471 1276 quomodo
2501 1203 2660 1258 1058
2691 1199 2731 1257 b
2753 1218 2808 1257 e.

1832 1297 2019 1375 Culpa
2052 1299 2236 1357 aliens
2271 1299 2330 1356 in
2369 1298 2562 1355 oribus
2602 1298 2822 1355 nostris
2867 1316 2997 1355 me

1916 1415 2031 1454 non
2059 1405 2287 1473 oportet
2312 1396 2390 1455 iii.
2419 1398 2554 1454 446.

1834 1492 2018 1553 Cultu-i
2050 1493 2259 1571 lapidei
2296 1513 2427 1551 cum
2449 1492 2487 1550 J
2491 1511 2632 1551 osue
2668 1493 2997 1569 consepulti

1916 1592 2053 1666 quid
2077 1591 2403 1666 spiritaliter
2430 1590 2759 1667 significent
2783 1595 2908 1650 438
2927 1610 2977 1648 c.

1835 1688 2042 1748 Cultus
2067 1689 2417 1747 Testamenti
2452 1688 2608 1746 Novi
2645 1708 2779 1745 cum
2818 1689 2996 1764 legali

1915 1788 2071 1845 cultu
2113 1787 2404 1845 confertur
2435 1789 2551 1846 189
2580 1804 2633 1851 c,
2675 1789 2786 1844 191
2823 1805 2861 1843 a
2882 1787 2994 1852 bc,

1923 1889 2034 1944 192
2058 1904 2109 1950 c,
2141 1889 2254 1943 201
2282 1904 2333 1949 a,
2365 1887 2484 1943 209
2507 1883 2561 1955 b,
2592 1888 2714 1942 414
2735 1902 2791 1943 e.

1834 1981 2064 2041 Cultum
2098 1982 2406 2057 spiritalem
2434 1982 2683 2039 offerunt
2711 1990 2772 2040 et
2798 1981 2995 2059 angeli

1916 2083 2035 2138 633
2064 2099 2097 2137 c
2114 2081 2166 2138 d.

1834 2176 2141 2236 Oumz——“
2168 2178 2485 2235 Nobiscum
2521 2176 2683 2234 Deus
2702 2177 2738 2199 ’⁹
2783 2178 2848 2235 in
2887 2197 2993 2235 no-

1915 2284 2036 2333 stra
2077 2284 2296 2343 natura,
2338 2275 2419 2333 sic
2466 2274 2645 2344 “Qui
2686 2276 2793 2333 Me
2837 2276 2995 2334 misit

1915 2372 2150 2431 Mecum
2166 2374 2313 2438 est‚”
2335 2372 2994 2433 NaturarumUnitatem

1915 2471 2125 2529 indicat
2154 2474 2272 2530 528
2302 2471 2409 2528 ab.

1832 2569 2141 2645 Cupidines
2189 2569 2483 2627 effraenati
2523 2568 2878 2644 potentiores
2924 2569 2990 2628 fi-

1913 2675 2019 2726 unt
2050 2666 2115 2726 M
2150 2672 2242 2733 17,
2282 2671 2354 2725 18
2386 2669 2482 2725 fin.
2553 2668 2779 2725 etiamsi
2821 2668 2993 2725 inno-

1914 2773 2109 2824 centes
2152 2774 2357 2822 natura
2399 2774 2533 2823 sunt
2573 2766 2833 2824 carnales
2869 2767 2991 2823 ani-

1914 2864 2162 2921 malesve
2206 2863 2273 2919 M
2315 2864 2413 2922 79.

2378 3105 2435 3162 D

1833 3252 2170 3311 Dsnuoms
2216 3262 2572 3329 agnoverunt
2609 3273 2671 3311 se
2701 3264 2988 3312 tormenta

1912 3369 2181 3425 passuros
2208 3351 2457 3409 Adventi
2493 3360 2751 3427 tempore
2782 3356 2904 3411 559
2931 3371 2983 3417 e.

1915 3452 2035 3507 560
2064 3468 2097 3506 a
2115 3449 2169 3506 b.

1833 3546 2022 3605 David
2040 3547 2164 3604 Rex
2182 3546 2586 3621 propositionis
2608 3566 2785 3622 panes
2813 3548 2987 3606 edens

1918 3644 2193 3702 Gentium
2267 3651 2439 3720 typus
2512 3646 2986 3721 reliquiarumque

1914 3742 1954 3800 J
1962 3742 2265 3800 udneorum
2294 3745 2415 3801 390
2444 3741 2547 3799 ab.

1833 3840 2036 3906 David,
2096 3859 2201 3915 pro
2254 3838 2485 3900 Christo
2540 3858 2709 3915 saepe
2764 3841 2982 3915 positus

1915 3943 2034 3998 403
2064 3937 2121 3995 b.

1833 4035 2158 4112 Deculogus
2184 4036 2306 4093 vide
2332 4036 2691 4094 Mandatum.

1834 4133 2112 4209 Decalogi
2140 4133 2365 4191 tabulae
2406 4152 2578 4209 super
2604 4134 2854 4209 lapidem
2893 4136 2976 4191 in-

1913 4233 2181 4308 sculptae.
2208 4231 2246 4289 J
2250 4232 2556 4289 udseorum
2573 4250 2674 4289 cor
2698 4232 2980 4308 lapideum

1914 4330 2299 4405 praefigurant
2326 4329 2393 4385 M
2426 4332 2503 4387 89
2534 4328 2632 4386 fin.

1832 4426 2047 4486 Decem
2075 4446 2342 4486 numerus
2370 4427 2655 4501 perfectus
2686 4432 2805 4487 357
2828 4449 2876 4489 a.

1830 4524 2066 4584 Decima
2093 4525 2235 4583 hora
2261 4524 2394 4600 quid
2425 4525 2713 4601 significat
2747 4530 2861 4586 130
2892 4527 2943 4583 d.
