3269 5166
642 321 730 385 98
1251 316 1331 381 Β.
1376 310 1805 379 CYRILLI
1861 309 2446 376 ALEXANDR.
2782 310 2916 375 xix.
2946 330 3055 398 30.

643 481 1190 580 καταπέτασμα.
1267 477 1378 560 διὸ
1439 479 1556 558 καὶ
1617 483 1715 561 εἰς
1780 474 1912 576 τὴν
1972 475 2268 580 πρώτην
2326 471 2684 579 ἐλογίζετο
2746 472 3059 574 σκηνὴν,

645 608 965 687 ἐκαλεῖτο
1003 602 1079 684 δὲ
1115 603 1310 706 ἁγία·
1391 602 1476 682 οὐ
1513 599 1657 705 γὰρ
1692 598 1780 702 δή
1818 634 1925 686 τις
1963 599 2152 685 ὅλως
2190 599 2470 703 ἀνίερον
2501 595 2683 679 εἷναί
2719 633 2883 679 τινα
2923 607 3059 679 τοῦ

650 736 824 809 ναοῦ
877 725 1103 809 τόπον
1158 730 1318 831 ἐρεῖ,
1375 723 1845 832 διαψεύσεται
1900 722 2064 828 γὰρ,
2102 725 2388 828 ἐπείπερ
2442 723 2616 808 ὅλος
2668 722 2875 826 ἅγιος
2934 721 3054 823 ἦν.

592 889 628 933 ο
649 850 831 952 μετὰ
867 849 942 932 δὲ
985 848 1117 952 τὴν
1151 850 1445 955 πρώτην
1481 847 1760 951 σκηνὴν
1797 847 1880 931 τὸ
1929 848 2202 955 μεταξὺ
2237 849 2760 949 καταπέτασμα
2806 848 3054 928 δευτέ-

648 1010 786 1082 ραν
820 972 1072 1080 ὥσπερ
1109 973 1486 1079 εἰργάζετο,
1507 972 1640 1074 τὴν
1667 972 1996 1076 ἐσωτέρω
2034 978 2242 1078 φημὶ,
2279 972 2371 1051 τὰ
2407 971 2579 1076 ἅγια
2613 978 2759 1051 τῶν
2794 972 3056 1072 ἁγίων.
3084 1007 3116 1068 5

650 1101 820 1181 ἀλλ’
860 1098 1111 1203 ὥσπερ
1148 1100 1189 1180 5
1226 1098 1568 1202 μακάριος
1614 1096 1755 1204 ἔφη
1795 1102 2113 1196 Παῦλος,
2152 1096 2270 1177 δια
2304 1103 2452 1177 τῶν
2488 1100 2564 1177 ἐν
2599 1096 2849 1180 τύποις
2886 1096 3065 1196 ἡμῖν

624 1222 1052 1330 σχημάτων
1088 1221 1347 1325 ἐδήλου
1383 1257 1467 1304 το
1504 1227 1805 1321 Πνεῦμα
1841 1218 1973 1321 τὴν
2009 1227 2155 1305 τοῖς
2192 1222 2420 1323 ἁγίοις
2453 1220 3065 1325 πρστωδεστέραν

651 1351 849 1432 οὔπω
906 1352 1465 1455 πεφανερῶσθαι
1519 1345 1790 1449 τρίβον,
1836 1344 2261 1451 εἰργομένων
2312 1346 2414 1427 ἔτι
2468 1352 2616 1426 τῶν
2668 1352 2897 1443 λαῶν,
2945 1350 3064 1427 καὶ

649 1472 924 1555 στάσιν
958 1471 1267 1579 ἐχούσης
1309 1475 1437 1571 τῆς
1488 1470 1778 1573 πρώτης
1833 1471 2080 1570 αὐλῆς.
2155 1471 2356 1551 οὔπω
2405 1469 2550 1574 γὰρ
2587 1470 2814 1555 ὅντως
2850 1473 2895 1551 5
2933 1475 3064 1572 τῆς

650 1599 1014 1680 πολιτείας
1069 1596 1467 1702 διεφαίνετο
1516 1592 1783 1698 τρόπος
1827 1598 1955 1695 τῆς
2006 1595 2341 1695 δοθείσης
2384 1593 2503 1675 διὰ
2538 1600 2873 1699 Χριστοῦ
2909 1603 3065 1680 τοῖς
3090 1636 3151 1677 ιο

652 1718 771 1801 διὰ
820 1728 949 1801 τοῦ
1014 1719 1434 1817 Πνεύματος
1500 1717 1957 1819 κεκλημένοις
2020 1716 2203 1822 πρὸς
2260 1719 2650 1823 ἁγιασμὸν,
2709 1721 2918 1801 οὔπω
2978 1720 3063 1801 τὸ

650 1848 809 1950 περὶ
867 1846 1084 1924 αὐτοῦ
1139 1842 1605 1951 πεφανέρωτο
1659 1841 2083 1948 μυστήριον,
2142 1843 2244 1923 ἔτι
2302 1848 2430 1944 τῆς
2495 1847 2572 1924 ἐν
2628 1842 3064 1946 γράμμασιν

585 1981 630 2047 d
654 1970 1051 2076 ἰσχυούσης
1096 1969 1415 2067 ἐντολῆς.
1495 1967 1605 2048 διὸ
1663 1970 1780 2048 καὶ
1829 1973 1928 2052 εἰς
1974 1966 2108 2068 τὴν
2156 1969 2450 2072 πρώτην
2494 1966 2727 2069 αὐλὴν
2762 1969 2806 2047 5
2843 1966 3063 2068 νόμος

651 2094 824 2195 ἵστη
877 2091 1041 2177 τοὺς
1091 2094 1499 2176 Ἰουδαίους.
1600 2090 2056 2197 προεισβολὴ
2111 2090 2255 2196 γὰρ
2310 2091 2560 2195 ὥσπερ
2624 2126 2733 2179 τις
2791 2095 2918 2174 καὶ
2975 2095 3060 2174 ’ἶν’

653 2219 878 2303 οὕτως
934 2216 1105 2298 εἴπω
1160 2215 1558 2322 προαύλιόν
1615 2218 1776 2297 ἐστι
1829 2221 1957 2317 τῆς
2011 2218 2475 2319 εὐαγγελικῆς
2509 2216 2956 2302 παιδεύσεῶς
2987 2251 3063 2298 τε
3093 2247 3153 2306 15
3210 2261 3211 2280 ἢ

655 2345 772 2423 καὶ
825 2342 1187 2426 πολιτείας
1241 2341 1286 2441 ἡ
1346 2339 1625 2442 νομική.
1707 2341 1750 2442 ἡ
1806 2339 1940 2441 μὲν
1996 2339 2140 2445 γάρ
2194 2344 2397 2421 ἐστιν
2454 2344 2530 2422 ἐν
2577 2340 2849 2440 τύποις,
2894 2343 2945 2443 ἡ
2990 2342 3063 2423 δὲ

324 2479 567 2599 {iffa-*¹¹-
655 2466 911 2563 βλέπει
966 2464 1148 2568 πρὸς
1194 2465 1558 2566 ἀλήθειαν.
1634 2469 1752 2545 καὶ
1789 2466 1963 2566 ἁγία
2001 2462 2131 2564 μὲν
2166 2466 2211 2566 ἡ
2248 2465 2502 2569 πρώτη
2550 2464 2808 2568 σκηνὴ,
2859 2462 3064 2571 ἅγιος

391 2586 403 2599 ’
657 2591 802 2695 γὰρ
840 2592 879 2670 5
928 2589 1142 2690 νόμος
1193 2594 1309 2671 καὶ
1347 2591 1390 2691 ἡ
1429 2589 1686 2693 ἐντολὴ
1738 2592 1976 2671 δικαία
2020 2592 2137 2670 καὶ
2183 2589 2446 2693 ἀγαθή·
2515 2593 2687 2695 ἁγία
2724 2590 2801 2671 δὲ
2837 2592 3067 2694 ἁγίων

657 2716 702 2816 ἡ
740 2712 1081 2818 ε’σωτέρα·
1141 2712 1330 2819 ἅγιοι
1373 2714 1519 2819 γὰρ
1556 2714 1755 2799 ὄντες
1793 2720 1860 2795 οἰ
1913 2719 2042 2815 τῆς
2098 2713 2283 2796 κατὰ
2336 2714 2558 2815 νόμον
2606 2716 3066 2815 δικαιοσύνης
3210 2776 3211 2797 2

654 2835 1186 2945 μετειληφότες,
1243 2837 1637 2942 γεγόνασιν
1705 2839 2079 2944 ἁγιώτεροι
2142 2837 2274 2940 τὴν
2337 2840 2589 2921 πίστιν
2640 2839 3061 2950 παραδεξά-
3088 2873 3162 2915 20
3210 2842 3211 2845 ’

597 2997 635 3041 ο
655 2998 875 3065 μενοι,
925 2968 1151 3065 δῆλον
1206 2960 1282 3044 δὲ
1337 2962 1445 3043 ὅτι
1501 2962 1633 3065 τὴν
1689 2968 1787 3049 εἰς
1842 2963 2196 3069 Χριστὸν,
2253 2968 2374 3045 καὶ
2426 2971 2529 3074 τῷ
2584 2965 2750 3074 θείῳ
2808 3000 2891 3046 τε
2951 2968 3066 3046 καὶ

655 3090 888 3200 Ἀγίῳ
926 3087 1499 3194 διακεχρισμένοι
1532 3086 1922 3187 Πνεύματι.
1987 3088 2240 3192 μείζων
2275 3089 2401 3170 οὖν
2435 3090 2575 3193 ἄρα
2611 3093 2738 3189 τῆς
2774 3094 3068 3190 νομικῆς

659 3213 1114 3313 δικαιοσύνης
1153 3213 1196 3313 ἡ
1234 3211 1352 3293 διὰ
1402 3212 1739 3310 πίστεως,
1778 3215 1896 3292 καὶ
1945 3209 2140 3294 πολὺ
2191 3210 2279 3313 δὴ
2323 3214 2493 3294 λίαν
2527 3212 3068 3317 πλουσιώτερος

663 3338 703 3415 5
740 3334 1126 3436 ἁγιασμός.
1203 3335 1568 3439 τοιγάρτοι
1617 3338 1735 3416 καὶ
1781 3337 1822 3416 5
1859 3335 2291 3442 σοφώτατος
2331 3341 2631 3422 Παῦλος
2676 3335 2949 3445 ἥδιστά
2995 3371 3067 3417 τε

664 3462 779 3537 καὶ
817 3458 982 3536 λίαν
1018 3458 1311 3555 ἑτοίμως
1345 3456 1478 3559 τὴν
1515 3463 1591 3540 ε’ν
1628 3458 1825 3568 νόμῳ
1854 3458 2314 3561 δικαιοσύνην
2339 3459 2780 3564 ἐζημιῶσθαί
2813 3468 3068 3570 φησιν,
3092 3490 3161 3551 ²5

665 3582 781 3661 ἵνα
836 3578 1166 3686 Χριστὸν
1210 3582 1532 3690 κερδάνῃ,
1590 3588 1707 3664 καὶ
1753 3586 2003 3689 εὑρεθῇ
2063 3593 2108 3632 “
2130 3585 2207 3664 ἐν
2260 3586 2452 3693 αὐτῷ
2493 3582 2595 3685 μὴ
2646 3584 2836 3690 ἔχων
2888 3588 3071 3667 ἰδίαν

667 3716 712 3753 “
748 3704 1205 3806 δικαιοσύνην
1259 3704 1389 3806 τὴν
1443 3709 1518 3787 ἐν
1575 3706 1792 3816 νόμῳ,
1850 3705 2052 3786 ἀλλὰ
2105 3706 2238 3809 τὴν
2293 3707 2409 3788 διὰ
2461 3708 2776 3792 πίστεως
2824 3710 3073 3812 Ἰησοῦ

329 3834 509 3953 {33⁸¹st-
532 3847 578 3901 ⁷·
670 3841 713 3878 “
750 3831 1150 3933 Χριστοῦ.”
1228 3834 1345 3911 καὶ
1401 3832 1642 3912 ὀπίσω
1699 3831 1787 3912 δέ
1829 3865 2012 3916 τινες
2068 3832 2389 3933 ἔπιπτον,
2425 3837 2544 3914 καὶ
2600 3840 2847 3920 καλῶς
2901 3836 3067 3942 τρέ·

669 3988 916 4061 χοντες
961 3956 1506 4055 ἐβασκαίνοντο,
1542 3956 1861 4059 γαλάται
1916 3955 1994 4036 δὲ
2043 3955 2260 4055 οὗτοι,
2296 3955 2479 4056 μετὰ
2526 3957 2661 4059 τὴν
2704 3960 2781 4038 ἐν
2828 3962 3073 4043 πίστει

329 4096 493 4155 1071
507 4093 586 4152 Δ.
609 4109 647 4151 a
670 4078 1147 4179 δικαιοσύνην,
1185 4085 1281 4164 εἰς
1331 4077 1464 4180 τὴν
1509 4088 1639 4161 τοῦ
1695 4077 1917 4179 νόμον
1970 4078 2685 4183 παλινδρομήσαντες
2733 4085 3068 4187 ἐντολὴν,
3095 4130 3171 4189 30

669 4205 784 4283 καὶ
840 4208 936 4287 εἰς
992 4202 1360 4284 πολιτείαν
1398 4202 2033 4306 ὑπονοστήσαντες
2082 4202 2217 4305 τὴν
2252 4207 2329 4286 ἐν
2363 4205 2611 4292 τύποις
2664 4209 2784 4288 καὶ
2841 4211 3074 4314 γράμ-

665 4361 914 4429 μασιν,
953 4325 1055 4411 οἷς
1100 4325 1188 4427 δὴ
1234 4330 1351 4407 καὶ
1406 4326 1705 4437 σφόδρα
1759 4330 2044 4415 δικαίως
2100 4331 2141 4410 5
2202 4335 2502 4417 Παῦλος
2556 4333 3074 4440 διεμαρτύρατο

329 3588 463 3640 Phil.
482 3588 555 3640 iii.

330 3655 379 3714 8,
398 3669 444 3722 9.

667 4495 1416 4641 ²61-3bggjgmh-dpycisao
1440 4515 1549 4554 om.
1571 4498 1628 4570 (a
1641 4500 1794 4567 -ζετο
1817 4498 2039 4567 αεὶ-ζετο
2064 4499 2264 4555 scilicet
2281 4499 2912 4571 transiliena)E.14.
2936 4527 2987 4560 τι
3012 4504 3075 4560 Β.
