3269 5166
300 367 563 432 [34Μ.]

613 269 746 331 324
919 262 1417 329 B.CYR1LL1
1467 260 1997 327 ALEXANDR.
2052 260 2618 326 FRAGMENTA
2706 260 2748 323 i.
2782 261 3018 343 18sqq.

615 439 744 509 τοῦ
789 435 979 510 Θεοῦ
1035 429 1151 509 διὰ
1199 433 1529 531 Χριστοῦ
1583 426 1805 526 μόνον
1861 427 2131 531 ἔχουσα
2187 428 2257 506 τὶ
2319 430 2443 507 ναί·
2519 423 3021 527 ἀπαράδεκτον

614 552 692 633 δὲ
745 559 1119 636 παντελῶς
1177 551 1258 631 τὸ
1318 556 1410 633 οὔ·
1482 550 1669 653 ὅπερ
1711 551 1994 649 ἐστὶνὴ
2041 552 2361 651 ἄρνησις·
2440 551 2554 628 καὶ
2612 546 2756 649 γάρ
2809 549 3020 626 ἐστιν

382 703 466 755 85
492 698 588 755 Μ.
615 674 825 760 αὐτὸς
873 677 918 775 ἡ
964 675 1284 776 ἀλήθεια.
1360 674 2019 776 προσαποδείκνυσι
2068 674 2144 753 δὲ
2182 678 2298 753 καὶ
2333 682 2586 752 τοῦτον
2621 673 2865 755 ἑνικῶς
2901 670 3020 751 ὅτι

275 1316 326 1365 S.
342 1315 379 1364 J
381 1331 455 1365 ao.
472 1317 517 1387 ·i.

281 1394 355 1443 17.

614 800 797 879 κατὰ
835 797 1062 904 φύσιν
1097 802 1252 878 ἐστὶ
1283 798 1490 883 Θεός·
1550 803 1610 876 εἰ
1648 797 1791 900 γὰρ
1828 798 1955 878 οὐκ
1991 794 2081 875 ἂν
2109 786 2586 903 διαψεύσαιτο
2620 794 2751 879 τὰς
2787 797 3016 897 ε’παγ-

614 922 882 1023 γελίας,
918 925 1355 1024 ἀποπερανεῖ
1397 922 1473 1000 δὲ
1516 928 1810 1019 μᾶλλον
1847 927 1991 1004 τοῖς
2041 921 2271 1022 ἁγίοις
2319 919 2557 1015 αὑτὰς,
2606 919 2834 998 καίτοι
2881 926 3018 998 τοῦ
3049 942 3094 1003 5

615 1051 807 1126 Θεοῦ
862 1051 981 1126 καὶ
1043 1044 1334 1146 Πατρὸς
1392 1043 1483 1126 τὰ
1542 1043 1785 1147 ἀγαθὰ
1840 1046 2313 1141 διανέμοντος,
2367 1050 2524 1128 πῶς
2582 1045 2712 1124 οὐκ
2767 1040 2860 1122 ἂν
2903 1043 3018 1139 εἴη

614 1169 836 1272 φύσει
893 1202 970 1248 τε
1029 1172 1145 1248 καὶ
1200 1172 1488 1268 ἀληθῶς
1525 1167 1723 1264 Υἱὸς,
1780 1171 1898 1247 καὶ
1952 1172 2047 1252 ὡς
2104 1171 2180 1248 ἐκ
2230 1174 2423 1247 Θεοῦ
2460 1164 2674 1264 Θεὸς,
2737 1168 2779 1246 5
2829 1169 2905 1245 ἐν
2957 1164 3020 1274 ᾧ

614 1301 659 1338 “
691 1299 902 1372 πᾶσα
958 1289 1163 1376 δόσις
1217 1290 1454 1394 ἀγαθὴ
1493 1295 1609 1371 καὶ
1660 1298 1808 1371 πᾶν
1845 1290 2142 1394 δώρημα
2196 1288 2517 1370 τὲλειον”
2577 1292 2661 1370 οῦ
2716 1293 3010 1397 διεψευ·

613 1416 898 1513 σμένως
930 1449 951 1512 3

386 1581 487 1614 ver.
508 1579 585 1616 20.
710 1536 889 1618 Ὅτι
944 1537 1023 1618 δέ
1056 1542 1256 1618 ἐστιν
1305 1535 1625 1644 ἀψευδὴς
1669 1541 1713 1618 5
1770 1537 2012 1640 λόγος,
2062 1542 2562 1642 προσεμπεδοῖ
2607 1539 2848 1641 λέγων
2884 1537 3018 1620 Διό
3055 1566 3139 1608 10

272 2308 323 2358 S.
341 2309 495 2358 Joan.

269 2375 372 2425 xvi.
401 2388 478 2438 23,
507 2389 582 2437 ²4·
611 2410 654 2447 ‘4

266 3535 352 3584 Ee.
371 3534 440 3586 vi.
466 3548 510 3584 1.

616 1669 735 1742 καὶ
778 1655 857 1741 δι’
900 1665 1099 1742 αὐτοῦ
1136 1671 1227 1771 τῷ
1261 1668 1417 1770 Θεῷ
1453 1660 1526 1742 τὶ
1566 1659 1744 1765 ἀμὴν
1781 1662 1945 1767 πρὶς
1983 1657 2181 1768 δόξαν
2219 1657 2298 1741 δι’
2339 1660 2539 1765 ἧμὶιῖν·
2598 1659 2835 1761 ἐπειδὴ
2866 1661 3019 1765 γάρ

608 1786 809 1864 ε’στιν
846 1783 1059 1870 αὐτὸς
1098 1786 1138 1863 5
1174 1785 1493 1884 μεσίτης,
1530 1785 1570 1862 5
1609 1786 1694 1863 δι’
1737 1783 1822 1864 οὗ
1855 1787 1973 1863 καὶ
2010 1784 2233 1883 μόνου
2263 1781 2614 1886 προσιτὸς
2651 1787 2693 1864 5
2727 1787 3018 1888 Πατὴρ,

611 1910 652 1987 5
709 1911 783 1987 ἐν
839 1904 897 2015 ᾧ
954 1915 1164 1987 πᾶσα
1220 1904 1422 1990 δόσις
1475 1906 1946 2005 πνευματικὴ,
2008 1908 2093 1986 δι’
2134 1908 2352 1987 αὐτοῦ
2406 1905 2494 2007 δὴ
2547 1907 2835 1992 πάντως
2890 1914 3018 1989 καὶ

608 2038 756 2112 πᾶν
792 2031 997 2110 ἔσται
1031 2032 1254 2133 πέρας
1290 2031 1526 2133 εὐχῆς·
1595 2033 1715 2110 καὶ
1751 2030 1962 2109 τοῦτο’
1999 2032 2158 2110 ἐστι
2193 2028 2267 2113 τό
2300 2034 2495 2137 ἀμήν·
2554 2035 2671 2111 καὶ
2706 2029 2885 2133 πρός
2925 2066 3016 2134 γε

607 2163 820 2234 τοῦτο
870 2155 1054 2253 ἡμᾶς
1101 2151 1311 2236 αὐτὸς
1362 2155 1402 2232 5
1439 2150 1615 2236 Υἱὸς
1665 2153 2260 2255 πεπαιδαγώγηκε
2306 2154 2545 2256 λέγων
2590 2163 2737 2237 τοῖς
2778 2156 3011 2257 ἁγίοις
3053 2198 3136 2256 15

609 2275 1051 2360 ἀποστόλοις
1116 2288 1158 2324 “
1191 2279 1338 2356 Καὶ
1397 2278 1472 2355 ἐν
1524 2277 1749 2382 ἐκείνῃ
1802 2284 1892 2382 τῇ
1951 2276 2176 2383 ἡμέρᾳ
2234 2277 2354 2375 ἐμὲ
2421 2280 2547 2358 οὐκ
2612 2276 3014 2380 ἐρωτήσετε

689 2399 916 2479 οὐδέν·
980 2398 1170 2500 ἀμὴν
1206 2397 1396 2497 ἀμὴν
1431 2400 1628 2500 λέγω
1668 2401 1850 2498 ὑμῖν,
1880 2399 2003 2479 εἰίν
2040 2434 2110 2479 τι
2147 2399 2486 2501 αἰτήσητε
2531 2399 2658 2482 τὸν
2689 2403 3012 2503 Πατέρα,

606 2534 649 2571 “
680 2523 898 2604 δώσει
933 2526 1096 2622 ὑμῖν
1128 2526 1203 2603 ἐν
1230 2527 1333 2631 τῷ
1369 2520 1670 2623 ὀνόματί
1698 2550 1858 2623 μου·
1918 2523 2048 2608 ἕως
2084 2522 2246 2627 ἄρτι
2282 2525 2411 2604 οὐκ
2448 2522 2765 2630 ᾐτήσατε
2803 2524 3015 2606 οὐδὲν

602 2659 647 2695 “
685 2650 763 2728 ἐν
796 2654 901 2755 τῷ
938 2645 1241 2746 ὀνόματί
1268 2677 1434 2746 μου·
1498 2652 1753 2728 αἰτεῖτε
1792 2650 1908 2728 καὶ
1944 2646 2306 2755 λήψεσθε,
2341 2649 2458 2729 ἵνα
2493 2651 2541 2750 ἡ
2577 2649 2769 2756 χαρὰ
2807 2652 3013 2749 ὑμῶν

604 2781 650 2820 “
684 2766 1364 2877 ᾗ·πεπληρωμένη.”
1434 2765 1519 2851 δι’
1555 2774 1758 2851 αὐτοῦ
1793 2770 1924 2870 μὲν
1961 2772 2088 2850 οὖν
2125 2773 2195 2851 τὶ
2232 2768 2409 2877 ἀμῆν
2444 2779 2541 2881 τῷ
2575 2781 2730 2880 Θεῷ
2765 2777 3011 2877 Πατρὶ
3041 2821 3134 2863 20

603 2895 766 3000 πρὶς
808 2888 1006 3001 δόξαν
1043 2888 1125 2973 δι’
1155 2893 1352 2998 ἡμῶν.
1413 2892 1572 2977 ε”θος
1607 2892 1750 2996 γὰρ
1789 2894 1961 2992 ἡμῖν
1995 2891 2287 2993 ἁπάσης
2323 2896 2532 2999 εὐχῆς
2568 2899 3014 2978 κατακλείειν

601 3017 822 3120 πέρας
874 3018 953 3096 ἐν
1008 3016 1303 3116 ὀνόματι
1359 3024 1488 3096 τοῦ
1522 3022 1874 3118 Χριστοῦ.
1948 3015 2057 3096 ὅτι
2113 3018 2190 3097 δὲ
2244 3019 2372 3099 οὐκ
2427 3017 2518 3100 ἂν
2555 3020 3014 3123 ἀμοιρήσειεν

601 3136 816 3221 αὐτὸς
877 3144 1005 3217 τοῦ
1079 3136 1631 3244 δοξολογεῖσθαι
1697 3135 2014 3239 πρέπειν,
2077 3139 2347 3218 ἀκονιτὶ
2408 3139 2815 3245 διοψόμεθα
2877 3152 3012 3223 τοῦ

600 3261 952 3361 μακαρίου
1007 3257 1583 3364 προφητεύοντος
1624 3259 1893 3356 Ἰακώβ
1946 3271 1988 3309 “
2021 3260 2278 3359 Ἰούδα,
2330 3261 2421 3342 σὲ
2469 3264 2896 3345 αἱνέσαισαν
2941 3272 3012 3348 οἱ

602 3395 646 3431 “
684 3385 994 3490 ἀδελφοί
1024 3384 1229 3462 σου·”
1287 3383 1515 3488 ἀνέφυ
1553 3382 1696 3485 γὰρ
1731 3385 1809 3463 ἐκ
1844 3387 1972 3483 τῆς
2007 3382 2244 3465 Ἰούδα
2273 3389 2512 3490 φυλῆς
2546 3387 2730 3467 κατὰ
2758 3387 3011 3492 σάρκα
3034 3429 3124 3490 ²5

602 3507 946 3609 Χριστός·
1028 3504 1349 3586 Ἡσαΐου
1412 3503 1642 3608 γεμὴν
1698 3515 1826 3585 τοῦ
1879 3506 2261 3615 προφήτου
2316 3509 2655 3611 λέγοντος
2711 3522 2757 3559 “
2786 3510 3011 3593 Εἶδον

730 3628 752 3655 Χ

600 3641 644 3677 “
682 3665 809 3710 τον
871 3630 1142 3734 Κύριον
1200 3628 1514 3726 σαβαῶθ
1577 3627 1980 3730 καθήμενον
2039 3633 2155 3712 ἐπὶ
2215 3630 2475 3736 θρόνου
2535 3638 2829 3740 ὑψηλοῦ
2888 3640 3009 3717 καὶ

678 3875 724 3911 1.
762 3862 853 3912 τοῦ
878 3876 985 3914 om.
1013 3859 1089 3913 H.
1183 3859 1244 3911 τὸ
1269 3858 1351 3912 ναὶ
1373 3859 1530 3927 μόνον
1553 3857 1753 3946 ἔχουσα
1777 3858 1991 3914 inverso
2013 3858 2201 3915 ordine
2233 3859 2307 3914 H.
2401 3859 2980 3929 ἀπαράδεκτον-ἑστὶυ

601 3928 663 3982 οὗ
685 3927 786 3997 μὴν
808 3931 868 3981 τὸ
892 3931 955 3981 οὔ
977 3927 1245 3983 τουτέστιν
1270 3926 1347 3982 Η.
1463 3944 1552 4052 ἐ.
1589 3949 1619 3996 η
1646 3944 1755 3983 om.
1784 3927 1859 3983 H.
1998 3943 2123 4001 3-5.
2158 3931 2894 4005 npoeoembeixmoa—whrae]

603 4000 769 4052 πάντα
791 4000 1079 4066 πληροῦται
1102 3999 1188 4052 διὰ
1210 4001 1435 4069 χριστοῦ
1525 4037 1539 4052 .
1768 3996 1820 4053 6.
1859 4001 1944 4054 καὶ
1965 4017 2147 4055 assum
2189 4010 2306 4054 tum
2329 4019 2395 4054 ex
2425 4000 2499 4056 H.
2604 4001 3008 4071 &aminon-oe—

602 4066 703 4138 εἵη]
734 4068 970 4135 νέμοντος
992 4067 1074 4122 ἵνα
1095 4073 1294 4139 γνῶμεν
1316 4067 1397 4123 ὅτι
1425 4068 1500 4123 Η.
1768 4081 1818 4138 7.
1854 4071 1962 4126 υἱὸς
1988 4069 2096 4141 καὶ]
2128 4094 2158 4125 υ
2208 4093 2235 4127 ς
2256 4074 2286 4124 ὁ
2399 4072 2530 4127 aas
2555 4069 2633 4126 H.
2730 4076 2760 4126 ὁ
2785 4091 2896 4129 om.
2931 4075 3007 4131 Η.

603 4139 761 4192 8—11.
800 4137 1072 4206 οὒ-ἠμῶν
1095 4156 1203 4192 om.
1234 4138 1308 4193 H.
1555 4153 1637 4192 ιο.
1674 4138 1828 4195 αὐτός
1850 4139 1998 4195 ἐστιν
2019 4141 2231 4196 inverso
2255 4158 2318 4195 or
2355 4142 2443 4196 ine
2469 4142 2545 4197 H.
2641 4144 2672 4196 ὁ
2698 4145 3004 4201 secundum

600 4218 654 4262 et
692 4210 720 4261 ὁ
758 4207 813 4262 ἐν
846 4203 888 4279 ᾧ
922 4210 1070 4262 πᾶσα
1111 4209 1259 4265 δόσις
1289 4208 1599 4277 πνευματικὴ
1625 4225 1733 4262 om.
1765 4208 1840 4264 H.
2208 4227 2291 4282 13.
2331 4212 2392 4279 δὴ
2418 4229 2527 4266 om.
2555 4210 2632 4267 H.
2743 4215 2898 4270 ἔσται
2921 4218 3007 4271 καὶ

601 4279 703 4331 πᾶν
725 4278 935 4332 inverso
960 4278 1146 4333 ordine
1175 4279 1248 4333 H.
1562 4295 1646 4345 14.
1683 4277 1841 4348 ἀμήν]
1881 4281 2054 4351 pergit
2089 4281 2207 4338 ἔθος
2241 4283 2341 4372 γὰρ
2378 4282 2497 4350 ἡμῖν
2529 4285 2634 4337 πᾶν
2655 4284 2823 4353 πέρας
2850 4288 3008 4357 εὐχῆς

601 4350 916 4403 κατακλείειν
949 4348 1004 4402 ἐν
1037 4348 1246 4418 ὀνόματι
1283 4348 1378 4417 (cf.
1407 4349 1543 4403 infra
1568 4347 1661 4416 22)
1698 4353 1790 4403 τοῦ
1815 4355 2063 4420 Χριστοῦ.
2113 4352 2177 4406 δι’
2202 4356 2360 4406 αυτοῦ
2395 4352 2484 4407 οὖν
2507 4352 2650 4421 ἡμῶν
2670 4356 2734 4409 τὸ
2767 4359 2908 4426 ἀμὴν
2931 4361 3006 4429 τᾷ

600 4420 769 4488 Πατρὶ
793 4419 1153 4487 ἀναπέμπωμεν
1174 4420 1257 4473 καὶ
1280 4420 1371 4472 οὐκ
1395 4419 1458 4473 ἂν
1480 4419 1580 4486 ἔξω
1606 4418 1700 4485 (cf.
1727 4419 1864 4474 infra
1886 4435 2009 4491 325,
2037 4424 2125 4490 11)
2150 4425 2242 4476 τοῦ
2269 4424 2676 4492 προσκυνεῖσθαι
2757 4429 2781 4442 ’“
2812 4430 3004 4499 nav-pi,

601 4489 693 4544 κᾶν
715 4489 926 4562 γέγονεν
948 4496 1050 4546 τῶν
1072 4490 1230 4562 ἁγίων
1254 4491 1554 4560 λειτουργὸς
1577 4489 1661 4543 διὸ
1686 4492 1746 4544 τὸ
1768 4490 2088 4561 ἀνθρώπινον
2110 4494 2196 4564 (ut
2220 4509 2345 4565 325,
2370 4495 2427 4562 8)
2453 4447 2810 4553 desinensrfi.
