3269 5166
236 349 306 413 vi.
327 370 383 430 4,
412 365 504 436 15.
596 351 702 416 IN
752 350 1271 416 EPISTOLAM
1317 351 1373 414 I.
1428 348 1555 413 AD
1608 348 2196 415 CORINTHIOS.
2457 353 2585 416 263

226 519 487 609 μᾶλλον
531 515 742 617 λεγει,
801 514 964 600 τοὺς
1021 515 1154 616 τὴν
1205 517 1472 595 ἑαυτῶν
1531 512 1761 619 ἀρχὴν
1819 515 1905 594 οὐ
1966 513 2459 619 τετηρηκότας,
2514 550 2578 595 οι
2553 462 2655 595 St.
2677 463 2844 595 ᾗῗιεζε
2860 465 2914 597 16.

224 633 547 717 ἅνωθεν”
500 673 694 724 οντες
746 642 865 720 καὶ
918 637 1218 738 σώμασι
1266 646 1413 723 τοῖς
1472 635 1616 718 ἀπὸ
1673 640 1808 741 γῆς
1865 638 1948 717 οὐ
1991 638 2578 744 πεφορτισμένοι,

222 759 831 862 κατακριθήσονται
888 760 1025 842 ὑπὸ
1081 769 1227 843 τῶν
1280 762 1505 864 ἁγίων
1552 760 1735 842 κατὰ
1791 760 1917 840 τὸν
1965 761 2130 842 ἴσον
2166 763 2269 869 τῷ
2322 759 2577 870 κόσμῳ

218 879 458 982 τρόπον
492 884 605 964 διὰ
656 889 783 983 τῆς
831 891 976 965 τῶν
1021 886 1244 988 ἁγίων
1278 885 1659 981 ἐπιεικείας,
1696 883 1807 991 ἐφ’
1849 882 2082 964 ἅπασι
2129 892 2276 968 τοῖς
2321 885 2571 990 αἰσχί-

168 1029 197 1088 5
218 1037 401 1090 στοις
459 1008 1074 1111 κατηγορούμενοι.
1164 1015 1224 1087 εἶ
1290 1009 1416 1088 οὖν
1470 1009 1807 1110 ἀγγελῶν
1862 1008 2184 1102 ᾇμείνους
2242 1013 2310 1088 οἱ
2363 1007 2576 1110 ἅγιοι,

217 1135 354 1213 πῶς
396 1130 665 1238 ἀνάξιοι
714 1131 1088 1235 κριτηρίων
1122 1131 1529 1235 ἐλαχίστων
1565 1164 1701 1210 ειεν
1738 1129 1827 1210 ἂν
1862 1138 2007 1211 τῶν
2042 1132 2156 1211 ἐπὶ
2192 1131 2576 1235 πράγμασι
2601 1151 2764 1216 Supra
2779 1170 2883 1205 ver

218 1262 600 1351 κωμικοῖς·
582 1318 602 1349 ,
2605 1363 2691 1416 56
2723 1361 2796 1416 Μ

677 1445 957 1512 Βιωτικὰ
1010 1446 1129 1523 μὲν
1182 1441 1295 1511 οὖν
1352 1446 1649 1535 κριτήρια
1702 1446 1821 1512 ἐὰν
1875 1446 2085 1533 ἔχητε.
2605 1486 2641 1537 4

312 1614 585 1719 Μικρὸν
620 1621 873 1717 κομιδῆ
908 1622 1024 1697 καὶ
1060 1625 1188 1697 τοῦ
1221 1615 1521 1718 μηδενὸς
1557 1617 1763 1724 ἄξιον
1796 1625 1942 1702 τοῖς
1978 1617 2168 1720 ἄγαν
2202 1616 2577 1699 ἐπιεικέσιν

134 1759 194 1799 10
213 1737 278 1815 ἐν
324 1739 666 1847 ἐκκλησίᾳ
714 1738 798 1820 τὸ
854 1742 1113 1843 κρίνειν
1167 1742 1324 1820 ἐστὶ
1381 1740 1471 1821 τὰ
1524 1743 1848 1835 βιωτικά·
1928 1739 2454 1840 πεπαιδεύμεθα
2501 1739 2575 1821 δὲ

212 1864 314 1939 καὶ
361 1871 566 1944 τοῦτο
622 1863 823 1968 παρὰ
872 1872 1002 1945 τοῦ
1066 1864 1360 1968 Κυρίου·
1450 1862 1762 1969 προσῄει
1823 1900 1953 1964 μεν
2017 1863 2160 1968 γάρ
2218 1899 2325 1949 τις
2385 1867 2578 1973 αυτῷ

211 1983 423 2086 λέγων
475 1997 521 2035 “
542 1988 968 2069 Διδάσκαλε
1024 2023 1173 2069 ειπε
1227 1995 1330 2095 τῷ
1386 1991 1683 2095 ἀδελφῷ
1736 2023 1874 2085 μου
1929 1990 2368 2092 μερίσασθαι
2423 1987 2573 2088 μετ’
2601 2000 2665 2129 {33
2669 1999 2800 2129 12:⁰⁹
2827 2002 2916 2051 ¹11·

212 2110 438 2206 “ε’μοῦ
492 2110 627 2211 τὴν
666 2113 1168 2214 κληρονομίαν·
1241 2113 1280 2192 ὁ
1318 2109 1393 2191 δὲ
1439 2146 1622 2215 προς
1660 2110 1875 2192 αὐτόν
1917 2108 2327 2214 Ανθρωπε,
2367 2114 2577 2264 φησι,

213 2234 374 2316 “τι’ς
411 2270 497 2331 με
535 2234 941 2335 κατέστησε
984 2233 1231 2338 κριτὴν
1278 2232 1324 2334 ἢ
1368 2234 1719 2338 μεριστὴν
1772 2235 1892 2342 ἐφ’
1947 2236 2128 2333 ὑμᾶς
2159 2236 2232 2329 ;”
2318 2235 2580 2336 πρέποι

132 2388 189 2448 15
209 2350 335 2455 γὰρ
366 2353 454 2436 ἂν
485 2364 783 2457 μᾶλλον
817 2361 934 2438 καὶ
971 2359 1537 2462 νουνεχεοτεροις
1571 2360 1649 2436 ἐν
1683 2358 2034 2464 ἐκκλησίᾳ
2068 2357 2153 2437 τὸ
2193 2359 2453 2461 κρίνειν
2490 2357 2593 2442 τὰ.

208 2480 642 2580 πνευματικὰ,
682 2477 766 2560 τὸ
798 2482 1211 2585 βασανίζειν
1245 2481 1588 2586 εὐτέχνως
1622 2479 1750 2561 τὸν
1785 2483 1946 2586 περὶ
1982 2482 2295 2565 πίστεως
2330 2480 2576 2585 λόγον·

209 2599 640 2706 ἕνηρίθμηται
698 2603 773 2685 δὲ
827 2613 1039 2685 τοῦτο
1095 2611 1241 2688 τοῖς
1300 2604 1573 2685 ανωθεν
1633 2610 1750 2685 καὶ
1803 2603 1919 2685 διὰ
1972 2614 2101 2686 τοῦ
2159 2606 2579 2704 Πνεύματος

208 2724 499 2824 ἀγαθοῖς·
571 2730 847 2809 δίδοται
878 2726 1019 2832 γάρ
1057 2762 1206 2808 τισι
1242 2724 1463 2830 λόγος
1498 2727 1767 2834 σοφίας
1803 2763 1920 2808 και
1957 2729 2178 2831 λόγος
2216 2729 2744 2859 yvdoew5,81nfra
2765 2749 2851 2797 xii.

207 2846 437 2952 ἑτέροις
471 2850 550 2933 δε
587 2855 708 2932 καὶ
745 2849 1094 2954 διάκρισις
1128 2850 1571 2952 πνευμάτων.
2600 2811 2746 2871 ὃμω

129 3103 187 3143 ²0
337 3091 465 3156 Οὐκ
520 3089 753 3159 οἴδατε
806 3097 906 3159 ὅτι
957 3092 1038 3159 τὰ
1094 3092 1366 3169 σώματα
1422 3094 1602 3171 ὑμῶν
1657 3095 1823 3169 μὲλΗ
1880 3095 2153 3182 Χριστοῦ
2207 3092 2424 3175 ἐστιν,
2607 3113 2681 3174 15

300 3266 462 3347 Πῶς
518 3263 612 3344 ἂν
675 3261 813 3343 εἷεν
876 3269 1049 3370 μέλη
1110 3267 1389 3368 Χριστοῧ
1442 3264 1535 3344 τὰ
1593 3266 1849 3364 ἡμῶν;
1920 3264 2174 3369 ἔχομεν
2230 3262 2446 3343 αὐτὸν
2502 3266 2577 3344 ἐν

202 3384 447 3471 ἑαυτοῖς
494 3393 866 3487 αἰσθητῶς
914 3422 992 3468 τε
1042 3391 1159 3467 καὶ
1210 3394 1498 3487 νοητῶς·
1579 3396 1892 3469 κατοικεῖ
1933 3387 2064 3486 μὲν
2114 3386 2258 3491 γὰρ
2307 3391 2383 3467 ἐν
2425 3394 2577 3472 ταῖς
2683 3392 2688 3397 ’

204 3506 490 3609 καρδίαις
540 3512 750 3610 ἡμῶν
786 3510 904 3590 διὰ
951 3518 1080 3590 τοῦ
1120 3509 1558 3610 Πνεύματος,
1595 3509 2135 3615 μετεσχήκαμεν
2170 3508 2246 3591 δὲ
2283 3516 2399 3590 καὶ
2449 3515 2578 3611 τῆς

203 3628 387 3730 ἁγίας
436 3638 662 3714 αὐτοῦ
710 3633 1003 3736 σαρκὸς,
1056 3631 1466 3735 ἡγιάσμεθά
1515 3667 1592 3713 τε
1646 3638 1920 3717 διττῶς·
1992 3638 2108 3714 καὶ
2171 3629 2577 3739 κατῴκηκεν

264 3868 309 3925 7.
340 3857 592 3915 Scholion
636 3860 687 3914 εἴ
723 3859 851 3914 δὲ’*
818 3859 1224 3950 στι-ὑπεροχήν
1258 3860 1315 3914 in
1355 3859 1485 3914 haee
1528 3859 1691 3915 verba
1728 3859 1941 3914 exhibet
1977 3860 2157 3915 Maius
2193 3878 2222 3914 e
2257 3858 2438 3915 codice
2475 3878 2575 3916 suo

201 3927 413 3998 margine
445 3935 784 4012 apponenp‘
787 3929 889 3984 ‘In
924 3947 977 3983 m
1128 3929 1425 4001 Ὤριγένους
1459 3930 1646 3998 ὁμοίως
1680 3931 1765 3983 καὶ
1789 3931 2071 4001 Κυρῖλλου,
2073 3931 2111 3956 ”
2150 3938 2279 3985 sunt
2309 3939 2487 3984 autem
2510 3931 2573 4071 S,-j

202 3994 547 4077 chrysostomi
568 4001 769 4064 omnia,
801 3998 966 4054 Hom.
981 3947 1147 4054 16gad
1171 4001 1272 4055 loc.
1297 4018 1353 4070 p.
1375 4001 1475 4070 138
1500 4018 1547 4055 c.
1949 4017 2002 4070 9.
2041 3999 2241 4069 Μικρὸν
2297 4001 2364 4072 ἂρ
2392 4022 2508 4067 κομι

200 4067 363 4136 mcipit
387 4069 461 4124 Η.
569 4068 878 4141 ἐπιεικέσιν]
913 4076 971 4134 -Ι-
1001 4070 1083 4124 καὶ
1108 4070 1414 4126 ἆπολὲκτοις
1443 4069 1516 4124 Η.
1831 4086 1913 4125 10.
1951 4023 2350 4138 ἐκκλησίαις-Η.
2456 4072 2574 4125 ἐστι

198 4135 250 4189 ’ὦ
280 4138 453 4204 κρίνειν
484 4141 702 4195 inverso
737 4140 926 4195 ordine
953 4138 1029 4195 H.
1114 4140 1242 4195 Post
1274 4141 1509 4205 βιωτικά,
1532 4141 1715 4229 pergit
1739 4139 1877 4194 ἀλλὰ
1899 4145 2003 4195 τῶν
2022 4145 2374 4228 πνευματικῶν
2407 4142 2575 4196 πολὺν

198 4210 435 4263 ποιεῖσθαι
472 4213 642 4281 λόγον
677 4211 761 4265 καὶ
803 4211 1077 4280 διακρίνειν
1112 4211 1169 4266 ἐν
1201 4212 1453 4274 βασάνοις
1493 4233 1572 4267 τις
1611 4232 1669 4264 εν
1700 4209 1860 4300 Ἀγίφ
1902 4209 2158 4299 Πνεῦματι
2197 4212 2392 4275 λαλῶν,
2428 4210 2574 4281 λεγει

200 4274 400 4343 Κῦριον’
405 4284 609 4348 Ιησοῧν,
635 4281 715 4337 τίς
738 4281 853 4335 δὲ’
822 4303 878 4335 εν
898 4281 1220 4347 βεελζεβοὺλ
1247 4282 1330 4335 καὶ
1361 4282 1445 4335 διὰ
1477 4285 1630 4335 τοῦτο
1621 4280 1718 4404 Ili
1754 4303 1823 4335 ων
1844 4279 2099 4368 Ἀνάθεμα
2123 4278 2345 4350 Ἰησοῦς.
2420 4280 2575 4339 Quae

199 4360 307 4401 cum
330 4348 587 4406 incertum
612 4351 710 4405 ubi
732 4349 1001 4421 ponenda,
1028 4360 1156 4406 nota
1178 4350 1412 4406 exhibui.
1737 4368 1822 4406 nc.
1850 4350 1999 4418 Μέλη
2022 4355 2246 4422 χριστοῦ
2269 4354 2334 4406 τὰ
2358 4354 2575 4433 σώματα

198 4412 322 4481 ἦμῦν
343 4419 500 4484 ἐστιν,
525 4420 646 4475 καθ’
672 4420 702 4474 δ
726 4422 817 4475 τὸν
837 4422 1114 4491 xpers-dv*
1082 4443 1271 4510 εχομεν
1293 4421 1349 4475 ἐν
1375 4421 1450 4476 Η.
1747 4436 1833 4475 22.
1869 4425 2058 4489 νοητῶς
2082 4429 2134 4476 et
2158 4422 2414 4511 αἰσθητῶς
2436 4421 2575 4474 inter

200 4498 251 4537 ⁸0
270 4490 556 4560 transponit
584 4490 661 4544 Η.
861 4506 947 4561 23.
984 4489 1103 4562 τοῦ]
1142 4501 1194 4555 -1-
1226 4491 1376 4573 ἁγίου
1403 4491 1478 4546 Η.
1574 4490 1860 4560 μετέχομεν
1887 4491 1960 4546 Η.
2160 4506 2247 4557 24.
2283 4489 2574 4562 ηγιασμεθά

200 4574 248 4608 π
268 4556 438 4616 &ru-55·
459 4578 568 4616 om.
596 4561 675 4616 Η.
782 4563 1006 4616 κατοικεῖ
1034 4560 1107 4617 H.
1184 4561 1376 4616 Statim
1400 4559 1562 4617 οὕτως
1586 4559 1816 4615 additH
