3269 5166
792 331 1361 398 FRAGMENTA
1421 330 2068 397 HOMILIARUM.
2490 330 2618 398 465

2643 442 2666 509 [
2693 453 2785 495 112
2806 442 2884 494 M.
2911 442 2936 508 ]

2539 500 2574 520 Α

215 493 491 575 οἴονταί
546 528 732 580 τινες
792 499 955 599 περὶ
1015 494 1397 598 ἀνθρώπου
1457 504 1685 576 ταῦτα
1741 494 2088 597 λέγεσθαι
2150 503 2408 594 κοινοῦ,
2462 528 2617 580 πως

215 619 570 723 ἐνεδέχετο
625 617 754 699 τὸν
805 620 1003 699 οὔπω
1058 617 1569 720 γεγεννημένον
1619 616 1799 718 μηδὲ
1854 616 2289 724 ὑπάρχοντα,
2326 618 2618 725 φύσεως

214 742 697 836 ἐπιλαβέσθαι
762 745 891 841 τῆς
954 747 1099 821 τῶν
1162 742 1388 843 ἁγίων
1448 739 1806 845 ἀγγέλων,
1871 740 2065 845 εἴπερ
2127 742 2344 842 ἤθελε
2406 749 2618 823 τοῦτο

215 868 416 966 δρᾶν,
455 866 624 946 ἀλλ’
663 866 881 944 ε’κεῖνο
924 863 1055 963 μὲν
1098 864 1182 944 οὐ
1229 862 1684 964 πεποιηκότα,
1716 864 2239 963 ἐπιλαβόμενον
2288 863 2364 945 δὲ
2412 872 2607 964 μᾶλ·

151 1008 188 1070 5
216 996 357 1067 λον
392 989 804 1091 σπέρματος
836 984 1179 1089 Ἀβραάμ
1209 1020 1231 1084 ;
1294 987 1546 1071 ἄλλως
1579 1020 1679 1085 τε,
1716 990 1995 1068 κάκεῖνο
2036 986 2181 1090 γὰρ
2217 985 2412 1086 οἶμαι
2445 1022 2617 1069 κατ-

218 1113 393 1189 ιδεῖν
445 1114 851 1211 ἀναγκαῖον,
901 1108 984 1190 τὸ
1039 1111 1276 1213 λε’γειν
1329 1108 1708 1214 ἄνθρωπον
1762 1111 2310 1213 ἀνθρωπότητος
2365 1114 2613 1192 ε’πιλα-
2640 1139 2716 1190 Of.
2739 1155 2893 1204 supra

216 1230 509 1326 βέσθαι,
560 1234 909 1314 ἀσύνετον
969 1240 1364 1317 παντελῶς.
1446 1234 1702 1313 οὐκοῦν
1751 1235 1791 1313 ὁ
1823 1233 1985 1339 ’ἔξω
2047 1237 2175 1331 τῆς
2236 1234 2616 1336 ἀνθρώπου
2638 1220 2691 1270 ¹³⁹
2711 1203 2827 1268 ⁴⁶³⁹

218 1353 516 1460 φύσεως
578 1354 679 1435 ὧν
743 1360 840 1440 ὡς
888 1356 1093 1455 Θεὸς,
1153 1354 1715 1454 ἐπιλαμβάνεται
1780 1356 2192 1459 σπέρματος
2253 1354 2615 1459 Ἀβραάμ·

218 1483 441 1577 σῶμα
476 1477 620 1582 γὰρ
657 1481 842 1560 οὕτω
879 1478 1133 1575 λαβὼν
1171 1476 1503 1585 ἔμψυχόν
1539 1513 1614 1560 τε
1668 1484 1784 1560 καὶ
1833 1479 2075 1559 ἔννουν
2108 1481 2187 1559 ἐκ
2234 1483 2362 1578 τῆς
2409 1479 2620 1580 ἁγίας

120 1638 195 1679 10
220 1605 338 1680 καὶ
390 1601 723 1683 θεοτόκου
776 1602 1086 1706 Μαρίας,
1137 1603 1469 1703 ὡμοιώθη
1523 1610 1669 1686 τοῖς
1724 1605 2068 1709 ἀδελφοῖς
2122 1600 2306 1681 κατὰ
2358 1600 2617 1700 πάντα,

216 1724 592 1805 τουτέστιν
632 1725 824 1825 ἡμῖν·
886 1723 1046 1806 τότε
1100 1726 1395 1829 γε’γονεν
1444 1727 1556 1832 ἐφ’
1608 1726 1794 1824 ἡμᾶς
1850 1723 2210 1830 ἀρχιερεὺς
2265 1724 2611 1825 ἐλεήμων,
2641 1755 2851 1806 1101).st
2876 1764 2953 1819 17·

216 1849 336 1927 καὶ
396 1844 579 1951 πρός
641 1882 727 1951 γε
791 1847 1019 1957 τούτῳ
1082 1848 1364 1933 πιστός.
1443 1855 1600 1933 πῶς
1666 1851 1791 1929 οὖν
1849 1848 2158 1949 γέγονεν,
2218 1850 2616 1931 ἀκόλουθον

218 1975 415 2051 ἰδεῖν·
482 1973 566 2051 οὐ
613 1970 759 2074 γὰρ
805 1971 894 2072 ἦν
929 1971 1250 2071 ἐλεήμων
1284 1974 1402 2051 καὶ
1447 1976 1618 2075 πρὶν
1654 1973 1941 2075 γε’νηται
1990 1973 2153 2052 καθ’
2192 1972 2423 2072 ἦμᾶς;
2486 1976 2614 2054 οὐκ
2638 1988 2913 2104 (ἔὲεῖῡῑξξη

218 2092 309 2194 ἦν
344 2093 616 2196 ἀγαθὸς
663 2098 760 2179 ὡς
803 2095 893 2202 ἐξ
942 2098 1217 2197 ἀγαθοῦ
1266 2094 1580 2198 Πατρός,
1617 2096 1785 2174 ἀλλ’
1827 2094 1945 2175 ὅτε
1990 2095 2281 2198 γε’γονεν
2326 2096 2608 2199 ἄνθρω-
2642 2132 2704 2185 74
2726 2091 2785 2170 0]
2806 2069 2878 2103 m.

122 2247 193 2305 15
217 2250 377 2314 πος,
425 2214 587 2297 τότε
642 2221 758 2297 καὶ
810 2216 1177 2319 ἐλεήμων;
1232 2218 1640 2325 προέκοψεν
1694 2219 1819 2298 οὖν
1875 2220 1915 2297 ὃ
1970 2221 2049 2298 ἐκ
2098 2222 2288 2298 Θεοῦ
2327 2217 2617 2319 Πατρὸς

220 2338 490 2442 Λόγος,
525 2342 643 2420 καὶ
679 2343 1016 2444 κρείττων
1046 2342 1297 2420 ἑαυτοῦ
1331 2340 1644 2442 γέγονεν,
1672 2340 1789 2420 ὅτε
1828 2339 2238 2443 σπέρματος
2273 2339 2617 2443 “Αβραὰμ

218 2462 640 2560 ἐπελάβετο·
698 2465 949 2543 οὐκοῦν
986 2462 1161 2566 ὅπερ
1197 2464 1324 2542 οὐκ
1367 2461 1457 2562 ἦν
1492 2464 1788 2564 ἐγένετο,
1827 2467 1945 2543 καὶ
1993 2459 2365 2571 ὠφέληται
2415 2471 2609 2561 μᾶλ·

220 2600 361 2668 λον
398 2585 773 2690 γενόμενος
806 2587 1204 2691 ἅνθρωπος·
1265 2594 1418 2671 πῶς
1457 2589 1582 2668 οῦν
1617 2587 1966 2688 ἄτρεπτος
2002 2587 2103 2667 ἔτι
2138 2586 2319 2666 κατὰ
2355 2586 2612 2692 φύσιν,
2642 2607 2751 2661 118
2781 2604 2879 2662 Μ,

221 2715 279 2789 εἶ
334 2710 631 2813 γέγονεν
685 2709 859 2813 ὅπερ
915 2711 1043 2789 οὐκ
1096 2707 1231 2809 ἦν;
1287 2716 1443 2794 πῶς
1495 2710 1880 2810 μεμένηκεν
1935 2711 1975 2789 ὁ
2031 2709 2284 2807 αὐτός,
2344 2719 2487 2790 ποῦ
2541 2709 2620 2790 δὲ

122 2873 198 2912 20
222 2833 561 2913 κεκένωκε
605 2835 721 2913 καὶ
767 2836 1074 2931 καθῆκεν
1110 2830 1359 2912 ἑαυτὸν
1394 2837 1491 2916 εἰς
1531 2834 1988 2930 ταπείνωσιν,
2025 2838 2085 2912 εἰ
2121 2832 2414 2935 γε’γονεν
2450 2835 2611 2913 ἑαυ-

222 2966 355 3039 τοῦ
392 2957 761 3051 καλλίων;
820 2958 989 3034 ἀλλ’
1027 2956 1161 3059 οὐχ
1206 2957 1391 3035 οὕτω
1429 2958 1619 3034 ταῦτ’
1664 2957 1825 3060 ἕχει,
1862 2956 1961 3054 μὴ
1998 2950 2297 3055 γένοιτο·
2353 2952 2443 3053 ἦν
2478 2954 2622 3056 γὰρ

221 3079 546 3180 ἐλεήμων
606 3084 722 3158 καὶ
779 3079 980 3159 ἔστιν
1034 3077 1162 3156 ἀεί·
1223 3079 1341 3157 καὶ
1392 3076 1628 3177 ἐπειδὴ
1684 3077 1895 3158 τοῦτό
1951 3079 2169 3172 ἐστιν,
2229 3073 2623 3168 ἐπελάβετο

222 3203 643 3306 σπέρματος
693 3200 1063 3303 Ἀβραὰμ,
1111 3200 1198 3281 ἵν’
1259 3207 1356 3284 εἰς
1412 3199 1598 3298 ἡμᾶς
1658 3199 1876 3303 ἱερεὺς
1931 3197 2250 3298 ἐλεήμων
2305 3196 2618 3300 γένηται·

224 3328 345 3405 καὶ
412 3325 574 3404 τίνα
639 3321 932 3428 τρόπον,
993 3326 1156 3427 ἐρῶ·
1244 3324 1372 3401 οὐκ
1432 3319 1523 3421 ἦν
1584 3325 1662 3402 ἐν
1729 3318 1924 3430 νόμω
1983 3324 2437 3420 δικαιωθῆναι
2494 3320 2622 3402 τὸν

123 3476 197 3536 ²5
226 3448 633 3551 ἄνθρωπον,
673 3448 800 3526 οὐκ
845 3444 935 3545 ἦν
975 3448 1390 3549 παραβῆναι
1432 3442 1566 3544 τὴν
1611 3448 1950 3525 δοθεῖσαν
1998 3444 2318 3544 ἐντολὴν,
2362 3449 2478 3524 καὶ
2520 3444 2621 3545 μὴ

224 3572 425 3655 δίκας
483 3572 828 3674 ὑποσχεῖν
870 3573 1312 3672 παραχρῆμα
1366 3572 1481 3646 καὶ
1536 3564 1748 3673 μέχρι
1791 3565 2120 3647 θανάτου·
2176 3568 2624 3648 πιστώσεται

227 3692 303 3772 δὲ
374 3690 687 3796 γράφων
761 3693 802 3772 ὃ
868 3697 1166 3774 Παῦλος
1231 3702 1274 3738 “
1299 3692 1706 3790 Ἀθετήσας
1780 3723 1884 3774 τις
1959 3690 2177 3788 νόμον
2244 3687 2623 3775 Μωῦσὲως
2648 3716 2728 3767 Ib.
2750 3732 2800 3767 x.
2827 3717 2907 3766 28.

225 3827 269 3864 “
300 3819 524 3920 χωρὶς
562 3820 940 3918 οἰκτιρμῶν
975 3816 1090 3894 ἐπὶ
1127 3816 1337 3894 δυσὶν
1372 3812 1417 3914 ἢ
1455 3817 1694 3917 τρισὶν
1727 3813 2083 3916 μάρτυσιν
2118 3811 2619 3912 ἀποθνήσκει.”

224 3939 341 4018 ἵνα
373 3939 616 4018 τοίνυν
649 3937 1047 4044 ἀπαλλάξῃ
1090 3938 1276 4036 ἡμᾶς
1321 3940 1452 4035 τῆς
1498 3939 1574 4016 ἐν
1611 3936 1806 4043 νόμῳ
1856 3937 2052 4035 δίκης
2105 3939 2224 4015 καὶ
2277 3938 2453 4038 ἀρᾶς
2508 3937 2626 4014 καὶ

127 4094 199 4149 3ο
225 4060 652 4158 ἀποτομίας,
714 4058 1224 4164 κεχρημάτικεν
1278 4059 1479 4158 ἡμῶν
1535 4057 1770 4161 ἱερεὺς,
1827 4060 1911 4137 οὐ
1964 4059 2158 4142 δίκας
2213 4063 2428 4137 αἰτῶν
2479 4065 2626 4137 τῶν

1460 4189 1492 4206 Α

226 4181 765 4286 ἡμαρτημένων,
838 4185 964 4263 οὐκ
1038 4182 1326 4288 ἐνόχους
1404 4216 1495 4287 τῃ
1584 4183 1813 4285 κρίσει
1888 4179 2232 4264 καθιστὰς
2306 4177 2470 4263 τοὺς
2543 4180 2633 4285 ἐξ

298 4413 352 4453 2.
386 4395 665 4467 ἀνεδέχετο
685 4395 745 4451 b.
1006 4396 1450 4467 ἐπιλαμβάνεσθαι
1473 4396 1527 4450 b.
1707 4413 1760 4461 4.
1797 4394 1972 4466 ἐκείνῳ
1993 4393 2051 4449 b.
2249 4399 2300 4447 5.
2338 4392 2547 4446 κάκεῖνω
2570 4392 2626 4446 b.

228 4467 478 4592 ξὶοὲτλολςζ
493 4465 942 4592 miztiltnssilaligigs
992 4484 1041 4523 a.
1282 4482 1364 4520 10.
1402 4461 1667 4536 ὡμοιώθη]
1698 4472 1756 4529 -Ι-·
1784 4486 1840 4518 τε
1865 4464 1921 4519 b.
2164 4481 2248 4535 19.
2283 4461 2411 4532 ποῦ]
2437 4466 2546 4517 πῶς
2569 4461 2626 4516 b.

316 4637 458 4682 von.
492 4638 600 4682 111.
1394 4636 1432 4701 3
1464 4634 1506 4679 ο
