3269 5166
203 328 243 392 i.
262 328 329 393 6.
687 325 798 393 IN
852 328 1372 396 EPISTOLAM
1427 332 1558 397 AD
1618 333 2124 403 HEBRAEOS.
2470 336 2601 403 873

2629 436 2658 506 [
2683 434 2776 489 108
2799 431 2925 500 Μ.]

2504 496 2527 527 ἱ

202 491 507 600 Τοσουτῳ
576 495 875 597 κρείττων
927 491 1271 600 γενίμενος
1332 493 1454 577 τῶν
1507 501 1859 602 ἀγγέλων·
1939 498 2383 605 ἀσύγκριτον
2433 533 2602 602 γαρ,

202 622 497 716 μᾶλλον
534 615 611 695 δὲ
646 617 840 697 ἄλλο
873 618 1098 698 ἐστίν·
1177 618 1378 699 ἀλλὰ
1426 654 1608 723 προς
1643 620 1777 721 τὴν
1813 621 2167 724 ἕνσαρκον
2200 621 2603 720 οἰκονομίαν

204 748 330 821 τοῦ
371 738 623 842 Λόγου
657 740 955 836 βλέπων
992 744 1110 821 καὶ
1151 739 1287 842 τὴν
1318 739 1480 822 τότε
1522 777 1910 845 γενομενην
1940 742 2111 847 παρ’
2150 746 2368 825 αὐτοῦ
2403 747 2597 824 οἶκο-

208 865 484 964 νομίαν,
511 862 831 965 ἠθέλησε
866 865 1092 971 δεῖξαι
1124 865 1259 969 οὐχ
1294 863 1537 964 ὅμοιον
1565 863 1742 947 εἶναι
1777 876 2031 948 τοῦτον
2059 874 2206 951 τοῖς
2229 867 2601 970 πρότερον,

152 998 185 1059 5
208 987 323 1067 ἵνα
389 986 550 1094 ὅσῳ
622 993 715 1092 τῇ
775 985 993 1093 φύσει
1068 986 1383 1094 διαφέρει
1454 995 1602 1069 τῶν
1661 989 2368 1093 προαποσταλέντων
2430 989 2600 1093 παρ’

208 1112 448 1208 αὐτοῦ,
486 1109 814 1218 τοσούτῳ
849 1113 966 1189 καὶ
1001 1109 1228 1191 πλέον
1262 1109 1308 1209 ἡ
1344 1111 1543 1215 παρὰ
1580 1112 1835 1193 τούτου
1870 1116 1988 1193 καὶ
2024 1113 2109 1193 δι’
2147 1115 2367 1193 αὐτοῦ
2401 1147 2605 1215 γενο-

209 1235 387 1334 μένη
445 1232 655 1339 χάρις
716 1235 1054 1336 κρείττων
1114 1237 1242 1333 τῆς
1318 1235 1403 1314 δι’
1472 1231 1809 1338 ἀγγέλων
1867 1237 2222 1321 διακονίας
2288 1236 2599 1338 γένηται·

213 1357 497 1437 δούλων
550 1353 682 1455 μὲν
725 1353 870 1458 γὰρ
917 1354 1008 1456 ἦν
1050 1357 1372 1437 ἀπαιτεῖν
1425 1357 1648 1454 μόνον
1705 1357 1868 1444 τοὺς
1921 1357 2259 1464 καρποὺς,
2293 1364 2474 1439 Υἱοῦ
2528 1359 2603 1439 δὲ
2629 1369 2899 1501 ξέΜέῗδ·

222 1485 338 1560 καὶ
389 1481 745 1562 δεσπότου
798 1480 1275 1585 χαρίσασθαι
1297 1515 1427 1565 τας
1481 1482 1803 1589 ὀφειλὰς,
1852 1485 1970 1563 καὶ
2023 1489 2426 1582 μεταθεῖναι
2478 1514 2606 1563 τον
2631 1513 2714 1563 lb.
2729 1528 2811 1579 41

124 1647 198 1687 ιο
220 1607 632 1706 ἀμπελῶνα.

309 1726 544 1810 Ἔστι
590 1727 722 1828 μὲν
776 1729 902 1809 οὖν
955 1726 1163 1809 ἱκανὰ
1206 1736 1430 1809 ταῦτα
1466 1731 1900 1830 δυσωπῆσαι
1949 1728 2115 1816 τοὺς
2160 1731 2607 1838 μαχομένους
2630 1750 2761 1806 109
2792 1747 2892 1808 n.-

208 1852 396 1957 πρὸς
432 1850 568 1953 τὴν
603 1852 962 1953 ἀλήθειαν·
1020 1857 1081 1933 εἰ
1117 1854 1177 1932 δ’
1209 1853 1320 1933 ὅτι
1357 1854 1760 1956 γέγραπται
1788 1850 2129 1960 Γενόμενος
2171 1863 2494 1963 κρείττων,
2521 1854 2608 1937 τό

212 1976 608 2076 Γενόμενος
643 1978 727 2056 οὐ
773 1975 1136 2075 θέλουσιν,
1171 1979 1268 2061 ὦς
1315 1979 1478 2079 περὶ
1512 1982 1695 2057 Υἱοῦ
1730 1974 2140 2080 λεγόμενον,
2183 1979 2348 2059 ἴσον
2384 1982 2601 2058 ἀκοῦ-

211 2136 344 2181 σαι
399 2105 507 2207 τῷ
536 2102 814 2196 Ἐστὶν,
849 2096 897 2200 ἢ
934 2097 1051 2179 διὰ
1094 2097 1179 2179 τὸ
1233 2100 1571 2200 γενέσθαι
1624 2098 1759 2199 τὴν
1793 2101 2090 2203 κρείττω
2128 2103 2488 2182 διακονίαν
2522 2101 2609 2183 τό

120 2251 189 2312 15
212 2223 610 2321 Γενόμενος
653 2230 908 2319 λαβεῖν
945 2225 1061 2303 καὶ
1112 2230 1294 2303 νοεῖν
1331 2225 1428 2307 ὡς
1475 2221 1785 2323 εἴπομεν,
1830 2222 2033 2303 ἀλλὰ
2077 2225 2484 2329 νομίζουσιν
2530 2227 2608 2306 ἐκ

211 2349 484 2449 ταύτης
529 2352 657 2447 τῆς
692 2347 955 2454 λέξεως
991 2346 1291 2450 γενητὸν
1326 2350 1653 2451 εἰρῆσθαι
1686 2343 1815 2426 τὸν
1851 2344 2117 2448 Λόγον,
2154 2348 2610 2430 ἀκουέτωσαν

209 2472 441 2553 πάλιν
501 2477 592 2551 Ei
644 2469 775 2568 μὲν
828 2472 906 2550 ἐκ
953 2478 1099 2549 τῶν
1146 2469 1482 2573 ἀγγέλων
1532 2473 1733 2550 ἐστὶν
1767 2472 1808 2550 ὁ
1844 2468 2041 2568 Υἱὸς,
2078 2470 2268 2553 ἔστω
2323 2476 2440 2552 καὶ
2498 2474 2606 2554 ἐπ’

217 2598 436 2676 αὐτοῦ
475 2596 706 2680 ὡς·ε’π’
734 2596 1015 2675 ἐκείνων
1047 2592 1133 2674 τό
1158 2592 1523 2700 Γενίμενος·
1585 2598 1701 2675 καὶ
1735 2594 1956 2695 μηδὲν
1991 2596 2227 2675 αὐτῶν
2261 2594 2443 2676 κατὰ
2479 2596 2612 2697 τὴν

218 2720 447 2822 φύσιν
482 2719 896 2826 διαφερέτω,
930 2716 1103 2798 ἀλλ’
1140 2718 1478 2799 ἔστωσαν
1524 2717 1568 2819 ἢ
1622 2721 1742 2799 καὶ
1776 2720 1977 2798 αὐτοὶ
2022 2722 2177 2817 υἱοὶ,
2212 2718 2258 2821 ἢ
2298 2723 2611 2805 κάκεῖνος

120 2870 192 2910 20
214 2843 560 2949 ἅγγελος·
653 2843 769 2922 καὶ
834 2847 1033 2947 κοινῇ
1089 2841 1350 2925 πάντες
1413 2840 1968 2944 καθεζῖἔσθωσαν
2028 2845 2106 2923 ἐκ
2172 2842 2422 2950 δεξιῶν
2483 2849 2614 2922 τοῦ

215 2966 537 3070 Πατρός,
584 2964 630 3066 ἦ
686 2962 869 3064 μετὰ
915 2965 1208 3047 πάντων
1261 2969 1377 3046 καὶ
1434 2967 1476 3045 ὁ
1510 2964 1685 3049 Υἱὸς
1738 2964 2251 3070 παρεστηκέτω
2301 2968 2400 3049 ὡς
2453 2976 2605 3046 λει-

213 3087 601 3195 τουργικὸν
653 3098 932 3188 πνεῦμα
982 3095 1084 3174 εἶς
1137 3090 1488 3173 διακονίας
1539 3085 2177 3187 ἀποστελλόμενος
2232 3090 2348 3168 καὶ
2403 3087 2614 3173 αὐτὸς

210 3215 345 3300 τὰς
383 3213 635 3314 ὁμοίας
671 3214 975 3294 ἐκείνων·
1053 3217 1115 3292 εἶ
1170 3210 1245 3292 δὲ
1301 3213 1626 3313 διίστησι
1669 3210 1798 3292 τὸν
1831 3210 2012 3291 Υἱὸν
2045 3212 2086 3291 ὁ
2126 3217 2424 3297 Παῦλος
2469 3210 2614 3294 ἀπὸ

208 3346 367 3420 τῶν
400 3342 722 3441 γενητῶν
758 3335 994 3438 λέγων
1038 3346 1081 3384 “
1108 3337 1274 3416 Τίνι
1308 3334 1451 3440 γὰρ
1489 3333 1648 3418 εἶπέ
1672 3370 1850 3417 ποτε
1885 3342 2031 3416 τῶν
2068 3334 2407 3439 ἀγγέλων
2441 3335 2615 3422 Υἱός
2639 3368 2742 3405 ver.
2765 3364 2816 3420 5·

113 3485 187 3546 ²5
214 3475 257 3513 ‘⁴
294 3498 447 3563 μου
502 3459 572 3541 εἷ
619 3458 744 3559 σὺ,
782 3457 925 3562 ἐγὼ
960 3458 1283 3562 σήμερον
1317 3458 1708 3563 γεγέννηκά
1763 3491 1901 3557 σε;
1974 3463 2092 3540 καὶ
2144 3457 2369 3541 πάλιν
2414 3458 2616 3563 Ἐγὼ

212 3598 258 3637 “
295 3587 567 3686 ἔσομαι
603 3585 797 3692 αὐτῷ
831 3589 929 3668 εἷς
960 3583 1238 3688 πατέρα
1274 3585 1391 3664 καὶ
1428 3582 1642 3667 αὐτὸς
1678 3583 1884 3663 ἔσται
1918 3617 2040 3681 μοι
2077 3587 2172 3668 εἷς
2209 3583 2357 3665 υἱόν
2371 3585 2440 3665 ”.
2480 3648 2496 3664 .
2538 3649 2554 3665 .
2594 3648 2611 3666 .

611 3829 826 3895 Ὅταν
873 3827 945 3895 δὲ
999 3827 1197 3895 πάλιν
1252 3825 1562 3919 eiam-dm
1603 3828 1720 3894 τὸν
1774 3829 2218 3917 πρωτότοκον.
2648 3834 2688 3892 6

336 4006 754 4113 Πρωτὸτοκον
791 4000 867 4081 δὲ
912 3999 1128 4149 αὐτόν
1164 4006 1396 4108 φησιν
1433 4002 1568 4107 οὐχ
1603 4004 1699 4085 ὡς
1736 4004 1970 4107 φασὶν
2006 4005 2074 4080 οἱ
2106 3998 2198 4081 τὰ
2236 3998 2419 4105 ὀρθὰ
2456 4004 2616 4080 δια-

334 4200 626 4286 ,διαφέρει
649 4205 712 4271 τῇ
738 4198 942 4272 φύσει
929 4217 1141 4254 mvereo
1166 4198 1352 4255 ordine
1374 4218 1426 4255 a.
1754 4199 1808 4256 8.
1844 4199 2047 4256 δούλων
2071 4214 2119 4254 a.
2144 4198 2335 4252 δοῦλον
2360 4197 2452 4252 Cr.
2476 4197 2623 4254 unde

215 4284 275 4331 et
367 4275 504 4329 aius.
805 4287 867 4353 9.
902 4271 1193 4338 μεταθεῖναι
1216 4288 1264 4326 8.
1241 4270 1564 4397 8-μεταθῆναι
1587 4268 1694 4325 Ed.
2001 4284 2085 4323 12.
2122 4269 2363 4340 κρείττων
2385 4271 2446 4323 τό
2471 4270 2623 4322 rned-

216 4368 375 4416 μενοι·
396 4362 507 4399 om.
536 4342 641 4399 Ed.
665 4340 851 4397 invitis
874 4360 923 4396 8.
926 4340 981 4395 b.
1241 4342 1506 4474 8-ξ6374,
1532 4357 1583 4395 2.
1615 4338 1741 4395 Hoc
1766 4337 2008 4394 scholion
2032 4338 2209 4403 breve,
2235 4348 2288 4392 et
2310 4338 2486 4393 adhuc
2511 4355 2621 4392 non

218 4417 461 4481 finitum,
485 4432 552 4469 ex
580 4414 659 4469 H.
683 4429 828 4467 anno
857 4412 994 4483 1859
1016 4357 1308 4467 transcribe
1378 4429 1430 4465 tn
1480 4427 1616 4492 prop
1579 4418 1698 4480 pter
1731 4420 1911 4464 nutem
1944 4408 2196 4464 morbum
2230 4407 2472 4463 febrilem
2503 4417 2622 4461 tum

218 4486 281 4541 id
321 4494 441 4541 tum
474 4484 589 4539 duo
622 4484 792 4538 triave
866 4499 965 4536 nan
998 4481 1271 4537 restabant
1306 4481 1456 4536 finire
1490 4481 1624 4535 mihi
1660 4497 1772 4537 non
1806 4496 2141 4536 conoeneum.
2204 4478 2320 4534 Nec
2363 4493 2521 4549 opem
2552 4474 2622 4531 nd

218 4556 332 4613 hoc
355 4555 600 4613 scholion
625 4499 962 4626 implenaum
987 4550 1146 4624 (folio
1168 4551 1397 4624 amisso)
1420 4551 1523 4607 fert
1545 4568 1595 4607 c.
