3269 5166
204 348 243 415 i.
276 369 336 413 1.
694 345 802 410 IN
860 343 1380 409 EPISTOLAM
1438 342 1567 407 AD
1631 343 2135 409 HEBRAEOS.
2485 347 2611 410 365

204 513 282 591 ἐν
335 514 429 614 τῇ
483 517 613 590 τοῦ
668 507 934 588 δούλου
988 512 1264 614 μορφῇ,
1325 505 1689 609 ὡμολόγει
1751 506 1836 586 τὸ
1903 506 2270 611 πλήρωμα
2330 516 2460 588 τοῦ
2525 511 2611 588 δι’
2642 443 2781 510 [10⁷
2807 441 2933 506 NL]

205 634 394 733 ἡμᾶς
460 629 716 713 ἑαυτον
775 631 1251 727 κενώσαντος,
1312 630 1591 733 ἐθεώρει
1646 634 1773 730 τῆς
1821 631 2043 738 δόξης
2100 631 2186 711 τὸ
2244 633 2434 737 ὕψος
2488 641 2618 713 τοῦ

209 755 552 842 καθέντος
607 753 861 835 ἑαυτὸν
914 756 1010 833 δι’
1068 754 1255 853 ἡμᾶς
1302 758 1400 838 εἰς
1446 753 1881 834 ταπείνωσιν
1926 753 2129 838 ὅστις
2185 758 2302 834 καὶ
2354 753 2619 856 ταύτης

207 880 416 959 ἕνεκα
473 883 604 979 τῆς
657 879 885 962 αἰτίας
943 878 1332 983 κληρονόμος
1387 877 1655 958 πάντων
1709 884 2071 957 τεθεῖσθαι
2109 876 2414 979 λέγεται,
2456 879 2609 957 καί·
2643 922 2744 956 ver.
2767 919 2811 956 2.

156 1040 188 1100 5
207 1037 323 1083 τοι
359 1000 931 1109 κατεξουσιάζων
965 1008 1112 1081 τῶν
1149 1000 1344 1080 ὅλων
1381 998 1568 1080 καθὰ
1605 1003 1726 1079 καὶ
1763 1006 2020 1080 νοεῖται
2057 1003 2174 1079 καὶ
2207 1001 2366 1080 ἔστι
2402 1000 2611 1086 Θεός·

207 1125 439 1207 πάλιν
475 1125 619 1229 γὰρ
656 1130 752 1208 εἷς
802 1125 930 1203 τὸν
962 1124 1144 1204 ἴδιον
1179 1132 1504 1205 πλοῦτον
1541 1127 1901 1230 ἀναφοιτᾷ
1944 1125 2061 1203 καὶ
2098 1121 2278 1220 μετὰ
2315 1122 2612 1228 σαρκός.

208 1249 558 1348 μεμένηκε
612 1246 757 1397 γὰρ
811 1248 1137 1345 οὐδαμῶς
1188 1248 1266 1326 ἐν
1319 1254 1412 1351 τῇ
1462 1248 1631 1327 καθ’
1696 1246 1881 1346 ἡμᾶς
1937 1247 2279 1354 πτωχείᾳ·
2359 1250 2443 1327 οὐ
2503 1247 2620 1329 διὰ

213 1381 426 1452 τοῦτο
476 1371 851 1474 γενόμενος
888 1369 1166 1476 σὰρξ”
1137 1405 1253 1450 ινα
1287 1405 1580 1475 πτωχος
1627 1370 1978 1474 ἀπομείνῃ
2028 1370 2191 1465 μεθ’
2233 1370 2453 1470 ἡμῶν,
2490 1369 2620 1450 τὸν

214 1495 393 1575 ἴδιόν
427 1530 505 1575 τε
556 1499 673 1574 καὶ
725 1498 1082 1596 θεοπρεπῆ
1133 1503 1454 1573 πλοῦτον
1491 1491 1915 1590 ἀποβαλὼν,
1952 1492 2276 1573 ἀλλ’ἵνα
2327 1501 2617 1592 μᾶλλον

125 1654 195 1696 ιο
216 1618 410 1718 ἡμεῖς
467 1621 535 1698 οἱ
589 1625 734 1698 τῶν
789 1620 997 1698 θείων
1042 1614 1519 1723 χαρισμάτων
1576 1624 1959 1699 νοσοῦντες
2012 1615 2145 1716 τὴν
2200 1617 2489 1714 ἔνδειαν,
2524 1623 2616 1722 τῇ

217 1743 435 1822 αὐτοῦ
480 1742 797 1848 πτωχεία
845 1739 1399 1840 πλουτήσωμεν.
1477 1743 1594 1821 καὶ
1650 1748 1828 1844 γοῦν
1862 1739 2039 1824 Υἱος
2089 1776 2191 1820 ων
2229 1741 2448 1848 φύσει
2499 1743 2615 1821 καὶ
2644 1768 2670 1802 2
2692 1754 2805 1805 00¹·-
2823 1752 2930 1806 viii.

217 1865 578 1948 συναΐδιος
631 1871 735 1971 τῷ
788 1870 1025 1966 Πατρὶ
1079 1863 1196 1944 ὅτε
1252 1862 1370 1944 διὰ
1433 1868 1560 1962 τῆς
1626 1864 1836 1967 ἁγίας
1893 1864 2248 1966 παρθένου
2306 1867 2424 1944 καὶ
2481 1864 2615 1963 τὴν
2641 1833 2690 1884 9’

218 1987 403 2068 κατὰ
447 1986 690 2091 σάρκα
736 1987 1076 2090 γέννησιν
1114 1986 1430 2086 ὑπέμεινε
1466 1989 1552 2066 δι’
1592 1988 1797 2087 ἡμᾶς,
1839 1989 1934 2070 ὦς
1971 1993 2067 2072 εἶς
2104 1987 2331 2092 ἀρχὰς
2371 1985 2567 2088 υἶότη
2580 2033 2612 2049 ·-

219 2146 340 2196 τος
394 2108 981 2213 ἀνακομιζόμενος
1043 2109 1320 2215 ἔφασκε
1377 2108 1495 2190 διὰ
1548 2118 1678 2189 τοῦ
1736 2111 2003 2190 Δαυείδ
2060 2122 2104 2159 “
2144 2111 2409 2214 Κύριος
2465 2106 2614 2192 εἷπε
2643 2140 2727 2190 Ps.
2749 2138 2803 2191 ii.
2829 2150 2874 2203 7.

126 2255 197 2316 15
221 2237 275 2281 “⁶
297 2231 480 2336 πρὸς
525 2232 624 2333 με’
648 2233 823 2318 Υἱός
870 2267 1009 2332 μου
1045 2229 1111 2313 εἷ
1155 2231 1274 2331 σὺ,
1313 2232 1455 2337 ἐγὼ
1497 2231 1819 2337 σήμερον
1855 2232 2248 2335 γεγέννηκά
2297 2236 2456 2313 σε·”
2533 2234 2619 2317 τὸ

221 2356 473 2459 γάρτοι
528 2357 848 2460 σήμερον
896 2365 1145 2460 καιροῦ
1189 2365 1318 2436 τοῦ
1352 2356 1818 2456 ἐνεστηκότος
1870 2358 2037 2437 καθ’
2079 2355 2164 2437 ὃν
2199 2359 2315 2436 καὶ
2371 2356 2619 2459 γέγονε

220 2479 424 2587 σὰρξ
478 2487 779 2561 ποιεῖται
845 2478 978 2580 τὴν
1029 2478 1378 2580 δήλωσιν·
1464 2480 1808 2585 ὑπάρχων
1874 2479 1949 2559 δὲ
2018 2480 2238 2587 φύσει
2292 2484 2409 2560 καὶ
2472 2488 2620 2560 τῶν

221 2602 413 2684 ὅλων
478 2603 764 2706 Κύριος.
849 2605 1344 2708 μεμαρτύρηκε
1397 2603 1542 2707 γὰρ
1605 2603 1940 2704 Ἰωάννης
2002 2607 2163 2706 περὶ
2221 2606 2437 2684 αὐτοῦ
2506 2603 2618 2685 ὅτι

221 2737 263 2774 “
297 2733 393 2812 εἰς
447 2726 541 2807 τά
594 2728 736 2807 ἰ’δια
772 2726 1050 2828 ἦλθεν,”
1110 2729 1252 2809 ἴδια
1306 2729 1544 2830 λέγων
1592 2729 1811 2807 αὐτοῦ
1865 2726 1994 2807 τὸν
2030 2726 2332 2826 κόσμον,
2375 2730 2471 2813 ὡς
2520 2732 2616 2812 εἷς
2641 2760 2693 2810 S.
2709 2759 2862 2811 σιω.
2885 2759 2920 2810 i.

128 2883 199 2926 20
222 2852 443 2958 δόξαν
513 2850 840 2952 ἀσυνήθη
913 2850 1047 2952 τὴν
1118 2855 1246 2950 τῆς
1318 2853 1698 2948 βασιλείας
1773 2852 2218 2949 καλούμενος
2293 2852 2615 2957 ἔφασκεν
2648 2841 2725 2876 ¹⁰¹

222 2985 265 3023 ‘⁴
294 2974 497 3078 Έγω
551 2974 627 3055 δε
679 2976 1131 3075 κατεστάθην
1179 2972 1527 3067 βασιλευς
1579 2975 1692 3054 ὑπ’
1753 2975 2030 3071 αὐτοῦ,”
2092 2977 2318 3071 δῆλον
2371 2972 2544 3052 δε“’
2506 3008 2616 3053 οτι
2642 2997 2763 3047 Pax
2749 2996 2802 3047 ιὶ.
2824 2995 2875 3048 6.

223 3107 346 3178 τοῦ
404 3103 596 3178 Θεοῦ
651 3101 768 3178 καὶ
826 3095 1137 3202 Πατρός·
1212 3096 1558 3202 ἠνέσχετο
1624 3094 1698 3175 δὲ
1760 3103 1905 3175 τῶν
1960 3096 2319 3193 τοιούτων,
2375 3096 2462 3176 ἵν’
2524 3100 2619 3179 ὡς

224 3222 599 3324 ἄνθρακι-ος
663 3225 1102 3321 υἱοποιηθεὶς,
1169 3220 1394 3301 καίτοι
1472 3220 1657 3300 κατὰ
1713 3219 1940 3325 φύσιν
2006 3219 2348 3324 ὑπάρχων
2410 3218 2616 3317 Θεὸς,

223 3342 621 3450 ὁδοποιήσῃ
655 3346 741 3423 δι’
782 3346 1035 3425 ἑαυτοῦ
1071 3348 1162 3449 τῇ
1215 3345 1600 3445 ἀνθρώπου
1637 3344 1857 3450 φύσει
1905 3347 2033 3442 τῆς
2084 3344 2438 3428 υιοθεσίας
2486 3343 2618 3443 τὴν

129 3491 199 3552 25
221 3467 530 3575 μεθέξιν,
567 3470 685 3547 καὶ
740 3471 1022 3574 καλέσῃ
1075 3502 1255 3571 προς
1314 3468 1703 3565 βασιλείαν
1739 3468 2058 3571 οὐρανῶν
2104 3502 2267 3551 τους
2312 3469 2451 3548 ὑπο
2490 3472 2619 3567 τῆς

224 3591 576 3693 ἁμαρτίας
628 3591 1243 3694 τυραννουμεκνους
1323 3589 1573 3691 ὥσπερ
1629 3592 1772 3694 γὰρ
1830 3590 1945 3671 οἷά
2000 3626 2158 3671 τινα
2213 3596 2485 3694 κλῆρον
2539 3594 2618 3670 ἐκ

221 3714 492 3817 πατρὸς
549 3719 644 3799 εἷς
698 3713 875 3794 ολον
928 3748 1012 3794 το
1062 3716 1151 3821 ἐξ
1196 3717 1413 3796 αὐτοῦ
1464 3713 1797 3816 διήκοντα
1852 3749 2054 3818 γενος
2104 3711 2187 3798 ἃς
2239 3718 2316 3795 ἐκ
2369 3719 2495 3814 τῆς
2543 3718 2620 3794 ἐν

221 3837 460 3938 Ἀδὰμ
513 3837 1001 3942 παραβάσεως
1054 3838 1442 3943 συμφορὰς
1496 3838 1926 3942 ἐσχήκαμεν,
1966 3841 2107 3945 ἀρᾷ
2160 3842 2277 3918 καὶ
2334 3836 2618 3946 θανάτῳ

222 3960 799 4068 πεφορτισμένοι,
848 3963 1035 4042 οὕτω
1089 3962 1317 4042 πάλιν
1371 3968 1466 4046 εἷς
1521 3959 1718 4041 ἅπαν
1770 3961 1855 4041 τὸ
1912 3961 2361 4063 ἀνθρώπινον
2416 3962 2619 4063 γε’νός

128 4111 199 4167 30
224 4084 313 4165 τὰ
357 4089 434 4166 ἐν
468 4090 777 4191 Χριστῷ
821 4088 1302 4188 διαδραμεῖται
1355 4083 1680 4187 λαμπρά·
1759 4085 2035 4189 δέχεται
2079 4085 2222 4188 γὰρ
2258 4085 2445 4184 ἡμῖν,
2484 4085 2618 4189 οὐχ

223 4212 446 4317 ἑαυτῷ
472 4209 592 4308 -δὴ
647 4207 935 4293 πάντως
986 4210 1025 4288 ὁ
1070 4205 1509 4311 Μονογενὴς,
1546 4208 1832 4311 πλήρης
1890 4207 2032 4311 γάρ
2090 4212 2291 4288 ἐστιν
2336 4208 2445 4288 ὅτι
2501 4211 2618 4287 καὶ

225 4332 440 4438 φύσει
478 4331 689 4429 Θεὸς,
727 4337 946 4412 δεῖται
999 4330 1076 4412 δὲ
1132 4330 1322 4416 ὅλως
1378 4332 1678 4430 οὐδενὸς,
1732 4332 2273 4435 καταπλουτίζει
2328 4338 2619 4431 μᾶλλον

225 4455 432 4541 αὐτὸς
469 4463 615 4540 τοῖς
652 4455 925 4536 ἄνωθεν
961 4458 1255 4557 ἀγαθοῖς
1294 4454 1424 4556 τὴν
1462 4454 1867 4556 σύμπασαν
1905 4457 2163 4537 κτίσιν.
