3269 5166
222 331 283 373 x.
303 326 408 394 35,
439 310 528 374 xi.
555 332 618 397 3,
642 327 709 394 .7.
801 311 907 376 IN
967 310 1484 375 EPIsToLAM
1543 310 1671 374 AD
1734 309 2240 376 HEBRAEOS.
2499 312 2625 373 411

2657 428 2798 493 [122
2826 427 2950 490 m

765 532 956 598 Ἠτιε
1009 533 1140 620 ἔχει
1194 532 1711 609 μισθαποδοσίαν
1765 533 2076 609 μεΓάᾸΗν.
2657 558 2733 621 35

322 699 500 782 Ὅτι
555 702 645 782 δι’
695 706 1056 804 ὑπομονῆς
1112 710 1229 784 καὶ
1292 714 1420 785 τοῦ
1474 704 1576 805 μὴ
1638 704 2009 810 ἀψικόρως
2067 703 2253 809 ἔχειν
2316 707 2479 806 περὶ
2542 703 2627 784 τὸ

219 834 551 930 πληροῦν
605 826 699 907 τὰ
752 828 1079 934 ἐξαίρετα
1134 836 1279 909 τῶν
1328 826 1926 931 κατορθωμάτων,
1965 827 2167 906 ἀλλὰ
2225 831 2451 933 διψῆν
2493 826 2627 927 μὲν

222 952 353 1048 ἀεὶ,
391 953 507 1030 καὶ
558 953 967 1055 ἀκορε’στως
1004 952 1208 1056 ἔχειν,
1247 956 1364 1032 καὶ
1407 951 1808 1053 ἀπλήστως
1843 955 2009 1054 ἐρᾶν
2043 949 2313 1035 παντὸς
2350 952 2627 1053 ἀγαθοῦ

160 1105 195 1164 5
219 1071 676 1175 πράγματος,
717 1079 833 1155 καὶ
875 1076 1396 1178 κατασωρεύειν
1439 1078 1712 1159 ἑαυτοῖς
1759 1072 1890 1173 τὴν
1927 1078 2003 1155 ἐκ
2052 1074 2387 1180 πράξεων
2424 1078 2621 1154 εὐδο-

219 1197 537 1297 κίμησιν,
576 1200 651 1278 ἐν
687 1199 1043 1284 τοιαύταις
1089 1200 1166 1279 δὲ
1208 1196 1383 1279 εἶναι
1426 1199 1870 1303 προθυμίαις,
1910 1201 1984 1277 ἐν
2031 1197 2295 1300 αἷσπερ
2347 1197 2436 1278 ἂν
2493 1196 2628 1278 εἷεν

220 1324 342 1399 καὶ
379 1325 444 1400 οἱ
486 1331 617 1402 τοῦ
664 1330 1004 1403 πλουτεῖν
1041 1325 1370 1425 ἐρασταὶ,
1413 1325 1575 1424 περὶ
1612 1319 1713 1401 ὧν
1750 1320 2146 1424 γέγραπται
2223 1332 2264 1369 “
2301 1324 2627 1422 Ἀγαπῶν
2654 1341 2927 1406 Eoe1.v.9.

222 1456 267 1491 ‘⁶
302 1444 646 1549 ἀργύριον
703 1447 786 1525 οὐ
826 1445 1338 1546 πλησθήσεται
1393 1447 1799 1548 ἀργυρίου·”
1871 1452 1932 1525 εἱ
1977 1445 2053 1524 δὲ
2091 1448 2173 1524 οὐ
2215 1445 2628 1548 κορέννυσιν

222 1568 524 1653 ἐκείνους
571 1568 667 1649 τὰ
722 1568 938 1669 γήϊνα
985 1574 1099 1649 καὶ
1154 1568 1566 1674 πρόσκαιρα
1622 1572 1740 1649 καὶ
1798 1568 2226 1672 εὐμάραντα,
2284 1576 2438 1652 πῶς
2498 1572 2625 1650 οὐκ

126 1717 198 1755 10
221 1693 611 1794 ἀναγκαῖον
687 1693 872 1792 ἡμᾶς
945 1692 1399 1796 θερμοτέραις
1478 1697 1880 1797 κεχρῆσθαι
1973 1699 2127 1777 ταῖς
2209 1694 2624 1792 ἐπιθυμίαις,

220 1816 338 1895 ἵνα
383 1816 828 1919 κερδάνωμεν
865 1815 958 1896 τὰ
1011 1815 1210 1918 παρὰ
1252 1823 1463 1914 Θεοῦ,
1501 1813 1550 1895 ἃ
1596 1821 1715 1896 καὶ
1758 1823 1854 1902 εἰς
1891 1814 2329 1920 ἀπεράντους
2366 1822 2624 1902 αἰῶνας

219 1941 617 2039 ἐκτείνεται,
653 1944 771 2021 καὶ
806 1939 1313 2042 ἀκατάληκτον
1350 1941 1493 2045 ἔχει
1529 1939 1662 2041 τὴν
1700 1940 2035 2037 εὐθυμίαν
2065 1973 2090 2039 ;

2656 2154 2813 2230 Κεφ.
2847 2146 2947 2212 ια’.

243 2183 465 2252 Πίστει
523 2190 796 2263 νοοῦμεν
855 2185 1277 2275 κατηρτίσθαι
1334 2189 1482 2252 τοὺς
1537 2183 1785 2250 αἰῶνας
1842 2185 2083 2273 ῥήματι
2132 2184 2323 2265 Θεοῦ,
2376 2182 2468 2248 εἷο
2522 2183 2598 2250 τό
2656 2256 2690 2312 3

594 2310 681 2387 μὴ
736 2311 813 2377 ἐκ
867 2313 1287 2400 φαινομένων
1342 2312 1421 2377 τὰ
1479 2315 1846 2390 βλεπόμενα
1904 2311 2254 2386 ΓεΓονὲναι.

126 2515 195 2575 15
334 2485 561 2586 Μέγα
607 2482 694 2585 δὴ
750 2486 878 2564 οῦν
931 2487 1047 2563 καὶ
1107 2485 1471 2592 ἐξαίρετον
1536 2482 1815 2587 ἀγαθὸν
1878 2485 1923 2581 ἡ
1983 2484 2253 2565 πίστις·
2331 2488 2637 2562 πλουτεῖ

220 2606 363 2712 γὰρ
414 2610 782 2711 ἁμαρτιῶν
830 2606 1212 2717 ἀπόθεσιν,
1253 2608 1487 2711 ῥύπου
1540 2606 1812 2692 παντὸς
1867 2606 2394 2709 ἀποκάθαρσιν·
2466 2606 2627 2686 ἔστι

219 2730 293 2811 δὲ
330 2735 448 2812 καὶ
485 2735 875 2832 μνηστείας
910 2730 1257 2840 πρόξενος
1293 2737 1421 2831 τῆς
1457 2732 1658 2836 παρὰ
1682 2737 1894 2828 Θεοῦ,
1927 2734 2044 2810 καὶ
2077 2729 2238 2815 ὁδὸς
2276 2737 2372 2814 εἶς
2408 2732 2620 2831 ἀγια-

219 2855 416 2952 σμὸν
452 2859 571 2935 καὶ
610 2855 989 2954 υἱοθεσίαν,
1029 2862 1144 2936 καὶ
1181 2856 1639 2963 ἁπαξαπλῶς
1671 2853 1941 2937 παντὸς
1978 2858 2256 2954 ἀγαθοῦ
2292 2852 2618 2955 προμνή-

218 3005 458 3082 στρια·
518 2981 742 3065 οὕτως
769 2978 1119 3079 εὐδόκιμοι
1145 2979 1537 3081 γεγόνασιν
1575 2984 1643 3057 οἱ
1674 2975 1990 3081 πατέρες,
2026 2979 2249 3061 οὕτως
2281 2975 2628 3076 λαμπρὰν

120 3146 196 3185 20
220 3106 337 3182 καὶ
391 3102 715 3202 ἀοίδιμον
749 3101 1110 3207 ἐσχήκασι
1163 3102 1411 3209 δόξαν·
1476 3103 2045 3206 κατηνδρίσαντο
2103 3098 2180 3179 δὲ
2236 3105 2354 3178 καὶ
2408 3100 2626 3177 αὐτοῦ

220 3225 535 3307 θανάτου
576 3230 867 3325 πολλοὶ,
907 3231 1022 3306 καὶ
1081 3227 1208 3306 τὸν
1264 3225 1673 3330 ἀμάραντον
1728 3230 1855 3326 τῆς
1912 3222 2129 3331 δόξης
2183 3221 2625 3324 ἀνεδήσαντο

218 3352 611 3456 στέφανον.

2652 3502 2771 3558 123
2796 3501 2892 3561 Μ.

216 3568 439 3636 Πίστει
503 3571 958 3657 χρηματισθεὶς
1024 3568 1173 3633 Νῶε
1234 3568 1382 3658 περὶ
1435 3569 1569 3635 τῶν
1623 3570 1903 3646 μιιδὲπω
1956 3571 2377 3649 βλεπομένων
2432 3571 2687 3653 ebho-7

338 3694 561 3773 ssuoeic
617 3696 1036 3784 κατεσκεύαζε
1094 3693 1370 3773 κιβωτὸν
1421 3692 1514 3759 εἷο
1569 3695 1898 3785 σωτιιριάν
1948 3702 2061 3763 τοῦ
2117 3693 2301 3762 οἴκου
2355 3697 2568 3762 αὐτοῦ.

115 3914 195 3975 25
328 3864 628 3966 Ἐπειδὴ
685 3863 827 3969 γὰρ
882 3865 928 3965 ἡ
984 3865 1351 3966 σύμπασα
1405 3872 1500 3969 γῆ
1556 3866 1690 3968 τὴν
1746 3867 1915 3948 ὁδὸν
1978 3871 2194 3967 αὐτῆς
2252 3870 2626 3974 διέφθειρε,
2651 3895 2963 3947 Gen.vi.12.

220 3989 409 4071 καθὰ
450 3990 872 4093 γε’γραπται,
911 3995 1027 4070 καὶ
1082 3990 1537 4072 ἀπονένευκεν
1594 3993 1639 4092 ἦ
1697 3992 1952 4095 καρδία
1998 4003 2044 4039 “
2070 3999 2198 4071 τοῦ
2239 3992 2623 4096 ἀνθρώπου
2649 4020 2730 4070 1b.
2757 4021 2859 4071 viii.
2881 4033 2957 4071 αι.

297 4216 343 4256 1.
382 4199 566 4255 Schol.
588 4200 692 4255 boc
730 4199 928 4255 dicitur
963 4200 1148 4273 cyrilli
1184 4211 1238 4257 et
1270 4201 1590 4258 Theodoreti
1626 4212 1689 4259 ut
1718 4202 1940 4258 adnotat
1964 4200 2164 4256 Maius.
2235 4200 2413 4255 Verba
2446 4201 2625 4271 priora

223 4271 469 4326 Διδάσκει
494 4271 553 4324 δὲ
583 4273 667 4325 καὶ
697 4275 810 4329 πῶς
830 4277 932 4327 τῶν
955 4273 1197 4329 ἐπάθλων
1219 4277 1397 4344 τυχεῖν
1422 4274 1636 4328 δυνατόν
1659 4292 1689 4328 e
1711 4273 1915 4328 Theod.
1943 4271 2012 4327 ad
2037 4273 2138 4326 loc.
2166 4270 2445 4342 desumpta
2471 4289 2620 4340 prae-

223 4342 475 4396 termitto.
924 4360 1008 4397 12.
1049 4344 1177 4398 Post
1200 4344 1330 4399 haec
1355 4344 1678 4416 sequebatur
1700 4346 1771 4398 Τὸ
1795 4340 2302 4415 γεμὴν-ἐλεῦθερον
2323 4360 2352 4395 e
2376 4340 2466 4394 lib.
2496 4357 2524 4393 2
2553 4339 2623 4394 ad

226 4411 413 4466 Herm.
436 4429 543 4483 443
567 4429 597 4467 c
624 4412 993 4484 desumptum,
1019 4423 1080 4467 ut
1103 4423 1313 4469 tantum
1339 4432 1449 4469 non
1473 4414 1748 4469 adnotavit
1774 4415 1973 4469 Maius.
2375 4426 2458 4464 22.
2496 4409 2621 4462 στέ-

223 4481 417 4554 φανον]
452 4490 507 4546 -Ι-
542 4483 625 4537 καὶ
658 4483 711 4538 τί
742 4486 904 4537 ταῦτα
935 4484 1075 4554 λέγω
1110 4486 1174 4538 τὰ
1208 4486 1397 4555 ἀρχαῖα
1442 4486 1791 4555 παραδραμών
1805 4506 1823 4549 ;
1876 4482 2036 4552 ἡκέτω
2081 4485 2226 4547 βοῶν
2266 4485 2296 4535 ὁ
2337 4480 2624 4547 θαυμάσιος

223 4555 421 4611 ποῦλος
445 4553 604 4620 θοὰ,
632 4552 691 4610 S.
715 4552 901 4626 Cyrini
925 4564 1105 4609 tamen
1127 4573 1243 4611 esse
1266 4573 1375 4610 non
1401 4554 1668 4610 videntur.

1339 4657 1523 4723 302
