3269 5166
294 2652 436 2704 Hiob

293 2718 465 2769 xxxiv.
473 2730 495 2767 1
502 2716 550 2767 8.

623 377 750 441 140
1226 374 1310 438 Β.
1356 369 1766 438 CYRILLI
1826 369 2405 437 ALEXANDR.
2656 391 2763 432 xx.
2794 385 2899 447 22,
2922 384 3031 453 23.

619 537 1056 644 ἐμφυσῆσας
1112 541 1226 617 καὶ
1279 536 1517 640 λέγων
1554 537 1831 627 Λάβετε
1864 539 2140 641 Πνεῦμα
2162 534 2425 638 ‘'Ayaou.
2506 535 2763 613 οὐκοῦν
2800 538 2861 612 εἰ
2909 537 3033 612 καὶ

622 661 1027 767 ἀπελείφθη
1085 667 1376 760 Θωμᾶς,
1433 664 1561 742 οῦκ
1626 662 1923 768 ἐξέπεσε
1982 670 2112 741 τοῦ
2176 666 2454 757 λαβεῖν,
2513 657 2698 738 κατὰ
2754 656 3035 741 παντὸς

623 794 753 864 τοῦ
819 792 1073 880 λαβεῖν
1131 787 1551 892 ὀφείλοντος
1615 790 1731 866 καὶ
1777 785 2304 887 ε’ντεταγμένου
2370 788 2474 892 τῷ
2537 786 2821 889 ἀριθμῷ
2882 788 3038 860 τῶν

624 908 1103 1008 τετιμημένων
1152 919 1279 989 τοῦ
1333 911 1755 1008 Πνεύματος
1803 908 2200 1013 τρέχοντος.

737 1029 932 1116 Δοῦς
966 1030 1043 1112 δὲ
1077 1032 1163 1112 τὸ
1197 1037 1495 1132 Πνεῦμα
1532 1030 1860 1136 Χριστός
1876 1030 2008 1112 ’Ἂν
2034 1068 2211 1111 τινων
2248 1028 2473 1137 ἀφῆτε
2510 1029 2637 1116 τᾶς
2675 1033 3035 1134 ἁμαρτίας
3060 1051 3100 1116 5

562 1172 605 1238 b
627 1157 976 1262 ἀφέωνταί
1021 1164 1276 1264 φησιν·
1345 1156 1427 1238 ἄν
1470 1192 1648 1237 τινων
1697 1155 1995 1264 κρατῆτε,
2038 1154 2494 1262 κεκράτηνται,
2532 1155 2760 1233 καίτοι
2807 1152 3037 1252 μόνου

625 1289 754 1360 τοῦ
819 1280 1001 1360 κατὰ
1064 1281 1296 1387 φύσιν
1357 1279 1560 1364 ὄντος
1623 1286 1819 1361 Θεοῦ
1895 1280 2289 1378 δυναμένου
2352 1310 2429 1357 τε
2498 1282 2615 1357 καὶ
2691 1276 3037 1384 ἐξουσίαν

624 1407 912 1512 ἔχοντος
960 1405 1306 1488 ἀπολύειν
1343 1406 1694 1508 ἁμαρτίας
1743 1402 1908 1489 τοῦς
1957 1401 2480 1505 ἡμαρτηκότας·
2559 1405 2694 1481 τίνι
2745 1399 2892 1504 γὰρ
2943 1401 3038 1482 ἂν

627 1535 741 1611 καὶ
793 1529 1156 1633 προσήκοι
1213 1530 1296 1609 τὸ
1353 1528 1778 1636 χαρίζεσθαί
1824 1563 1977 1609 τισι
2031 1527 2123 1608 τὰ
2178 1530 2288 1683 ἐφ’
2337 1524 2597 1629 οἷσπερ
2653 1523 2743 1605 ἂν
2788 1527 3039 1604 ἁλοῖεν

627 1661 721 1737 εἰς
779 1689 905 1734 τον
956 1661 1143 1734 θεῖον
1197 1654 1860 1754 πλημμελήσαντες
1916 1654 2156 1751 νόμον,
2202 1659 2264 1733 εἰ
2318 1650 2417 1750 μὴ
2472 1653 2575 1757 τῷ
2629 1684 2757 1730 τον
2812 1651 3037 1746 νόμον
3068 1687 3141 1728 ιο

629 1780 1000 1881 ὀρίσαντι·
983 1838 1003 1876 ,
1074 1780 1160 1890 ἐξ
1212 1780 1447 1858 αὐτῶν
1504 1777 1581 1857 δὲ
1637 1785 1782 1862 τῶν
1829 1781 1994 1859 καθ’
2041 1778 2227 1877 ἡμᾶς
2283 1776 2650 1880 ἆθρητέον,
2697 1782 2755 1855 εἱ
2810 1779 3032 1874 δοκεῖ,

628 1910 757 1981 τοῦ
809 1901 1035 2003 λόγου
1084 1900 1218 2000 τὴν
1267 1901 1590 2001 δύναμιν·
1653 1906 1759 1987 τίς
1815 1910 1962 1987 τοῖς
2019 1902 2480 2000 θεσπίσμασι
2533 1907 2680 1981 τῶν
2724 1902 2839 1981 ἐπὶ
2894 1904 3039 2001 γῆς

628 2025 1001 2118 βασιλεων
1043 2027 1606 2133 ἐξουσιαστικῶς
1662 2027 2054 2131 ἐπιφύεται,
2091 2061 2207 2106 και
2261 2022 2659 2129 παραλύειν
2701 2028 3047 2130 ἐπιχειρεῖ

629 2148 721 2230 τὰ
780 2147 897 2229 διὰ
954 2154 1080 2249 τῆς
1146 2156 1290 2231 τῶν
1340 2151 1794 2254 κρατούντων
1850 2152 2388 2254 συντεταγμένα
2440 2147 2704 2256 ψήφου
2766 2184 2844 2229 τε
2914 2153 3036 2229 καὶ

569 2314 606 2357 ο
630 2275 940 2376 γνώμης,
979 2281 1034 2355 εἶ
1072 2272 1173 2374 μὴ
1219 2275 1361 2379 ἄρα
1413 2311 1518 2360 τις
1569 2277 1675 2376 εἴη
1727 2275 1949 2381 τυχὸν
1982 2283 2129 2357 τῶν
2164 2273 2296 2376 τὴν
2332 2276 2688 2370 βασιλίδα
2720 2308 3029 2379 περικει-
3066 2299 3140 2360 ¹5

626 2400 861 2499 μένων
896 2397 1110 2500 τιμήν
1142 2433 1218 2479 τε
1276 2404 1395 2479 καὶ
1454 2398 1727 2507 δόξαν;
1790 2398 2018 2482 τόπον
2054 2397 2200 2501 γὰρ
2251 2402 2328 2478 ἐν
2368 2398 2649 2482 ἐκείνοις
2706 2400 2834 2478 οὐκ
2888 2399 3038 2503 ἔχει

627 2526 757 2623 τῆς
809 2524 1254 2627 παρανομίας
1309 2522 1403 2605 τὰ
1455 2522 1897 2629 ἐγκλήματα.
1989 2520 2352 2627 τοιγάρτοι
2413 2525 2531 2603 καὶ
2594 2520 2837 2632 σοφὸν
2892 2523 3039 2627 ἔφη

631 2647 881 2750 λόγιον
919 2659 965 2694 “
990 2645 1313 2748 Ἀσεβὴς
1368 2652 1409 2729 ὁ
1461 2649 1697 2751 λέγων
1732 2656 2039 2744 βασιλεῖ
2070 2648 2581 2752 Παρανομεῖς.”
2644 2643 2825 2727 κατὰ
2874 2648 3041 2727 τίνα

631 2780 1009 2875 τοιγαροῦν
1046 2774 1188 2873 ἄρα
1220 2770 1491 2876 τρόπον
1527 2808 1603 2854 τε
1643 2776 1759 2855 καὶ
1798 2771 2044 2876 λόγον,
2082 2772 2167 2852 τὸ
2211 2770 2395 2878 μόνῃ
2436 2770 2710 2874 πρέπον
2748 2771 3038 2877 ἀξίωμα

629 2902 719 3003 τῇ
767 2897 919 3004 θείᾳ
976 2897 1195 3003 φύσει
1255 2905 1396 2981 τοῖς
1454 2901 1706 2979 ἑαυτοῦ
1762 2903 2113 2997 μαθηταῖς
2166 2897 2576 2999 περιέθηκεν
2622 2897 2662 2974 ὁ
2715 2894 2973 2997 Σωτήρ
3005 2929 3028 2994 ;
3064 2930 3157 2985 aq

628 3024 797 3102 ἀλλ’
839 3025 967 3103 οὐκ
1018 3022 1106 3102 ἂν
1141 3021 1447 3124 ἁμάρτοι
1482 3030 1611 3101 τοῦ
1656 3022 2053 3125 πρέποντος
2092 3022 2132 3102 ὃ
2168 3024 2243 3100 ἐν
2284 3023 2524 3122 Πατρὶ
2565 3018 2825 3122 Λόγος,
2862 3020 3038 3122 ἔδρα

630 3147 704 3225 δὲ
742 3156 952 3227 τοῦτο
991 3152 1105 3227 καὶ
1142 3147 1442 3251 σφόδρα
1481 3154 1742 3232 καλῶς.
1821 3144 1999 3254 ᾤετο
2044 3142 2188 3248 γὰρ
2228 3148 2373 3225 δεῖν
2408 3140 2574 3227 τοῦς
2609 3142 2694 3223 τὸ
2731 3144 2921 3224 θεῖόν
2955 3178 3037 3224 τε

632 3273 746 3348 καὶ
812 3270 1237 3351 δεσποτικὸν
1307 3271 1601 3376 ἔχοντας
1667 3274 1742 3350 ἐν
1797 3273 2067 3353 ἑαυτοῖς
2134 3268 2270 3369 ἤδη
2345 3275 2661 3368 Πνεῦμα,
2726 3271 2841 3348 καὶ
2907 3278 3041 3350 τοῦ

632 3396 982 3497 διαφεῖναι
1035 3391 1163 3477 τοῖς
1218 3429 1432 3475 τινων
1487 3396 1839 3498 ἁμαρτίας
1895 3392 2069 3475 εἶναι
2130 3395 2429 3495 κυριόυς,
2488 3395 2606 3473 καὶ
2657 3389 2898 3496 ὧνπερ
2944 3390 3043 3473 ἂν

566 3523 612 3587 d
632 3512 1042 3609 βούλωνται
1099 3524 1401 3620 κρατεῖν,
1447 3529 1574 3600 τοῦ
1628 3519 2142 3604 ἐνοικισθέντος
2196 3520 2434 3603 αὐτοῖς
2488 3517 2745 3619 Ἀγίου
2805 3517 3042 3599 Πνεύ-
3067 3544 3151 3605 ⁸5

632 3672 856 3738 ματος
913 3641 1241 3743 ἀφιέντος
1301 3677 1376 3722 τε
1433 3648 1549 3724 καὶ
1607 3652 2040 3748 κρατοῦντος
2099 3643 2283 3722 κατὰ
2336 3639 2703 3741 βούλησιν
2756 3642 3040 3750 οἰκείαν,

632 3760 772 3844 κᾶν
805 3763 892 3843 δι’
933 3764 1333 3867 ἀνθρώπων
1368 3771 1663 3865 τελῆται
1699 3765 1785 3848 τὸ
1823 3774 2127 3869 πρᾶγμα
2162 3768 2407 3871 τυχόν.

743 3889 1055 3992 Ἀφιᾶσι
1112 3888 1341 3991 γεμὴν
1397 3890 1749 3993 ἁμαρτίας
1805 3892 1961 3992 ἤτοι
2022 3890 2450 3995 κατέχουσιν
2506 3896 2570 3970 οἱ
2623 3923 3033 3985 πνευματο-

633 4011 848 4119 φόροι
913 4012 1096 4093 κατὰ
1155 4011 1284 4094 δύο
1347 4013 1678 4118 τρόπους,
1750 4014 1934 4095 κατά
1992 4048 2077 4117 γε
2139 4015 2454 4095 διάνοιαν
2509 4013 2706 4115 ἐμήν.
2793 4012 2839 4116 ἢ
2895 4013 3042 4117 γὰρ

632 4144 985 4218 καλοῦσιν
1056 4138 1172 4218 ἐπὶ
1235 4136 1318 4218 τὸ
1383 4138 1772 4239 βιίπτισμα
1838 4138 2004 4224 τοῦς
2067 4137 2173 4222 οἷς
2240 4135 2333 4217 ἂν
2397 4138 2534 4239 ἤδη
2601 4143 2718 4219 καὶ
2782 4137 3042 4219 τούτου
3064 4164 3163 4226 30

632 4268 870 4367 τυχεῖν
905 4262 1258 4366 ὠφείλετο
1303 4261 1422 4341 διὰ
1457 4259 1590 4362 τὴν
1627 4272 1754 4344 τοῦ
1799 4266 1965 4359 βιόυ
2014 4262 2425 4363 σεμνότητα
2469 4266 2587 4343 καὶ
2638 4261 2723 4343 τὸ
2767 4267 3037 4344 δεδοκι-

702 4474 756 4526 6.
793 4474 1023 4542 κρατεῖτε
1047 4489 1100 4542 p.
1208 4474 1506 4543 κεκράτηντε
1535 4473 1600 4529 Ε.
1830 4493 1884 4546 9.
1921 4497 2031 4531 τισι
2054 4493 2163 4529 om.
2191 4494 2243 4545 p.
2478 4490 2543 4542 14
2547 4475 2793 4546 ,ψόφου
2819 4473 3041 4545 (810))3.

637 4561 719 4613 19.
756 4544 1040 4611 πρέποντες
1067 4543 1130 4597 E·
1454 4586 1466 4599 .
1505 4546 1669 4617 ἐαυτῷ
1695 4545 1820 4613 (sic)
1848 4565 1901 4618 p.
2153 4563 2240 4613 24.
2277 4545 2538 4617 διαφεῖναι
2562 4544 2765 4600 habent
2788 4564 2846 4618 p.
2876 4544 3041 4602 Cord-

633 4631 720 4687 27.
758 4617 965 4669 τελοῖτο
988 4633 1039 4668 a.
1254 4630 1341 4685 30.
1379 4638 1408 4668 ο
1381 4561 1483 4687 2ς]
1519 4622 1575 4680 -1-
1605 4637 1705 4687 πεμ
1732 4635 1780 4670 a.
