3269 5166
242 339 496 420 xxi.18,
528 361 630 427 19.
753 340 861 406 IN
921 341 1541 407 S.JOANNEM.
1620 342 1813 408 LIB.
1846 342 2007 408 XII.
2086 344 2287 410 CAP.
2328 344 2384 410 I.
2519 345 2648 409 167

243 504 469 606 ἁγίων
502 504 704 587 ἑκών.
761 507 930 585 ἀλλ’
970 512 1030 585 εἱ
1066 509 1187 586 καὶ
1221 505 1475 610 πικρὸς
1513 509 1552 586 5
1591 506 1920 606 edumas-3
1945 508 2188 590 ἔπεισί
2210 544 2287 588 τε
2324 512 2441 589 καὶ
2478 510 2646 588 λίαν
2670 514 2715 582 d

246 629 691 728 ἅνεθελήτως
754 631 1014 728 αὐτοῖς,
1072 629 1274 710 ἀλλά
1339 665 1424 733 γε
1494 635 1622 731 τῆς
1696 630 1913 739 δόξης
1988 636 2117 732 τῆς
2189 631 2390 736 παρὰ
2450 637 2646 713 Θεοῦ

246 750 665 857 γλιχόμενοι
720 758 836 833 καὶ
891 758 1018 847 τῆς
1071 754 1382 857 ἐπιγείου
1429 764 1969 862 καταφρονοῦσι
2013 754 2215 859 ζωῆς.
2294 760 2641 856 ἀποκομι·
2699 805 2712 822 2

246 876 665 975 σθήσεσθαι
714 886 1095 980 τοιγαροῦν
1138 877 1265 958 τὸν
1306 876 1660 980 μακάριον
1709 879 1987 981 Πέτρον
2036 880 2648 984 προανεφῶνησεν
2747 912 2753 921 ·

184 1020 222 1083 5
247 1000 287 1078 5
344 998 670 1101 Χριστὸς
726 1007 823 1087 εἷς
878 998 1251 1109 ἀπᾴδοντᾶ
1304 1036 1381 1081 τε
1438 1004 1556 1082 καὶ
1609 1001 2096 1100 μεμισημένον
2151 1011 2280 1083 τοῦ
2334 1002 2647 1083 θανᾶτου

245 1122 495 1204 τόπον.
577 1124 750 1206 ἀλλ’
810 1127 939 1207 οὐκ
1011 1124 1103 1205 ἂν
1164 1130 1263 1210 εἷς
1333 1134 1546 1205 τοῦτο
1618 1121 1967 1233 κατέληξε
2024 1125 2267 1234 δόξης,
2336 1127 2493 1207 οὐδ’
2556 1123 2648 1206 ἂν

245 1248 668 1352 ἐσταυρώθη
706 1249 822 1329 διὰ
857 1246 1210 1353 Χριστόν,
1249 1255 1306 1329 εἱ
1360 1247 1463 1349 μὴ
1518 1254 1649 1350 τῆς
1703 1256 1848 1330 τῶν
1887 1257 2203 1352 λογικῶν
2256 1249 2648 1353 προβάτων
2745 1297 2755 1328 ι

245 1373 648 1471 ἐπιμελείας
703 1373 1078 1473 ἠκολούθει
1135 1372 1229 1454 τὰ
1291 1374 1758 1476 ἐγκλήματα,
1798 1376 1917 1453 καὶ
1977 1377 2106 1473 τῆς
2161 1378 2259 1457 εὶς
2313 1372 2650 1475 Χριστὸν
2697 1418 2702 1424 ·
2743 1420 2754 1430 =

247 1497 535 1600 ἀγάπης
572 1495 1029 1602 ἐρ’ριζωμένην
1063 1497 1250 1604 ἔχων
1284 1496 1417 1598 τὴν
1444 1498 1744 1597 δύναμιν
1778 1495 2011 1578 ἐκάλει
2047 1496 2229 1601 πρὸς
2266 1499 2651 1578 εὐπείθειαν
2745 1553 2756 1564 =

150 1655 225 1697 10
248 1619 414 1706 τοὺς
471 1629 625 1707 ταῖς
680 1626 1126 1714 διαβολικαῖς
1174 1618 1479 1707 ἀπάταις
1518 1623 2186 1725 σεσαγηνευμένους
2234 1620 2418 1725 πρὸς
2452 1620 2648 1702 πλά-

164 1800 177 1835 ,-
249 1779 485 1846 νησιν.
568 1746 1008 1827 ἀπεκτόνασι
1065 1746 1210 1850 γὰρ
1259 1745 1384 1828 τὸν
1434 1746 1788 1849 μακάριον
1828 1746 2111 1851 Πέτρον
2156 1751 2224 1827 οὶ
2273 1748 2389 1827 καὶ
2439 1754 2652 1826 τοῦτο

249 1874 515 1972 δρᾶσαι
570 1868 1089 1971 τολμήσαντες,
1135 1872 1270 1978 οὐχ
1323 1870 1563 1974 ἑτέρας
1618 1871 1846 1956 αἰτίας
1898 1870 2323 1978 ἐπιγράφειν
2371 1871 2651 1983 ἔχοντες

248 1995 464 2102 αὐτῷ,
527 1993 756 2095 μόνην
820 1993 894 2075 δὲ
970 1992 1102 2094 τὴν
1165 2000 1262 2081 εἰς
1323 1994 1656 2097 Χριστὸν
1718 1998 2188 2098 ἐγκαλοῦντες
2252 1994 2646 2090 εὖσεζΒειαν.
2673 2025 2709 2069 ο
2734 2013 2883 2070 um
2906 2012 2991 2070 Δ.

249 2117 409 2198 ἔστι
458 2120 697 2199 τοίνυν
733 2121 851 2200 καὶ
900 2118 1019 2198 διὰ
1060 2118 1333 2199 τούτων
1372 2122 1558 2217 ἰδεῖν,
1599 2118 1709 2200 ὅτι
1745 2119 2121 2224 χρησίμως
2156 2154 2233 2199 τε
2273 2122 2390 2198 καὶ
2428 2120 2652 2218 ἀναγ-

153 2274 225 2335 ¹5
252 2243 465 2326 καίως
502 2244 544 2321 5
586 2242 851 2346 Κύριος
903 2243 1105 2343 ἡμῶν
1135 2244 1422 2344 Ἰησοῦς
1457 2244 1499 2322 5
1534 2242 1862 2345 Χριστὸς
1912 2241 2475 2351 προανεφῶνησε
2525 2248 2655 2320 τοῦ

254 2366 537 2468 Πέτρου
590 2364 723 2466 τὴν
759 2364 1119 2468 τελευτὴν,
1154 2366 1271 2447 ἵνα
1325 2369 1411 2446 δι’
1453 2363 1554 2445 ῶν
1607 2367 1869 2464 ἔμελλε
1923 2372 2176 2448 παθεῖν
2222 2372 2655 2471 κατασφρα-

215 2491 433 2597 Γγίσῃ
481 2487 752 2595 τρόπον
786 2489 948 2571 τινὰ
1002 2493 1119 2571 καὶ
1163 2488 1429 2592 ἀληθὲς
1464 2490 1782 2598 ἐπιδείξῃ
1839 2489 1923 2571 τὸ
1977 2489 2161 2595 πρὸς
2216 2487 2433 2570 αὑτὸν
2469 2495 2655 2593 εἰρη-

252 2614 471 2715 μένον
524 2626 567 2664 “
598 2620 766 2713 Ναὶ,
809 2617 1059 2719 Κύριε,
1101 2614 1203 2696 σὺ
1258 2612 1454 2700 οἶδας
1510 2619 1618 2696 ὅτι
1665 2621 1865 2721 φιλῶ
1911 2616 2066 2696 σε.”
2123 2612 2209 2697 τὸ
2263 2612 2408 2718 γὰρ
2464 2613 2655 2699 ὅλως
2741 2617 2959 2738 Ξξιξῗῗσ.

253 2743 682 2839 τελευτῆσαι
737 2737 855 2818 διὰ
907 2739 993 2819 τὸ
1043 2738 1395 2844 κήρυγμα,
1431 2745 1588 2824 πῶς
1639 2739 1769 2819 οὐκ
1819 2736 1912 2819 ἂν
1960 2740 2234 2842 γένοιτο
2287 2737 2537 2843 σαφής
2579 2773 2654 2818 τε

148 2899 227 2941 20
252 2864 373 2942 καὶ
428 2863 931 2968 ἀναμφίλογος
980 2870 1109 2943 τοῦ
1161 2870 1404 2968 φιλεῖν
1450 2859 1832 2971 ἀπόδειξις,
1867 2865 1983 2943 καὶ
2036 2861 2145 2942 ὅτι
2199 2866 2327 2961 τῆς
2382 2863 2658 2946 τελείας

252 2984 564 3088 ἀγάπης,
604 2988 789 3094 φημὶ
846 2985 935 3087 δὴ
986 2990 1116 3086 τῆς
1167 2992 1265 3071 εἷς
1302 2984 1653 3089 Χριστὸν,
1693 2987 1844 3067 κατ’
1885 2985 2134 3066 οὐδένα
2170 2981 2442 3089 τρόπον
2477 2986 2652 3098 ἀπε-ᾗ

252 3109 700 3209 λιμπάνετος
764 3109 1075 3213 ἐπιλέγει
1129 3107 1357 3213 γεμὴν
1412 3108 1517 3195 οἷς
1552 3109 1694 3217 ἔφη
1732 3106 2059 3212 Χριστὸς
2113 3114 2218 3216 τῷ
2259 3107 2516 3216 Πέτρῳ
2571 3104 2656 3187 τό
2678 3113 2724 3182 b

248 3234 629 3316 Ἀκολούθει
681 3270 825 3341 μοι,
861 3231 1186 3336 δήλωσιν
1240 3233 1370 3332 μὲν
1414 3232 1602 3340 ἕχον,
1654 3238 1751 3319 ὦς
1806 3235 1883 3314 ἐν
1939 3233 2211 3341 διανοίᾳ
2267 3234 2470 3338 κοινῇ
2526 3235 2664 3331 τῆς

254 3356 443 3440 κατὰ
499 3359 889 3459 μαθητείαν
938 3355 1316 3458 νοουμένης
1365 3355 1937 3457 ἀκολουθήσεως,
1993 3359 2532 3459 αἰνιγματωδῶς
2581 3354 2659 3436 δὲ

150 3509 231 3571 ²5
254 3482 486 3565 πάλιν
523 3484 970 3588 ὖπεμφαῖνον
1007 3479 1191 3562 κατά
1237 3516 1320 3584 γε
1361 3480 1443 3562 τὸ
1477 3480 1657 3566 εἰκὸς
1694 3480 1933 3586 ἕτερον
1974 3481 2198 3580 οὐδὲν,
2234 3478 2281 3583 ἢ
2321 3479 2431 3561 ὅτι
2471 3477 2656 3561 Κατ’

255 3605 455 3713 ἴχνος
507 3606 721 3711 ἔρχου
776 3605 1116 3686 κινδύνων
1153 3610 1298 3685 τῶν
1335 3606 1547 3704 ε’μῶν,
1584 3606 1703 3684 καὶ
1752 3602 1883 3703 τὴν
1920 3603 2142 3705 αὐτὴν
2179 3607 2387 3685 οἱονεὶ
2437 3605 2650 3701 βαδί·

256 3728 400 3833 ζων
436 3728 626 3827 ὁδὸν,
664 3728 854 3837 ἔργῳ
902 3763 978 3809 τε
1030 3732 1146 3810 καὶ
1186 3727 1388 3837 λόγῳ
1424 3726 1553 3812 τὰς
1590 3733 1739 3808 τῶν
1773 3725 2223 3829 κεκλημένων
2259 3725 2661 3835 ὠφελήσας

256 3851 530 3959 ψυχὰς,
569 3855 688 3932 καὶ
734 3853 842 3932 ἐπ’
882 3852 1101 3933 αὐτὸν
1143 3851 1316 3932 ἰέναι
1361 3849 1684 3932 κατόκνει
1729 3853 2078 3951 μηδαμῶς
2114 3849 2243 3931 τὸν
2277 3853 2392 3931 ἐπὶ
2429 3850 2661 3958 ξύλου

256 3974 593 4073 θάνατον,
658 3973 741 4055 ὃν
801 3978 916 4056 καὶ
977 3976 1355 4076 συμβῆναί
1409 3984 1643 4080 φησιν
1706 3973 1882 4055 ὅταν
1923 3981 2036 4059 εἶς
2103 3978 2330 4078 γῆρας
2393 3973 2655 4080 ἐλάσῃ,

334 4276 387 4316 1.
420 4258 599 4315 ἔπεισί
618 4279 679 4313 τε
701 4274 811 4313 om.
835 4256 905 4313 Ε.
1080 4274 1134 4324 4.
1166 4277 1209 4311 π
1423 4257 1436 4276 ’
1510 4277 1606 4311 σεν
1630 4254 1697 4311 Ε.
1719 4255 2097 4327 προεφώνησεν
2122 4253 2227 4310 Ed.
2357 4266 2461 4383 ἐἰ
2496 4254 2662 4309 τόπον

254 4334 352 4386 τοῦ
375 4329 601 4387 θανάτου
621 4329 839 4384 invem
861 4325 1049 4382 ordine
1064 4326 1131 4381 E.
1433 4323 1542 4380 οὐδ’
1567 4325 1631 4380 ἂν
1654 4343 1762 4381 om.
1790 4326 1989 4395 (spatio
2014 4341 2075 4380 ιο
2102 4325 2209 4379 fere
2232 4325 2335 4380 litt.
2453 4323 2661 4406 cto)·E.

256 4419 293 4473 9
315 4410 372 4457 et
400 4418 484 4456 12.
521 4401 618 4467 τὴν
653 4397 864 4481 δύναμιν
898 4414 1028 4461 om„
1054 4395 1339 4468 δρασαντες
1367 4413 1466 4467 pro
1488 4395 1683 4466 δρᾶσαι
1707 4395 2079 4466 τολμήσαντες,
2106 4395 2305 4467 (spatio
2336 4410 2396 4449 12
2420 4394 2534 4448 fere
2555 4394 2660 4448 htt.

252 4490 295 4529 u
511 4472 634 4526 loco
658 4467 864 4539 rubeto)
889 4467 959 4524 Ε.
1365 4482 1450 4534 14.
1484 4488 1543 4520 τε
1565 4483 1676 4521 om.
1701 4466 1766 4522 E.
2163 4480 2247 4537 ¹5·
2283 4467 2314 4519 ὁ
2339 4465 2431 4519 alt.
2456 4479 2565 4518 om.
2591 4461 2659 4518 Ε.

258 4558 342 4617 ¹7·
450 4541 592 4613 ηθός
617 4540 685 4595 Ε.
1041 4552 1128 4608 27.
1165 4535 1532 4607 κεκαλειμένων
1558 4534 1623 4592 Ε.
1653 4544 1659 4549 “
2435 4594 2442 4597 ι
