3269 5166
222 342 267 407 i.
293 360 361 420 4.
710 294 820 406 IN
876 342 1395 407 EPISTOLAM
1454 343 1582 407 AD
1645 342 2149 408 HEBRAEOS.
2499 342 2622 406 371

2662 452 2797 515 [107
2817 449 2945 513 M.]

2537 509 2568 526 Α

222 502 483 606 εἰρήκει
517 506 861 608 γενόμενος
898 510 1013 586 καὶ
1046 505 1479 607 ἐσιώπησεν,
1513 505 1603 606 ἦν
1633 505 2008 612 πρόφασις·
2043 511 2192 588 τοῖς·
2228 505 2624 605 Ἀρειανοις·

222 630 377 707 ἐπεὶ
430 626 507 708 δὲ
566 627 749 708 Υἱὸν
802 631 1199 733 προείρηκε,
1254 632 1341 709 δι’
1393 629 1572 728 ὅλης·
1624 635 1751 730 τῆς
1809 633 2196 734 περικοπῆς·
2250 626 2632 732 ἀποδείξας

223 751 446 831 αὑτὸν
481 754 720 831 ἄλλον
756 750 931 833 εἶναι
962 761 1110 833 τῶν
1145 760 1482 856 γενητῶν,
1519 753 1678 833 οὐδὲ
1727 752 1812 833 τὸ
1867 750 2209 859 γενὸμενος
2263 754 2627 832 ἀπολελυ-

223 874 456 970 μένως·
490 875 756 976 ἔθηκεν,
791 877 994 957 ἀλλὰ
1027 876 1110 957 τὸ
1152 883 1451 986 κρείττων
1487 881 1778 980 συνῆψε
1831 881 1935 984 τῷ
1977 874 2344 981 γενόμενος·
2421 871 2619 952 ἀδιά-

162 1029 198 1086 5
227 1005 461 1104 φορον
497 998 641 1103 γὰρ
678 1000 1010 1101 ἡγήσατο
1047 1001 1179 1096 τὴν
1214 1002 1439 1108 λέξιν·
1522 1000 1722 1084 εἰδὼς·
1759 1004 1855 1084 ὧς·
1890 1003 2004 1081 ἐπὶ
2043 998 2632 1101 ὁμολογουμένως·

225 1123 538 1223 γνησίου
571 1129 751 1204 Υἱοῦ
789 1125 829 1203 ὁ
868 1125 1106 1226 λέγων
1141 1123 1225 1205 τὸ
1276 1129 1642 1232 γενόμενος,
1683 1125 1849 1204 ἴσον
1883 1130 1987 1231 τῷ
2034 1127 2468 1273 γεγενῆσθαι
2524 1121 2631 1201 ὅτι

226 1248 389 1325 ε’στὶ
429 1249 724 1350 κρείττων
764 1248 981 1350 λέγει·
1051 1247 1137 1329 τὸ
1183 1284 1315 1349 μεν
1353 1248 1497 1352 γάρ
1534 1251 1691 1353 γεν[
1693 1245 1933 1354 ν]ητὸν
1989 1248 2073 1327 οὐ
2128 1245 2462 1352 διαφέρει,
2501 1244 2633 1323 κᾶν

227 1369 414 1475 λε’γῃ
449 1404 558 1456 τις·
593 1371 890 1473 γε’γονεν
923 1371 969 1473 ἢ
1006 1373 1406 1472 πεποίηται·
1485 1371 1580 1452 τὰ
1611 1373 1687 1452 δὲ
1724 1369 2031 1525 γενητὰ,
2045 1369 2633 1472 δημιουργήματα

229 1491 427 1591 ὄντα,
492 1493 845 1576 ἀδύνατον
904 1495 1251 1597 λε’γεσθαι
1310 1495 1637 1597 γεννητά,
1697 1531 1755 1576 ει
1811 1493 1913 1594 μὴ
1976 1495 2117 1597 ἄρα
2171 1491 2352 1593 μετὰ
2407 1500 2635 1571 ταῦτα

130 1656 206 1698 ιο
229 1616 693 1721 μετασχόντα
728 1627 857 1699 τοῦ
888 1629 1230 1722 γεννητοῦ
1256 1624 1457 1717 Υιοῦ,
1486 1623 1968 1722 γεγεννῆσθαι
2008 1620 2123 1696 καὶ
2152 1616 2335 1696 αὐτὰ
2360 1615 2634 1717 λέγων-
2659 1638 2788 1692 108
2815 1634 2911 1693 Μ.

227 1768 374 1820 ται·
454 1743 548 1821 οὕ
589 1776 659 1821 τι
702 1776 788 1844 γε
827 1742 944 1822 διὰ
985 1741 1118 1842 τὴν
1154 1745 1337 1823 ἰδίαν
1381 1742 1630 1849 φύσιν,
1669 1742 1872 1821 ἀλλὰ
1908 1739 2024 1821 διὰ
2081 1740 2213 1839 τὴν
2249 1740 2637 1838 μετουσίαν

229 1873 361 1945 τοῦ
399 1870 580 1945 Υὶοῦ
634 1868 711 1945 ε’ν
766 1869 867 1975 τῷ
908 1866 1297 1965 Πνεύματι.
1373 1870 1490 1946 καὶ
1555 1874 1770 1946 τοῦτο
1829 1862 2058 1947 πάλιν
2123 1861 2311 1944 οἶδεν
2375 1864 2420 1962 ἦ
2488 1862 2639 1943 θεία

228 1986 506 2094 γραφὴ,
558 1991 673 2070 ἐπὶ
733 1989 866 2088 μὲν
920 1996 1064 2069 τῶν
1115 1996 1435 2090 γενητῶν
1492 1988 1818 2090 λέγουσα
1883 2000 1927 2037 “
1959 1987 2215 2069 Πάντα
2275 1989 2359 2066 δι’
2421 1989 2636 2067 αὑτοῦ
2661 2004 2864 2054 ὃκῐοωι-
2881 2005 2972 2067 i·.2›·

232 2121 282 2158 ‘⁶
318 2111 656 2214 ἐγένετο”
716 2118 833 2193 καὶ
898 2125 941 2161 “
970 2111 1228 2193 Πάντα
1282 2117 1359 2195 ἐν
1412 2115 1698 2220 σοφίᾳ”
1761 2113 2115 2211 ἐποίησεν·
2188 2113 2304 2191 ἐπὶ
2360 2111 2435 2191 δὲ
2493 2119 2637 2191 τῶν
2663 2137 2746 2185 Ps.
2769 2135 2870 2184 eiii
2897 2148 2975 2197 ²4·

130 2267 202 2326 15
233 2238 405 2314 υἱῶν
439 2241 585 2315 τῶν
619 2243 980 2338 γεννητῶν
1017 2247 1061 2284 “
1090 2235 1475 2337 Ἐγενοντο
1512 2238 1613 2345 τῷ
1650 2233 1828 2331 Ἰὼβ
1864 2239 1998 2316 υἱοὶ
2034 2233 2216 2315 ἑπτά
2258 2239 2375 2314 καὶ
2413 2241 2636 2337 θυγα-
2661 2270 2814 2319 Hiob.
2832 2270 2867 2318 i.
2892 2285 2938 2319 2.

232 2357 509 2460 “τε’ρες·
555 2361 801 2461 τρεῖς-,”
859 2363 975 2439 καὶ
1029 2369 1073 2407 “
1109 2359 1432 2463 Αβραάμ
1469 2358 1625 2440 δὲ’
1582 2395 1671 2460 ην
1707 2359 1957 2439 ἑκατὸν
1993 2361 2169 2438 ἐτῶν
2208 2393 2323 2438 οτε
2362 2360 2634 2461 ἐγένετο
2663 2388 2790 2436 Gen.
2805 2385 2906 2434 xxi.
2928 2398 2980 2448 5·

228 2481 427 2589 αὐτῷ
481 2481 741 2562 Ἰσαὰκ
797 2484 837 2562 ὁ
888 2481 1034 2567 υἱὸς·
1090 2486 1355 2566 aureo?
1475 2485 1732 2565 οὐκοῦν
1799 2491 1858 2563 εἰ
1920 2489 2064 2562 τῶν
2127 2517 2259 2581 μεν
2319 2489 2635 2583 γενητῶν
2660 2451 2906 2581 ἔρτὲῗ
2904 2533 2953 2581 p.

229 2605 464 2689 ἄλλος·
518 2610 702 2705 ἐστὶ,
745 2612 870 2706 τῆς·
907 2607 981 2689 δὲ
1017 2617 1148 2689 τοῦ
1189 2607 1479 2709 Πατρὸς·
1529 2610 1781 2693 οὐσίας
1829 2607 2049 2709 μόνος·
2107 2609 2282 2688 ἴδιον
2319 2607 2637 2709 γέννημα
2662 2599 2775 2633 ²⁰²

230 2728 272 2807 5
328 2727 527 2827 Υἱὸς,
593 2732 1075 2830 μεματαίωται
1129 2739 1278 2815 τοῖς·
1336 2733 1730 2835 Ἀρειανοῖς
1783 2732 1828 2831 ἦ
1887 2734 2048 2834 περὶ
2110 2740 2238 2810 τοῦ
2299 2729 2637 2835 γενόμενος

130 2893 206 2934 20
228 2851 629 2956 πρόφασις·
691 2851 827 2934 κᾶν
863 2853 1007 2957 γὰρ
1043 2857 1118 2933 ἐν
1156 2854 1430 2940 τούτοις
1457 2854 1960 2961 αἰσχυνθέντες·
1994 2853 2377 2958 βιάζωνται
2411 2852 2638 2935 πάλιν

228 2975 492 3077 λέγειν,
529 2985 1001 3080 συγκριτικῶς·
1049 2983 1379 3082 εὶρῆσθαι
1435 2977 1528 3058 τὰ
1580 2978 1794 3083 ῥητὰ,
1852 2983 1968 3058 καὶ
2026 2977 2144 3058 διὰ
2198 2986 2408 3057 τοῦτο
2463 2974 2638 3056 εἶναι

228 3096 324 3177 τὰ
360 3097 890 3201 συγκρινόμενα
926 3103 1266 3204 ὁμογενῆ,
1305 3099 1495 3183 ὥστε
1546 3102 1674 3183 τὸν
1710 3100 1890 3183 Υὶὸν
1937 3106 2065 3202 τῆς·
2112 3107 2258 3180 τῶν
2298 3099 2639 3251 ἀγγέλων

229 3218 410 3302 εἶναι
482 3223 794 3329 φύσεως,
863 3225 1478 3330 αἰσχυνθήσονται
1552 3261 1684 3325 μεν
1753 3225 2305 3329 προηγουμένως·
2378 3227 2473 3308 ὡς·
2546 3223 2638 3304 τὰ

231 3346 726 3428 Οὐαλεντίνου
800 3353 917 3428 καὶ
986 3348 1549 3452 Καρποκράτους
1620 3350 2129 3457 φθεγγόμενοι·
2231 3345 2332 3429 ῶν
2403 3349 2444 3427 5
2509 3347 2638 3448 μὲν

126 3498 205 3560 25
230 3469 396 3554 τοὺς·
433 3469 790 3572 ἀγγέλους
854 3473 1215 3572 ὁμογενεῖς
1252 3472 1482 3576 εἴρηκε
1540 3475 1643 3579 τῷ
1699 3478 2034 3580 Χριστῷ,
2061 3475 2122 3553 ὁ
2163 3472 2237 3553 δὲ
2276 3470 2637 3575 ἀγγέλους·

229 3600 361 3672 τοῦ
394 3591 676 3691 κόσμου
712 3594 1181 3699 δημιουργοὺς·
1217 3593 1401 3675 εἷναί
1453 3603 1710 3704 φησιν·
1788 3599 1954 3698 παρ’
1997 3599 2234 3677 αὐτῶν
2278 3597 2420 3701 γὰρ
2460 3596 2638 3680 ἴσως·

228 3715 580 3815 μαθόντες·
636 3721 753 3797 καὶ
810 3719 1025 3814 οὗτοι,
1070 3720 1542 3822 συγκρίνουσι
1598 3717 1727 3800 τὸν
1781 3729 1909 3800 τοῦ
1959 3726 2153 3801 Θεοῦ
2192 3720 2437 3820 Λόγον
2488 3727 2636 3803 τοῖς·

232 3839 598 3942 ἀγγέλοις.
658 3844 827 3922 ἀλλ’
874 3842 1443 3946 ἐντραπήσονται
1499 3850 1791 3925 τοιαῦτα
1845 3841 2382 3949 φανταῷμενοι,
2438 3841 2637 3947 παρὰ

232 3963 360 4060 μὲν
397 3972 529 4044 τοῦ
566 3968 897 4074 ὑμνωδοῦ
929 3967 1271 4068 λε’γοντος·
1322 3978 1367 4015 “
1404 3968 1538 4052 Τίς·
1576 3966 2099 4066 ὁμοιωθήσεται
2137 3971 2238 4075 τῶ
2278 3968 2597 4075 Κυρίω’
2561 4001 2637 4045 εν
2660 3987 2974 4116 {mmmm

2581 4089 2602 4117 Ι

20 4165 21 4172 ,
129 4111 209 4171 30
234 4098 281 4136 “
316 4093 486 4174 υἱοῖς·
526 4091 780 4187 Θεοῦ,”
841 4093 959 4171 καὶ
993 4092 1102 4175 τίς·
1159 4089 1268 4139 ““’
1229 4089 1469 4191 ομοιός
1519 4125 1647 4171 σοι
1682 4092 1759 4170 ἐν
1792 4098 1995 4189 θεοῖς,
2041 4044 2305 4193 Κύριιε·
2291 4155 2309 4185 ,
2315 4092 2354 4118 ”
2425 4094 2633 4171 ἀκου-
2659 4119 2739 4168 Ib.
2761 4119 2939 4167 lxxxv.

2661 4184 2711 4233 8.

306 4311 356 4349 2.
391 4296 506 4350 ἐπεὶ
530 4294 589 4350 δὲ
612 4313 661 4349 a.
688 4294 792 4350 Ed.
818 4295 991 4365 ἐπειδὴ
1016 4295 1072 4351 b.
1453 4296 1505 4351 6.
1542 4279 1854 4369 γεγενῆσθαι
1881 4315 1929 4351 8.
2246 4293 2638 4368 7.γεν[ν]ητόν

234 4365 529 4420 emendavi.
555 4367 771 4436 γενητὸν
794 4366 899 4420 Ed.
1187 4366 1239 4420 8.
1275 4367 1419 4437 λέγει
1444 4367 1501 4423 b.
1795 4385 1874 4422 10.
1913 4367 2164 4438 λέγωνται
2189 4385 2237 4421 8.
2246 4310 2505 4437 Ἰλέγονται
2533 4366 2636 4420 Ed.

240 4450 320 4489 12.
356 4434 608 4504 πνεῦμα-ι
632 4453 680 4490 a.
685 4436 721 4491 b
751 4435 872 4560 [por
895 4445 1024 4490 cast.
1052 4453 1218 4490 manu
1242 4435 1460 4507 prima}
1499 4439 1659 4509 παι-ρι’
1681 4438 1717 4493 b
1746 4438 1919 4510 [prius
1953 4437 2257 4509 scriptum}
2285 4437 2465 4490 Cram.
2494 4435 2637 4489 unde

233 4513 287 4559 et
312 4505 512 4560 Maius.
722 4520 802 4578 15.
842 4508 940 4572 Ιὼβ
964 4525 995 4561 a
998 4506 1070 4563 ..b
1094 4505 1281 4572 Ἰακὼβ
1309 4507 1489 4562 Cram.
1513 4508 1662 4564 unde
1684 4519 1737 4563 et
1765 4509 1961 4566 Maius.
2161 4524 2252 4564 2ο.
2289 4509 2562 4571 βιάζωνται
2588 4522 2635 4559 a.

233 4577 501 4644 βιάζονται
530 4575 633 4631 Ed.

1361 4680 1541 4744 3132
