3269 5166
233 343 345 386 xx.
379 341 482 402 22,
504 345 606 412 23.
697 327 812 392 IN
873 330 940 393 S.
981 329 1496 396 JOANNEM.
1573 329 1768 397 LIB.
1802 328 1962 396 XII.
2036 329 2242 395 CAP.
2274 329 2333 393 1.
2508 327 2635 392 137

237 485 495 592 ὥσπερ
551 494 676 572 οὖν
731 495 956 574 καίτοι
1011 493 1195 574 κατὰ
1250 492 1534 598 καιροὺς
1583 497 1798 579 ἰδίους
1854 494 1946 576 τὰ
1999 504 2290 576 τοιαῦτα
2343 491 2640 596 δράσειν

241 616 814 720 ὑπισχνούμενος
850 619 1173 720 καθάπερ
1209 620 1404 704 τινὰς
1458 622 1884 725 ἀῤῥαβῶνας
1934 628 2063 702 τοῦ
2117 617 2298 700 κατὰ
2346 617 2640 700 πάντων

240 740 548 820 ἔσεσθαι
618 742 1219 842 προσδοκωμένου
1294 747 1410 824 καὶ
1484 742 1959 846 γενικωτάτου
2027 743 2474 847 πράγματος,
2547 739 2640 819 τὰ

241 862 430 943 κατὰ
484 865 695 969 μέρος
749 867 1107 972 εἰργάζετο
1164 871 1278 948 καὶ
1332 868 1476 972 πρὸ
1532 877 1779 972 καιροῦ
1828 877 1957 950 τοῦ
2004 869 2309 963 δέοντος,
2351 867 2468 947 ἵνα
2524 869 2637 946 καὶ
2660 887 2977 945 aloooA.

171 1005 210 1066 5
242 988 767 1074 ἀνενδοιάστως
837 992 1287 1091 πιστεύηται·
1379 993 1563 1075 κατὰ
1632 992 1760 1074 τὸν
1823 990 2042 1073 αὑτὸν
2105 989 2298 1088 οἶμαι
2372 990 2644 1093 τρόπον

242 1113 567 1217 πέμψειν
599 1121 696 1198 εἶς
732 1115 917 1214 ἡμᾶς
951 1115 1081 1195 τὸν
1120 1114 1606 1219 Παράκλητον
1640 1114 1880 1215 εἰπὼν,
1915 1115 2091 1196 ὅταν
2129 1114 2414 1217 ἀπέλθῃ
2462 1111 2645 1214 πρὸς

240 1235 374 1315 τὸν
425 1239 740 1341 Πατέρα,
802 1244 917 1319 καὶ
974 1239 1218 1339 καιρὸν
1272 1247 1363 1344 τῇ
1423 1240 1608 1320 κατὰ
1665 1240 1960 1320 πάντων
2013 1242 2129 1319 καὶ
2194 1241 2307 1318 ἐπὶ
2372 1237 2647 1320 πάντας

243 1359 487 1464 χάριτι
540 1371 796 1442 τοῦτον
831 1364 1344 1467 διορισάμενος,
1384 1362 1719 1469 ἀπαρχὴν
1755 1361 2004 1465 ὥσπερ
2042 1362 2200 1443 τινὰ
2251 1366 2377 1460 τῆς
2423 1364 2650 1463 ἐπαγ-

243 1486 497 1584 γελίας
546 1487 622 1565 ἐν
655 1494 801 1570 τοῖς
850 1494 1202 1587 μαθηταῖς
1252 1489 1630 1591 εἰργάζετο,
1670 1486 1789 1568 διὰ
1835 1485 2125 1570 πολλὰς
2176 1484 2519 1588 εὐλόγους
2573 1519 2650 1565 τε

131 1645 216 1688 ιο
245 1610 366 1688 καὶ
406 1612 795 1712 ἀναγκαίας
833 1610 1169 1717 ἀφορμὰς
1206 1608 1288 1696 ἃς
1328 1614 1782 1714 προείπομεν.

364 1734 654 1812 Οὐκοῦν
689 1736 1015 1840 δέχονται
1065 1734 1197 1834 μὲν
1242 1734 1373 1835 τὴν
1408 1745 1538 1817 τοῦ
1572 1737 1830 1835 Ἀγίου
1871 1735 2291 1834 Πνεύματος
2333 1734 2648 1840 μέθεξιν,

244 1858 368 1937 ὅτε
408 1862 525 1936 καὶ
565 1867 944 1965 ἐνεφύσησεν
977 1865 1198 1946 αὐτοῖς
1238 1860 1476 1963 λέγων
1514 1863 1793 1950 Λάβετε
1836 1863 2115 1965 Πνεῦμα
2136 1857 2398 1961 ‘'A‘yaov·
2491 1858 2651 1939 οὐδὲ
2675 1871 2719 1936 b

244 1981 396 2084 γὰρ
458 1979 552 2080 ἦν
607 1983 1151 2088 διαψεύσασθαι
1215 1983 1520 2088 λέγοντα
1575 1983 1703 2065 τὸν
1752 1982 2104 2088 Χριστὸν,
2154 1986 2309 2064 οὐδ’
2369 1984 2458 2063 ἂν
2513 1984 2653 2088 ἔφη

249 2107 556 2204 Λάβετε,
591 2106 693 2205 μὴ
731 2106 991 2193 διδούς·
1053 2111 1129 2188 ἐν
1168 2105 1244 2188 δὲ
1282 2115 1433 2191 ταῖς
1480 2109 1767 2210 ἡμέραις
1826 2112 1954 2208 τῆς
2003 2109 2211 2211 ἁγίας
2253 2143 2656 2210 πεντηκοσ-

139 2255 215 2316 15
247 2234 381 2328 τῆς
430 2233 972 2335 έμφανεστεραν
1005 2236 1131 2330 τῆς
1175 2231 1466 2336 χάριτος
1502 2232 1634 2332 τὴν
1672 2231 2067 2337 ἀνάῤῥησιν
2104 2236 2219 2312 καὶ
2271 2231 2402 2333 τὴν
2440 2232 2658 2336 φανέ-

245 2388 487 2455 ρωσιν
536 2363 664 2433 τοῦ
716 2355 1228 2456 ἐνοικισθέντος
1282 2358 1522 2441 αὐτοῖς
1557 2358 1814 2457 Ἀγίου
1870 2356 2289 2452 Πνεύματος
2343 2355 2658 2440 τιθέντος

250 2483 473 2573 Θεοῦ,
510 2475 870 2582 ὤφθησαν
906 2485 981 2560 αἱ
1025 2487 1376 2582 γλῶσσαι
1427 2480 1544 2561 διὰ
1589 2480 1838 2583 πυρὸς,
1875 2482 2003 2560 οὐκ
2039 2480 2269 2586 ἀρχὴν
2306 2482 2383 2559 ἐν
2419 2483 2657 2563 αὐτοῖς

245 2606 380 2700 τῆς
430 2607 697 2705 δωρεᾶς
750 2605 1258 2702 σημαίνουσαι,
1297 2611 1393 2690 εἷς
1446 2604 1677 2710 ἀρχὴν
1715 2605 1791 2683 δὲ
1836 2612 2125 2704 μᾶλλον
2161 2605 2654 2711 ἀναφέρουσαι

245 2734 381 2806 τοῦ
438 2726 684 2825 λόγου.
789 2728 1186 2832 γέγραπται
1241 2737 1419 2830 γοῦν
1475 2728 1585 2809 ὅτι
1638 2741 1681 2777 “
1710 2729 2024 2835 ἤρξαντο
2083 2737 2334 2809 λαλεῖν
2390 2729 2656 2832 ἑτέραις
2746 2734 2998 2866 ζζῇξῗζ

248 2861 292 2896 “
335 2849 728 2950 γλώσσαις
784 2852 1018 2936 καθὼς
1077 2854 1160 2933 τὸ
1221 2858 1520 2951 Πνεῦμα
1577 2857 1807 2933 ἐδίδου
1865 2854 2463 2959 ἀποφθέγγεσθαι
2520 2856 2648 2932 αὐ-

249 2985 294 3021 “
332 2976 548 3058 τοῖς.”
609 2974 882 3060 ἀκούεις
938 2976 1131 3062 ὅπως
1186 2977 1502 3083 ἤρξαντο
1557 2984 1834 3072 λαλεῖν,
1891 2977 1975 3055 οὐ
2030 2984 2157 3055 τοῦ
2213 2972 2655 3078 ἀγιάζέσθαι,
2684 3012 2722 3056 c

229 3100 373 3177 καὶ
430 3096 542 3178 ὅτι
595 3107 976 3199 γλωσσῶν
1030 3101 1328 3200 διανομὴ
1385 3100 2003 3205 καταπεφοίτηκεν
2057 3098 2164 3179 ἐπ’
2213 3095 2488 3193 αὐτοῦς,
2533 3107 2661 3177 τοῦ

248 3225 328 3300 ἐν
376 3224 613 3306 αὐτοῖς
671 3221 874 3307 ὄντος
926 3224 1343 3319 Πνεύματος
1397 3230 1853 3326 ἐνεργοῦντος
1910 3226 2026 3303 καὶ
2085 3231 2349 3318 τοῦτο;
2413 3218 2663 3324 ὥσπερ

251 3345 401 3448 γὰρ
440 3346 530 3452 ἐξ
562 3348 867 3449 οὐρανοῦ
909 3349 1334 3452 πεφώνηκεν
1372 3350 1412 3428 5
1451 3346 1714 3451 Πατὴρ
1752 3346 2333 3451 ἐπιμαρτυρήσας
2369 3353 2473 3455 τῷ
2511 3348 2662 3454 ἰδίῳ

143 3512 226 3573 25
254 3468 652 3641 γεννήματι
688 3471 806 3550 καὶ
857 3470 1094 3572 λέγων
1134 3483 1176 3520 “
1206 3468 1443 3556 Οὗτός
1489 3476 1691 3553 ἐστιν
1724 3474 1767 3551 5
1805 3473 1980 3557 Υἱός
2024 3505 2164 3571 μου
2210 3472 2251 3551 5
2294 3471 2665 3573 ἀγαπητὸς
2752 3486 3002 3538 &Umb-

254 3589 508 3673 “gv''
452 3630 512 3700 cp
555 3591 985 3693 ηὑδόκησα,”
1027 3630 1145 3674 και
1184 3594 1472 3694 δέδρακε
1509 3604 1722 3675 τοῦτο
1757 3629 1937 3748 προς
1972 3597 2483 3699 πληροφορίαν
2519 3603 2667 3674 τῶν
2755 3553 2940 3683 {adil-⁷5

252 3718 752 3820 ἀκροωμένων,
790 3717 1178 3820 ὀργανικὴν
1212 3716 1465 3824 ὥσπερ
1501 3719 1662 3799 τινὰ
1713 3722 1830 3799 καὶ
1879 3726 2027 3803 τοῖς
2078 3720 2438 3822 ἡμετέροις
2483 3723 2668 3799 ὠσὶν

251 3842 766 3937 ἐμπίπτουσαν
825 3842 1278 3950 καταῤῥηξας
1353 3844 1624 3948 φωνὴν,
1685 3842 1843 3942 ἤτοι
1917 3842 2253 3945 γενέσθαι
2317 3841 2661 3943 ποιήσας,

251 3969 444 4048 οὕτω
481 3969 601 4047 καὶ
635 3968 752 4049 ἐπὶ
795 3973 940 4047 τῶν
977 3968 1205 4069 ἁγίων
1239 3965 1684 4047 ἀποστόλων
1717 3968 2262 4069 ἐμφανεστέραν
2295 3968 2504 4048 ἐτίθει
2540 3970 2667 4065 τῆς
2693 3980 2737 4044 d

147 4125 226 4185 30
249 4089 551 4197 χάριτος
605 4088 741 4189 τὴν
785 4090 1164 4197 ἀνάδειξιν,
1210 4092 1286 4170 ἐν
1335 4092 1496 4170 ε’ίδει
1552 4090 1778 4195 πυρὸς
1832 4089 1963 4175 τὰς
2018 4092 2378 4193 γλώσσας
2434 4094 2671 4174 αὐτοῖς

246 4218 577 4322 ἐπαφεὶς,
630 4216 746 4295 καὶ
799 4219 928 4315 τῆς
984 4226 1029 4262 “
1059 4214 1453 4321 φερομένης
1508 4218 1749 4311 βιαίας
1803 4218 2074 4315 πνοῆς”
2123 4214 2250 4295 τὸν
2305 4213 2485 4321 ἦχον
2539 4215 2673 4315 τὴν
2762 4208 3013 4342 ssffiffij

326 4518 412 4578 17.
452 4503 543 4558 διὰ
570 4502 637 4557 Ε.
638 4520 693 4574 p.
696 4520 747 4557 a.
774 4501 904 4557 ωσεὶ
931 4501 1033 4558 Ed.
1203 4518 1288 4558 20.
1325 4502 1501 4559 αὐτοῖς
1523 4501 1739 4571 ἆποφθέ
1809 4502 1963 4557 εσθαι
1988 4520 2037 4557 a.
2208 4518 2294 4558 21.
2331 4498 2580 4573 ἤρξαντο]
2614 4506 2673 4566 -Ι-

244 4580 341 4633 τοῦ
366 4596 419 4632 ει.
651 4590 740 4643 29.
777 4576 889 4630 τοῖς
910 4571 1079 4642 ἁγίοις
1102 4571 1422 4629 ἀποστόλοις
1444 4592 1499 4643 p.
1609 4574 1766 4628 ἐτίθει
1821 4573 2029 4643 ἐδείχθη
2057 4574 2123 4628 Ε.

337 4677 488 4725 voL.
525 4675 631 4720 111.
1460 4676 1498 4718 T
