3269 5166
294 626 313 661 1
336 613 506 663 Thess.
527 630 577 664 v,

293 693 368 734 21,
391 694 468 728 22.

627 332 755 393 536
1090 336 1169 399 B.
1220 336 1599 401 CYRILLI
1655 339 2188 403 ALEXANDR.
2236 340 2578 404 FRAGM.

625 496 898 562 arbitror
945 504 1011 564 et
1074 499 1256 564 valde
1316 502 1560 566 merito.
1673 502 2028 585 Oportebat
2072 502 2242 565 enim
2287 502 2618 585 oportebat
2667 501 3040 566 memoriam

626 599 851 664 habere
892 604 1271 667 sanctissimi
1303 605 1503 682 Pauli,
1535 605 1719 688 plane
1765 606 2094 669 scribentis
2137 606 2318 670 nobis
2364 615 2404 644 “
2423 606 2647 669 Estote
2691 607 3040 688 prudentes

626 712 664 741 “
696 706 1145 769 nummularii:
1210 709 1423 771 omnia
1463 708 1739 792 probate,
1787 710 1955 793 quod
2000 709 2236 773 bonum
2279 715 2377 773 est
2417 714 2664 773 tenete:
2733 708 2818 773 ab
2863 710 3036 773 omni

625 815 663 844 “
696 809 899 891 specie
937 809 1106 874 mala
1144 810 1456 876 abstinete
1492 811 1667 875 vos.'’
1758 811 1944 877 Quod
1992 819 2056 876 et
2099 835 2286 895 agere
2326 813 2498 876 soliti
2538 834 2651 876 nos
2691 818 2759 875 et
2803 811 3036 875 solido-

624 932 764 974 rum
807 915 1168 995 probatores
1212 915 1445 980 imitari
1478 916 1867 994 festinantes,
1899 916 2006 979 illa
2035 916 2288 1001 quidem
2327 938 2486 1001 quae
2530 921 2681 980 sunt
2724 916 2944 1000 turpia
2974 923 3038 979 et
3063 925 3094 982 5

623 1016 884 1098 reproba
935 1016 1237 1102 dogmata
1296 1020 1715 1103 reprobamus,
1773 1019 2146 1105 suscipimus
2193 1043 2338 1084 vero
2398 1024 2464 1084 et
2520 1019 2703 1084 valde
2761 1018 3037 1084 libenter

623 1119 834 1183 omnia
866 1143 1026 1204 quae
1065 1122 1464 1207 resplendent
1503 1123 1672 1187 clara.
1698 1123 1984 1190 veritatis
2025 1123 2512 1207 pulchritudine.
2603 1123 2854 1187 Iterum
2887 1147 3034 1188 vero

621 1222 804 1287 nobis
834 1226 995 1289 ratio
1024 1233 1422 1291 convertetur
1450 1229 1529 1290 ad
1559 1227 1883 1292 docentem
1912 1228 1969 1290 ei
1999 1232 2065 1291 et
2092 1228 2478 1310 propositam
2509 1228 2700 1290 viam.

712 1327 1030 1412 Scriptum
1055 1335 1151 1394 est
1172 1330 1374 1414 igitur
1395 1330 1556 1394 bono
1575 1330 1774 1394 Theo-
1967 1330 2202 1414 Scripti
2274 1336 2425 1393 sunt
2492 1353 2532 1393 a
2594 1353 2832 1415 magno
2895 1333 3035 1422 2⁰23

623 1429 773 1495 doro
820 1432 1115 1496 adversus
1174 1434 1454 1497 haeresin
1504 1434 1772 1497 Ariano-
1875 1433 2198 1498 Theodoro
2258 1433 2554 1496 adversus
2612 1432 3030 1497 Atrianorum
3064 1458 3132 1496 10

622 1555 764 1597 rum
821 1542 886 1599 et
938 1536 1479 1601 Eunomianorum
1534 1537 1772 1621 viginti
1873 1542 1938 1600 et
1990 1537 2533 1600 Eunomianorum
2591 1536 2878 1600 haereses
2937 1536 3031 1600 vi-

620 1659 779 1720 pene
817 1659 1077 1702 numero
1108 1639 1206 1702 vel
1237 1640 1568 1723 ampliores
1602 1639 1770 1718 libri,
1872 1639 2044 1722 giuti
2118 1638 2281 1703 forte
2354 1645 2420 1703 et
2483 1639 2690 1703 adhuc
2755 1639 3035 1723 amplius

621 1761 864 1804 necnon
894 1742 1085 1805 etiam
1126 1742 1253 1820 alii,
1286 1743 1772 1827 interpretantes
1873 1742 2017 1807 libri
2059 1752 2125 1807 et
2167 1743 2293 1806 alia
2335 1749 2582 1826 praeter
2625 1741 2778 1806 haec
2813 1743 3032 1806 Evan-

620 1844 1015 1926 evangelicos
1050 1850 1116 1909 et
1142 1846 1512 1929 apostolicos
1542 1846 1768 1909 libros:
1871 1847 2075 1931 gelica.
2118 1851 2185 1909 et
2227 1844 2594 1930 Apostolica
2643 1846 2883 1929 scripta
2933 1847 3033 1908 in-

618 1968 772 2030 quos
793 1948 1044 2031 quidem
1066 1947 1307 2012 labores
1330 1948 1523 2013 nollet
1544 1949 1771 2033 aliquis
1871 1955 2254 2032 terpretatus
2292 1955 2406 2015 est.
2495 1949 2586 2012 Et
2623 1949 2741 2012 hos
2770 1949 3026 2033 quidem
3065 1971 3130 2028 15

618 2050 955 2134 inerepare,
1003 2053 1208 2136 magis
1259 2059 1469 2117 autem
1523 2051 1770 2116 decreto
1870 2053 2110 2117 labores
2153 2051 2367 2116 nullus
2410 2074 2599 2115 ausus
2641 2058 2784 2115 est·
2827 2053 3032 2116 incre-

617 2154 900 2217 studium
947 2155 1293 2232 honoraret,
1326 2156 1382 2219 si
1421 2155 1653 2220 inesset
1681 2155 1771 2220 eis
1869 2178 2015 2239 pare
2051 2158 2157 2220 sed
2192 2158 2411 2220 dextro
2441 2154 2689 2220 decreto
2722 2156 3030 2220 honorare

617 2256 988 2340 dogmatum
1018 2258 1345 2323 rectitudo,
1869 2259 2148 2323 studium
2243 2264 2557 2323 rectorum
2646 2258 3028 2343 dogmatum

1849 2362 2034 2454 ‘quod
2078 2363 2145 2426 in
2190 2362 2280 2426 eis
2324 2369 2438 2427 est.

707 2463 777 2524 Si
801 2485 947 2527 vero
970 2466 1227 2547 quidam
1251 2471 1431 2529 extra
1451 2466 1838 2529 destinatum
1869 2466 2170 2543 ambulet,
2190 2472 2256 2530 et
2284 2471 2519 2530 rectam
2537 2465 2705 2528 viam
2731 2464 3028 2529 veritatis
3059 2494 3131 2533 πο

616 2564 990 2650 relinquens,
1025 2592 1134 2652 per
1174 2569 1464 2633 semitam
1505 2575 1608 2634 eat
1645 2570 2003 2647 distortam,
2049 2569 2619 2654 simpliciorumque
2663 2568 2851 2633 corda
2883 2568 3025 2632 vul-

615 2676 812 2748 neret,
848 2671 1341 2737 adulteratorum
1384 2673 1472 2736 eis
1516 2673 1805 2758 injiciens
1846 2674 2282 2738 intellectuum
2324 2674 2577 2749 semina,
2610 2679 2768 2736 tunc
2811 2675 3025 2757 requi-

617 2796 817 2838 escere
848 2798 976 2838 non
1008 2776 1143 2839 sinc
1164 2778 1395 2841 damno
1425 2777 1547 2840 erit
1577 2778 1665 2841 eis
1696 2779 1804 2861 qui
1829 2778 2076 2861 populis
2104 2778 2475 2861 praesident,
2503 2774 2849 2839 mercedem
2875 2799 3025 2840 vero

616 2876 941 2941 habebunt
976 2886 1041 2942 et
1082 2879 1348 2957 lucrum,
1379 2879 1430 2943 si
1465 2881 1777 2945 resistant.
1868 2883 2041 2965 Ergo
2071 2880 2366 2965 quoniam
2410 2880 2478 2942 in
2521 2879 2623 2943 his
2667 2879 2844 2943 libris
2890 2880 3026 2945 sive

617 2981 945 3045 memorati
998 2983 1117 3045 viri
1172 2983 1537 3067 conscriptis
1582 3007 1740 3068 quae
1791 2985 1974 3048 modo
2027 2983 2509 3061 nominavimuS,
2555 2983 2816 3047 inventa
2869 2991 3020 3048 sunt
3057 3008 3128 3066 25

615 3086 921 3170 quaedam
968 3087 1226 3150 ultimae
1274 3087 1622 3170 impietatis
1672 3087 1875 3171 plena,
1911 3089 2220 3172 quomodo
2266 3092 2400 3151 erat
2442 3110 2822 3170 consequens
2862 3088 3026 3151 velle

614 3191 867 3254 tacere?
920 3189 1171 3253 Dividit
1213 3191 1382 3254 enim
1427 3190 1827 3254 individuum
1859 3192 2185 3255 Christum
2218 3197 2281 3254 et
2311 3214 2421 3274 pro
2452 3212 2578 3254 uno
2609 3191 2770 3254 Filio
2812 3190 3023 3255 duali-

613 3298 813 3356 tatem
845 3294 991 3357 eolit
1009 3317 1049 3358 a
1071 3293 1336 3358 veritate
1368 3294 1756 3358 excidentem
1780 3301 1845 3358 et
1873 3295 2049 3379 quasi
2080 3294 2252 3357 falsis
2274 3294 2633 3357 nominibus
2656 3293 3023 3358 coloratam.

615 3396 781 3459 Nam
810 3397 1016 3461 Deum
1049 3398 1326 3461 Verbum
1365 3398 1494 3462 Qui
1538 3422 1613 3461 ex
1649 3397 1785 3461 Deo
1820 3398 2008 3461 Patre
2054 3403 2171 3476 est,
2218 3399 2536 3461 hominem
2583 3397 2791 3462 vocari
2837 3398 3024 3475 dicit,

612 3522 737 3563 non
770 3506 981 3564 tamen
1022 3508 1088 3566 et
1128 3502 1247 3566 hoc
1282 3501 1518 3565 factum
1548 3524 1681 3565 esse
1726 3501 2067 3565 secundum
2097 3501 2469 3578 veritatem3
2511 3500 2834 3564 hominem
2869 3524 3023 3566 vero
3052 3535 3129 3591 30

612 3626 756 3668 eum
808 3606 917 3689 qui
969 3628 1046 3669 ex
1092 3604 1301 3668 Maria
1345 3612 1458 3682 est,
1506 3604 1671 3669 sicut
1716 3603 1873 3668 dicit
1923 3620 2110 3689 'quem
2158 3609 2224 3669 et
2270 3625 2521 3668 carnem
2571 3609 2783 3667 astute
2835 3604 3026 3670 nobis

688 3834 735 3872 1.
774 3817 1052 3888 oportebat
1077 3818 1171 3871 alt.
1198 3824 1511 3887 assumptum
1536 3836 1597 3871 ex
1622 3817 1695 3881 D,
1725 3816 1929 3872 Bellov.
1956 3818 2012 3871 in
2043 3815 2227 3871 Baluz.
2602 3832 2655 3887 3.
2693 3816 2917 3871 retinete
2947 3818 3023 3872 D.

612 3908 666 3953 4.
704 3906 799 3941 vos
826 3888 1086 3941 abstinete
1110 3889 1313 3942 inverso
1339 3889 1521 3942 ordine
1550 3890 1617 3951 D,
1650 3888 1852 3943 Bellov.
1949 3887 2284 3942 soliditorum
2309 3887 2384 3942 D.
2698 3887 2753 3939 8.
2792 3905 3022 3942 conver-

610 3969 756 4012 tatur
780 3958 1130 4012 adducentem
1161 3960 1230 4013 D.
1473 3976 1631 4029 9-19.
1678 3959 1822 4018 Quae
1846 3961 2080 4013 columna
2106 3976 2139 4011 a
2163 3959 2346 4012 dextra
2363 3958 2542 4028 posita
2564 3957 2784 4019 exhibet,
2811 3976 2876 4011 ea
2898 3967 3024 4012 sunt

611 4046 639 4081 e
675 4029 922 4082 citatione
948 4029 1198 4092 Facundi,
1226 4028 1533 4083 defensione
1570 4030 1733 4083 trium
1771 4032 2126 4100 capitulorum
2163 4029 2255 4082 lib.
2281 4029 2355 4082 iii.
2381 4037 2510 4152 ¹3.)ss
2537 4043 2567 4094 5
2600 4038 2654 4081 et
2690 4028 2885 4083 iterum
2922 4031 3021 4084 lib.

610 4099 719 4152 viii.
748 4098 800 4153 6.
1021 4116 1103 4153 ιο.
1144 4100 1380 4154 heresem
1404 4100 1732 4153 arrianorum
1766 4101 1835 4155 D.
2056 4116 2139 4165 15.
2172 4099 2371 4170 aliquid
2458 4139 2471 4152 .
2692 4100 2778 4153 16.
2805 4098 3023 4155 decreto

611 4169 762 4223 detro
801 4169 1004 4224 Bellov.
1041 4170 1251 4224 decreto
1289 4179 1465 4224 vestro
1508 4171 1577 4233 D,
1617 4169 1827 4224 decreto
1866 4170 1969 4225 Ed.
2043 4171 2207 4225 Recte
2242 4178 2300 4223 nt
2335 4170 2539 4223 videtur
2574 4166 2766 4223 dextro
2803 4169 3024 4226 decreto

610 4240 811 4293 exhibet
838 4240 1128 4294 Facundus.
1450 4241 1481 4274 ¹⁸²
1524 4241 1608 4295 De
1632 4241 1716 4294 his
1743 4241 1915 4295 verbis
1941 4240 2312 4295 animadvertit
2338 4238 2652 4295 Gallandius
2678 4240 2736 4293 in
2763 4240 2887 4308 loc„
2917 4242 3027 4294 Sed

610 4312 759 4379 lonye
782 4311 1084 4380 discrepans
1108 4319 1156 4365 et
1175 4311 1380 4365 diversa
1405 4319 1483 4365 est
1504 4311 1692 4381 synodi
1717 4313 1986 4375 1ectio,iea
2009 4318 2066 4364 ut
2097 4311 2411 4365 Theodorum
2427 4310 2796 4394 perstrinqant
2827 4312 3025 4381 cyr-iun·

608 4382 781 4447 verba,
863 4399 958 4434 uae
1006 4383 1100 4435 hoc
1141 4384 1252 4435 loco
1296 4383 1370 4435 ad
1415 4384 1524 4452 ejus
1572 4383 1791 4445 laudem,
1830 4389 2096 4454 postrema
2181 4389 2296 4435 arte
2341 4399 2547 4445 omissa,
2597 4383 3022 4451 trauffertmtitr.

610 4468 695 4504 21.
735 4463 813 4504 eat
868 4463 919 4504 et
948 4453 1070 4519 (sic)
1106 4453 1170 4507 D.
1351 4470 1435 4506 22.
1473 4453 1688 4507 initiens
1719 4454 1788 4507 D.
1886 4454 2111 4507 seminat
2175 4470 2282 4506 unc
2310 4454 2378 4507 D.
2553 4467 2639 4521 23.
2675 4450 2918 4523 dampno
2947 4454 3024 4509 D.

611 4537 694 4585 24.
734 4524 776 4574 si
804 4540 920 4643 omD
936 4522 1003 4574 D.
1258 4523 1341 4576 26.
1379 4523 1514 4593 erat]
1542 4535 1594 4577 et
1623 4523 1693 4578 D.
1948 4540 2032 4594 27.
2074 4523 2290 4577 Dividet
2316 4523 2524 4577 Suriae.
2785 4541 2875 4594 3¹·
2915 4543 3024 4597 que

606 4602 656 4642 et
684 4608 840 4643 carne
925 4631 939 4643 .
