3269 5166
639 354 728 420 82
1249 354 1329 421 B.
1376 352 1798 422 cYRILLI
1856 354 2442 424 ALEXANDR.
2651 353 3053 438 xix.17,18.

749 517 1025 601 Ἰστέον
1061 519 1136 601 δὲ
1185 519 1296 602 ὅτι
1341 525 1458 603 καὶ
1495 523 1536 603 ὁ
1574 522 1963 609 θεσπέσιος
2002 522 2281 627 Πέτρος
2327 523 2412 604 οὐ
2448 518 2773 631 φορητὴν
2808 517 3058 620 ἐποιή-

640 643 831 723 σατό
889 679 1069 727 ποτε
1128 644 1263 746 τὴν
1324 645 1750 752 πρόῤῥησιν,
1805 645 1897 727 τὰ
1961 651 2077 729 ἐπὶ
2140 655 2245 758 τῷ
2304 652 2602 756 σταυρῷ
2663 679 3056 748 προαπαγ-

640 767 1014 869 γείλαντος
1073 765 1274 871 πάθη
1328 778 1457 851 τοῦ
1514 776 1851 876 Σωτῆρος
1903 771 2108 872 ἡμῶν
2164 777 2521 875 Χριστοῦ·
2605 772 2646 851 ὃ
2709 766 2842 870 μὲν
2903 767 3056 872 γὰρ

302 903 550 1021 ξὶΜῗὲὡ·
572 904 615 970 d
642 891 961 1000 ἔφασκεν
1011 904 1054 941 “
1078 892 1267 974 Ἰδοὺ
1309 896 1792 996 ἀναβαίνομεν
1829 902 1925 981 εἰς
1959 896 2459 1001 Ἱεροσόλυμα,
2495 897 2614 976 καὶ
2648 896 2690 974 ὁ
2727 891 2875 977 υἱὸς
2919 901 3056 973 τοῦ

301 1008 440 1115 κκῇζὶ-
465 1007 549 1100 ἦε,
643 1024 688 1064 “
724 1016 1107 1120 ἀνθρώπου
1141 1020 1611 1122 παραδίδοται
1650 1026 1750 1104 εἷς
1784 1027 2025 1127 χεῖρας
2063 1023 2539 1124 ἁμαρτωλῶν,
2562 1020 2679 1099 καὶ
2715 1015 3054 1118 σταυρώ-
3081 1040 3118 1102 5

300 1118 420 1152 xvu.
445 1115 525 1165 ’δ’
645 1150 688 1189 “
726 1174 993 1222 σουσιν
1014 1141 1252 1241 αὐτὸν,
1280 1148 1397 1224 καὶ
1422 1146 2011 1226 ἀποκτενοῦσιν·”
2077 1148 2117 1226 ὁ
2146 1144 2223 1226 δὲ
2250 1149 2379 1245 τῆς
2405 1143 2807 1242 οἰκονομίας
2843 1144 3056 1223 οὔτι-ω

641 1299 880 1350 συνεις
916 1265 1001 1347 τὸ
1038 1268 1454 1373 μυστήριον,
1490 1265 1614 1349 ἅτε
1652 1268 1740 1369 δὴ
1777 1267 2117 1375 φιλόθεός
2156 1303 2235 1349 τε
2271 1272 2388 1351 καὶ
2424 1262 3057 1374 φιλοδιδάσκαλος

640 1387 760 1486 ῶν,
796 1390 887 1497 ἐξ
934 1392 1313 1486 εὐλαβείας
1363 1392 1832 1493 κεκινημένος,
1871 1392 2193 1548 ἔφασκεν
2247 1404 2292 1440 “
2317 1390 2576 1477 Ἵλεώς
2628 1425 2752 1472 σοι
2793 1389 3052 1495 Κύριε,

663 1515 805 1594 ιοὐ
859 1515 959 1616 μὴ
1015 1515 1220 1597 ἔσται
1274 1551 1401 1598 σοι
1453 1519 1715 1599 τοῦτο·’
1835 1521 1953 1599 καὶ
2006 1518 2084 1598 τί
2141 1552 2324 1622 προς
2379 1526 2609 1598 ταῦτα
2660 1520 3046 1617 Χριστος·
3025 1575 3048 1610 ,

298 1648 380 1701 112.
405 1662 484 1712 ²3·
641 1649 685 1686 “
709 1634 1081 1741 ’Υπαγε’
1046 1640 1283 1721 οπίσω
1319 1676 1459 1741 μου
1493 1648 1781 1722 σατανᾶ
1823 1642 2249 1724 σκοίνδαλόν
2284 1676 2425 1742 μου
2459 1638 2623 1738 εῗ,”
2584 1675 2694 1721 οτι
2729 1640 2818 1719 οὐ
2853 1645 3051 1746 φρο-
3087 1671 3157 1714 ιο

665 1769 860 1847 6νεΐς
913 1761 1007 1843 τά
1061 1773 1188 1845 τοῦ
1226 1771 1418 1846 Θεοῦ
1472 1766 1674 1846 ἀλλὰ
1731 1764 1822 1847 τά
1877 1773 2025 1848 τῶν
2080 1767 2548 1870 ἀνθρώπων.”
2616 1765 2785 1844 ἀλλ
2845 1763 3057 1844 ἔστιν

579 1922 616 1968 e
640 1889 959 1969 ἐντεῦθεν
1018 1889 1102 1968 οὐ
1158 1891 1451 1995 μετρίαν
1508 1891 1679 1991 ἡμῖν
1736 1891 2099 2000 συλλέξαι
2149 1890 2283 1993 τὴν
2344 1889 2622 1992 ὄνησιν·
2703 1886 3057 1986 εἰσόμεθα

638 2010 785 2116 γὰρ
840 2012 951 2093 ὅτι
1007 2022 1254 2116 καιροῦ
1314 2024 1708 2100 καλοῦντος
1760 2021 1859 2102 εἰς
1910 2015 2247 2124 ἐπίδειξιν
2298 2017 2623 2120 ἀνδρείας
2679 2017 2806 2114 τῆς
2863 2011 3057 2093 κατὰ

640 2135 856 2235 Θεὸν,
899 2139 1014 2218 καὶ
1059 2140 1342 2239 ἀγῶνας
1377 2138 1544 2223 τοὺς
1588 2138 1766 2242 ὑπὲρ
1802 2142 2059 2244 ἀρετῆς
2104 2140 2603 2236 εἶσβαίνοντας
2650 2143 3056 2238 τληπαθεῖν

638 2263 1049 2364 ἀναγκαῖον,
1087 2264 1287 2343 ἀλλὰ
1323 2263 1456 2344 κᾶν
1493 2269 1559 2345 οἱ
1605 2263 1905 2371 σφόδρα
1947 2266 2287 2364 τιμῶντές
2341 2298 2419 2344 τε
2462 2267 2581 2343 καὶ
2628 2265 3053 2364 ἀγαπῶντες
3083 2290 3153 2349 15

639 2386 1133 2469 ἀποκωλύωσί
1159 2422 1229 2468 τι
1264 2391 1442 2493 δρᾶν
1477 2396 1623 2469 τῶν
1660 2387 1807 2469 ὅσα
1843 2397 2043 2471 τελεῖ
2069 2388 2251 2493 πρὸς
2287 2387 2738 2492 κατόρθωσιν
2772 2387 3054 2489 ἀρετῆς,

635 2508 772 2611 τὴν
805 2512 881 2591 ἐν
915 2511 1319 2618 ἀνθρώποις
1372 2512 1593 2620 τυχὸν
1650 2513 1948 2622 ἀδοξίαν
1996 2516 2501 2619 προτείνοντες,
2537 2511 2763 2615 ἤγουν
2799 2508 3050 2610 ἐννοή-

637 2634 894 2721 σαντές
949 2671 1018 2716 τι
1074 2636 1444 2738 κοσμικὸν,
1487 2639 1932 2742 προσεκτέον
1987 2642 2337 2737 οὐδαμῶς.
2419 2637 2844 2743 διαφέρουσι
2901 2631 3053 2738 γὰρ

638 2757 792 2840 κατ’
818 2760 1070 2842 οὐδένα
1094 2761 1367 2866 τρόπον
1391 2771 1522 2843 τοῦ
1548 2771 1855 2862 σατανᾶ,
1886 2762 1945 2873 ᾧ
1971 2763 2057 2845 τὸ
2084 2763 2470 2846 σκάνδαλα
2497 2760 2763 2844 τιθέναι
2791 2760 3046 2867 φίλον,

639 2883 1092 2990 τετριμμένον
1146 2923 1224 2969 τε
1280 2891 1397 2969 καὶ
1452 2887 1783 2988 σύνηθες,
1834 2889 2141 2974 ἀπάταις
2195 2890 2348 2970 τισὶ
2403 2891 2521 2968 καὶ
2578 2885 2826 2988 λόγοις
2877 2882 3045 2965 ἔσθ
3079 2921 3158 2964 20

297 3029 565 3088 1059Δ.
581 3045 617 3087 a
640 3009 758 3092 ὅτε
811 3018 1195 3111 μαλακοῖς,
1240 3016 1367 3112 τῆς
1421 3020 1549 3092 τοῦ
1604 3012 2110 3143 συμφεροντος
2166 3012 2390 3116 θηρας
2445 3008 2764 3120 ἐξέλκειν
2798 3043 2929 3090 τον
2968 3010 3048 3088 ἐκ

638 3135 982 3241 φιλοθέου
1036 3138 1329 3239 γνώμης
1384 3143 1483 3220 εἶς
1544 3145 1760 3218 τοῦτο
1824 3138 2417 3241 παρωρμημένον.
2503 3136 2630 3216 καί
2675 3167 2798 3232 μοι
2854 3137 3058 3214 δοκεῖ

298 3276 533 3345 Ib³⁵⁹9·
637 3260 960 3340 τοιοῦτόν
1013 3295 1085 3340 τι
1147 3260 1556 3357 βούλεσθαι
1614 3262 1978 3362 δηλοῦν”
1938 3295 2114 3342 οταν
2169 3262 2351 3368 λέγῃ
2407 3258 2736 3364 Χριστός
2786 3269 2828 3306 “
2862 3258 3050 3338 Εάν

639 3393 683 3431 “
717 3384 843 3463 οὖν
880 3385 921 3463 ὁ
958 3384 1340 3490 ὀφθαλμός
1395 3418 1538 3464 σου
1575 3385 1616 3463 ὃ
1655 3384 1885 3491 δεξιὸς
1921 3386 2366 3492 σκανδαλίζῃ
2422 3419 2535 3484 σε,
2573 3383 2777 3491 ἔξελε
2827 3383 3049 3463 αὐτὸν

637 3515 682 3554 “
718 3509 837 3587 καὶ
889 3506 1080 3602 βάλε
1135 3507 1282 3589 ἀπὸ
1338 3506 1551 3588 σοῦ.”
1628 3507 1715 3588 τὸ
1763 3508 1909 3613 γάρ
1960 3513 2249 3593 ἀδικοῦν
2286 3511 2415 3590 οὐκ
2460 3515 2715 3590 οἰκεῖον
2750 3507 2875 3603 ἔτι,
2910 3505 3050 3587 κᾶν
3077 3541 3153 3602 ²5

635 3637 740 3742 τῷ
771 3636 900 3733 τῆς
937 3630 1224 3736 ἀγάπης
1263 3639 1514 3741 θεσμῷ
1548 3631 1732 3736 πρὸς
1769 3633 2068 3736 ἑνότητα
2103 3634 2536 3742 σφίγγηται,
2565 3631 2700 3713 κάν
2737 3632 2782 3732 ἡ
2819 3630 3049 3740 φύσις

636 3760 829 3866 αὐτῷ
860 3755 946 3838 τὸ
983 3762 1112 3858 τῆς
1146 3757 1330 3863 πρὸς
1367 3759 1552 3857 ἡμᾶς
1589 3758 2014 3861 οἰκειότητος
2050 3759 2420 3865 χαρίζηται
2459 3761 2751 3841 δίκαιον.

749 3888 1068 3989 Λῃστῶν
1123 3883 1199 3964 δὲ
1252 3882 1426 3968 δυὰς
1480 3883 2043 3987 συνεσταυρώθη
2099 3889 2432 3993 Χριστῷ,
2480 3886 2609 3983 τῆς
2666 3888 2816 3963 τῶν
2862 3882 3048 3964 Ἰου-

567 4027 612 4094 b
638 4011 856 4092 δαίων
922 4010 1348 4114 κακουργίας
1413 4007 1839 4108 ἐπινοούσης
1906 4007 2023 4089 καὶ
2086 4017 2320 4090 τοῦτο.
2410 4006 2841 4107 ἀτιμότατον
2899 4006 3048 4113 γὰρ

637 4131 885 4238 ῶσπερ
942 4137 1055 4215 καὶ
1112 4133 1330 4215 αὐτὸν
1384 4142 1513 4215 τοῦ
1570 4137 1908 4236 Σωτῆρος
1963 4133 2470 4218 ἐπιδεικνύντες
2528 4129 2657 4213 τὸν
2709 4129 3048 4232 θάνατον,
3078 4177 3160 4236 30

637 4260 1295 4362 συγκατακρίνουσι
1348 4264 1496 4343 τοῖς
1550 4255 1842 4357 ἀνόμοις
1898 4255 2027 4336 τὸν
2081 4259 2378 4337 δίκαιον.
2486 4262 2790 4355 σημεῖον
2847 4258 2916 4335 δ’
2959 4254 3049 4337 ἂν

636 4381 773 4464 εἷεν
811 4389 875 4464 οἱ
910 4388 1012 4490 τῶ
1049 4386 1331 4485 Σωτῆρι
1367 4381 1897 4486 παρηρτημένοι
1935 4380 2364 4484 κατάκριτοι,
2387 4388 2532 4461 τῶν
2560 4379 2743 4461 ὅσον
2769 4379 3050 4462 οὐδέπω

300 1378 381 1429 Ib.
410 1380 511 1430 xvi.

304 1460 383 1496 υ.

716 4551 1221 4625 14.Legendumne
1245 4551 1634 4616 εἷσβαίνοντοςὶ
1868 4552 1949 4606 18.
1987 4574 2037 4605 τι
2065 4551 2128 4605 E.
2157 4551 2363 4621 Migne.
2389 4573 2445 4606 τε
2473 4549 2617 4607 Aah.
2835 4565 2927 4606 20.
2965 4549 3048 4624 τε]

639 4648 688 4680 τι
716 4626 920 4697 Migne.
1137 4640 1223 4695 27.
1258 4623 1530 4695 χαρίζηται
1560 4623 1622 4677 Ε.
1655 4622 1860 4695 Migue.
1886 4624 2152 4693 χαρίζεται
2178 4621 2324 4677 Aub.
