3269 5166
332 331 585 372 Pil-arus

1166 316 1492 374 INDEX
1575 317 1947 377 RERUM.

2636 324 2753 391 643

411 499 570 556 Deus
628 517 743 556 non
801 518 904 574 per
948 499 1329 559 imitationem
1394 501 1495 558 sed
1601 499 1807 559 Petrus
1836 504 1891 559 S.
1924 521 2119 561 amore
2145 503 2344 578 plenus
2374 501 2663 562 Christum
2695 513 2754 562 et

412 598 642 656 Natura
672 601 791 657 564
822 616 853 655 c
883 598 940 670 d,
969 598 1044 654 cf.
1068 596 1370 672 Cognatio.

324 696 596 755 Patribus
632 696 846 754 sanctis
876 696 1120 754 debetur
1161 696 1495 769 reverentia,

410 793 647 854 Christo
676 795 935 852 adoratio
966 799 1078 853 311
1110 794 1167 851 d.

325 892 559 951 Patrum
591 902 920 949 sanctorum
952 892 1270 950 doctrinam
1306 890 1492 966 sequi·

407 1010 538 1048 mur
568 991 689 1050 860
715 1010 766 1062 e,
796 993 910 1049 911
942 1010 994 1055 a,
1025 990 1100 1047 iii.
1134 991 1269 1047 489.

328 1088 619 1147 Patientes
661 1108 768 1163 pro
805 1089 1003 1164 Seipso
1031 1106 1256 1162 semper
1293 1086 1494 1162 aspicit

409 1187 570 1244 Deus
601 1189 722 1246 629
756 1205 807 1244 e.
1417 1188 1424 1195 ‘

329 1284 615 1343 Patientia
698 1284 904 1342 modus
989 1284 1336 1341 adhaerendi
1420 1283 1493 1339 ad

409 1383 706 1442 Christum
733 1387 854 1441 274
873 1383 912 1438 d
971 1381 1255 1439 Patientia
1272 1381 1491 1438 intenta

407 1500 511 1558 per
539 1500 698 1557 spem
728 1481 788 1537 in
818 1480 1053 1538 Christo
1084 1482 1198 1538 291
1233 1479 1290 1536 (1.

326 1580 570 1638 Paulum
621 1579 814 1636 divum
870 1588 1088 1643 contra,
1135 1575 1175 1634 J
1178 1577 1488 1633 udaeorum

406 1677 642 1734 saevitia
672 1679 791 1734 913
823 1695 876 1733 e.

324 1774 486 1831 Pauli
519 1773 578 1833 S.
607 1773 944 1831 brevitatem
977 1772 1241 1829 dictionis
1268 1791 1484 1830 memo-

405 1880 498 1929 rat
547 1870 606 1929 S.
638 1869 885 1947 Cyrinus
934 1867 999 1927 M
1031 1873 1108 1928 25
1153 1870 1269 1935 fin..
1320 1870 1393 1929 cf.
1422 1868 1487 1928 M

410 1972 509 2028 35.

326 2065 539 2125 Paulus
569 2066 630 2125 S.
676 2085 737 2123 se
775 2066 1158 2124 continentiae
1201 2067 1488 2142 exemplar

407 2164 642 2222 exhibet
669 2163 734 2223 M
766 2166 860 2222 58.

323 2261 536 2321 Paulus
564 2261 984 2319 Samosatensis
1011 2261 1088 2319 iii.
1123 2265 1261 2321 508.

321 2360 634 2436 Paupertas
685 2368 922 2436 propter
964 2379 1071 2417 nos
1116 2358 1332 2419 Christi
1372 2361 1483 2420 Dei

404 2459 609 2524 nostri,
639 2457 773 2534 quid
807 2461 922 2516 123
952 2476 1003 2525 e,
1040 2461 1155 2516 124
1186 2458 1295 2516 ab.

322 2555 636 2632 Paupertas
703 2556 882 2613 nimia
940 2564 1001 2615 et
1053 2556 1480 2632 perceptionem

402 2656 588 2714 aufert
617 2659 738 2715 604
768 2675 819 2713 e.

318 2752 438 2812 Pax
497 2773 642 2830 quae
699 2764 787 2812 est
844 2758 964 2812 944
993 2772 1026 2811 c
1049 2753 1084 2810 d
1107 2772 1139 2812 e
1218 2751 1482 2811 Christus

411 2856 566 2910 1093
597 2871 648 2910 e.

320 2948 484 3006 Pacis
533 2949 818 3006 vinculum
869 2969 984 3007 non
1041 2957 1131 3008 est
1183 2956 1478 3024 peccatum

406 3050 525 3105 944
557 3048 612 3105 d.

317 3144 563 3203 Peccare
607 3164 723 3202 non
770 3154 1014 3219 oportet,
1062 3144 1222 3219 quasi
1266 3142 1479 3202 Christi

400 3241 819 3300 misericordiae
849 3243 1120 3300 fidentem
1151 3244 1270 3301 297
1300 3261 1351 3300 e.

314 3340 563 3398 Peccato
583 3350 847 3415 correpto
871 3340 1175 3415 aliquando
1198 3339 1254 3396 in
1278 3340 1478 3397 melius

399 3447 700 3496 revocatur
742 3438 886 3512 quis.
930 3438 1145 3496 latente
1186 3445 1376 3496 autem
1419 3438 1478 3494 in

399 3536 563 3611 pejus
593 3536 853 3611 proficiet
884 3539 1004 3594 565
1036 3555 1068 3593 c
1089 3536 1145 3592 d.

316 3632 558 3691 Peccata
586 3634 875 3708 quomodo
913 3635 1149 3691 remissa
1184 3640 1478 3691 retentave

406 3733 558 3788 1101
595 3730 668 3788 D.

316 3826 673 3886 Perditorum
719 3829 872 3886 salus
914 3828 1037 3887 Deo
1080 3847 1184 3902 pro
1226 3829 1355 3885 cibo
1411 3847 1477 3885 ac

399 3925 616 3983 deliciis
652 3929 766 3985 196
797 3927 849 3983 d.

314 4022 603 4081 Persecuti
645 4024 804 4080 omni
844 4023 1046 4082 salutis
1088 4041 1188 4097 spe
1217 4022 1477 4080 excidere

396 4140 511 4178 non
538 4122 814 4179 debemus
838 4124 957 4179 943
982 4120 1019 4177 d
1060 4121 1328 4177 resistere
1357 4140 1472 4177 non

397 4218 672 4277 debemus
706 4222 862 4276 1016
893 4218 932 4276 b
952 4238 1000 4277 c.

314 4326 354 4350 ‘⁸
379 4315 551 4374 Petra
569 4316 603 4338 ’⁹

395 4414 544 4472 vires
559 4414 713 4472 ultra
733 4432 960 4471 omnem
985 4412 1295 4471 fracturam
1312 4411 1471 4470 dam-

399 4531 608 4570 numve
638 4510 703 4570 M
726 4514 798 4570 61
840 4512 917 4587 [p.
946 4509 1111 4584 278].

1681 599 1741 656 in
1813 600 2000 658 aulam
2052 602 2437 677 pontificalem
2498 603 2753 677 sequitur

1688 701 1838 756 1021
1874 698 1911 755 d
1968 697 2258 758 Christum
2290 700 2523 774 negavit
2551 718 2752 757 verens

1680 813 1753 851 ne
1802 814 1875 853 ex
1926 796 2056 854 aula
2102 797 2418 873 expellatur
2466 800 2621 856 1023
2661 798 2751 855 bc

1680 912 1742 950 se
1797 893 2057 952 calefecit
2112 914 2224 970 quo
2295 895 2495 953 melius
2548 895 2753 953 lateret

1685 992 1841 1050 1023
1873 990 1908 1047 d
1928 1010 1979 1050 e.

1595 1088 1826 1146 Petrum
1885 1088 2119 1163 culpans
2174 1088 2307 1164 quid
2364 1090 2529 1147 nobis
2584 1090 2751 1161 docet
2780 1161 2787 1165 .

1677 1185 1941 1245 Christus
1976 1189 2131 1245 1058
2163 1205 2212 1244 e.

1594 1283 1766 1342 Petro
1784 1284 2189 1361 Apostolatum
2207 1303 2309 1359 per
2326 1285 2498 1342 verba
2523 1296 2558 1317 ‘⁴
2575 1286 2751 1345 Pasce

1674 1401 1858 1459 agnos
1914 1381 2079 1441 Meos
2098 1381 2135 1403 ’'
2190 1382 2439 1439 restituit
2488 1381 2750 1442 Christus

1683 1482 1839 1540 1120
1869 1500 1921 1539 a.

1594 1578 1746 1636 Petri
1818 1577 2081 1654 Apostoli
2148 1585 2395 1635 mortem
2458 1577 2751 1638 subinnuit

1676 1684 1714 1708 ‘⁶
1738 1675 1990 1751 sequeris
2031 1684 2222 1733 autem
2259 1683 2459 1750 postea
2476 1676 2510 1698 '⁸
2556 1675 2751 1736 dicens

1674 1771 1940 1832 Christus
1971 1777 2088 1832 757
2119 1793 2154 1830 a
2173 1773 2212 1831 b
2282 1774 2422 1832 Non
2453 1773 2749 1834 Christum

1671 1871 1905 1947 negavit
1957 1880 2193 1947 propter
2248 1871 2485 1930 verbum
2542 1873 2748 1948 Ipsius,

1672 1968 1774 2025 sed
1800 1968 2166 2043 negationem
2199 1971 2521 2045 praesciens
2551 1969 2746 2029 Chris-

1669 2071 1763 2122 tus
1818 2072 1877 2123 et
1930 2066 2211 2141 praedixit
2267 2071 2385 2125 759
2439 2067 2477 2124 d
2544 2086 2749 2144 scopus

1670 2162 1925 2239 gladium
1982 2162 2313 2241 stringentis
2365 2183 2482 2221 non
2548 2174 2751 2225 contra

1670 2261 1817 2337 legis
1835 2260 2184 2319 voluntatem
2221 2262 2378 2320 1017
2408 2260 2554 2318 bcd
2595 2262 2748 2320 unde

1669 2359 1891 2434 gladius
1923 2363 2077 2419 1017
2097 2359 2154 2426 d,
2183 2362 2338 2419 1018
2360 2378 2410 2417 a.

1587 2454 1792 2515 Petrus
1833 2459 1912 2521 S„
1948 2458 2355 2533 Apostolorum
2397 2457 2747 2534 primicerius

1669 2558 1788 2614 924
1819 2555 1873 2627 d,
1912 2558 2066 2616 1064
2095 2574 2145 2627 e,
2182 2559 2338 2616 1118
2373 2575 2405 2614 c
2465 2557 2748 2616 confessio

1668 2654 1790 2729 ejus
1845 2654 2111 2711 laudatur
2165 2657 2285 2713 985
2315 2655 2371 2723 b,
2420 2656 2490 2713 cf.
2528 2659 2684 2715 1009
2713 2676 2747 2714 c

1668 2750 1925 2826 culpatus
1961 2754 2116 2810 1019
2146 2771 2195 2808 e.

1585 2848 1788 2906 Petrus
1818 2849 1871 2908 S.
1902 2849 2217 2925 Apostolus
2245 2867 2280 2905 a
2317 2845 2378 2908 S.
2411 2849 2587 2908 Paulo
2624 2851 2742 2909 cul·

1667 2956 1833 3022 patus
1861 2947 1930 3003 M
1962 2950 2040 3005 46
2078 2946 2162 3022 [p.
2186 2948 2360 3022 246].

1583 3044 1848 3104 Pharaoh
1875 3045 1935 3100 in
1963 3041 2112 3101 Mari
2145 3045 2348 3101 Rubro
2392 3045 2742 3115 submersus,

1666 3141 1843 3199 Israel
1885 3141 2190 3214 liberatus3
2238 3142 2415 3201 lsrael
2450 3141 2740 3202 Christum

1664 3258 2006 3314 persequens
2052 3238 2313 3297 Pharaoh
2355 3241 2439 3312 fit,
2476 3241 2745 3319 supplici·

1662 3355 1760 3394 um
1808 3336 2120 3394 Pharaonis
2166 3338 2396 3412 gravius
2430 3340 2587 3414 juste
2629 3340 2743 3397 fert

1666 3439 1782 3493 272
1808 3435 1861 3500 d,
1893 3439 2011 3494 273
2042 3454 2074 3492 c
2117 3435 2323 3494 diaboli
2356 3443 2526 3513 typus
2551 3439 2668 3495 743
2688 3458 2740 3501 e.

1666 3537 1783 3591 '744
1817 3553 1866 3593 a.

1580 3630 1867 3689 Pharisaei
1894 3641 2204 3689 venturum
2237 3632 2519 3691 honorare
2556 3635 2739 3710 finge-

1662 3730 1817 3797 bant,
1866 3740 2223 3806 praesentem
2273 3732 2432 3806 parvi
2477 3732 2742 3790 aestima·

1662 3828 1801 3887 bant
1835 3830 1951 3888 110
1981 3848 2029 3887 c.

1579 3924 1869 4001 Philippus
1914 3926 1992 3998 S„
2044 3928 2280 4003 cupiens
2324 3925 2619 3986 Christum
2661 3926 2739 3984 Se
2808 3997 2815 4004 ⁶

1660 4032 1718 4080 et
1744 4024 1959 4080 mundo
1988 4025 2505 4091 manifestaturum,
2529 4033 2588 4082 et
2613 4024 2740 4099 pius

1660 4129 1718 4178 et
1787 4140 1982 4178 amore
2048 4122 2305 4180 fraterno
2358 4123 2561 4198 plenus
2616 4124 2737 4180 830

1660 4217 1766 4275 ad.

678 4314 943 4375 Christus
1013 4315 1087 4373 ob
1145 4312 1474 4372 Divinitatis
1578 4314 1856 4372 Pietatem
1926 4315 2017 4381 ad,
2078 4317 2296 4383 inutile,
2355 4317 2475 4393 igni
2545 4316 2736 4374 cibum

1662 4414 1782 4470 876
1814 4412 1866 4472 b.

1577 4509 1790 4567 Pilatus
1846 4510 2020 4567 modo
2076 4510 2116 4569 J
2117 4513 2334 4571 udaeos
2394 4511 2736 4572 condemnat

1433 4623 1626 4688 4⁸2
