3269 5166
610 339 739 404 134
1227 339 1306 404 B.
1356 336 1782 404 CYRILLI
1842 336 2430 403 ALEXANDR.
2650 359 2759 402 xx.
2787 354 2893 415 22,
2920 355 3029 423 23.

545 549 581 593 θ
604 501 855 607 χρῆμά
921 505 1103 602 ἐστι,
1174 501 1489 603 μάλισθ’
1567 503 1678 584 ὅτι
1758 508 1876 584 καὶ
1957 501 2175 588 αὐτὸς
2253 503 2395 609 ἔφη
2476 536 2620 585 που
2696 500 3031 606 Χριστός

267 627 451 756 {¹2in3
608 637 653 675 ‘⁶
693 627 1055 736 Συμφέρει
1109 629 1274 727 ὑμῖν
1325 627 1444 709 ἵνα
1496 625 1640 732 ἐγὼ
1697 625 2021 710 ἀπέλθω·
2100 624 2226 709 ἐὰν
2268 626 2414 732 γὰρ
2462 625 2563 727 μὴ
2614 626 2943 724 ἀπέλθω,
2984 626 3031 705 ὁ

607 760 653 799 “
687 748 1158 856 παράκλητος
1216 754 1301 833 οὐ
1359 752 1459 853 μὴ
1518 749 1702 858 ἐ’λθῃ
1762 750 1945 857 πρὸς
2009 753 2215 850 ὑμᾶς·
2323 750 2497 832 ὅταν
2556 749 2633 830 δὲ
2690 749 3024 847 ἀπέλθω,

607 886 653 924 “
688 875 963 981 πέμψω
1014 874 1233 956 αὐτὸν
1282 875 1464 980 πρὸς
1515 878 1759 976 ὑμᾶς.”
1817 879 1964 981 ἐρεῖ
2004 875 2150 980 γὰρ
2199 876 2380 961 ἰ’σως
2430 877 2471 954 ὃ
2519 878 2747 956 ἐκεῖνα
2797 873 3031 978 ζητῶν

607 1004 1101 1102 Ψευδομυθεῖν
1156 1002 1285 1081 οὐκ
1341 998 1529 1083 οἶδεν
1582 1003 1627 1102 ἡ
1690 1000 2013 1104 ἀλήθεια,
2070 1000 2405 1082 τουτέστι
2461 999 2808 1105 Χριστός·
2908 997 3027 1079 ὅτε
3056 1035 3093 1096 5

608 1126 847 1207 τοίνυν
900 1126 1041 1233 ἔφη
1101 1132 1388 1233 σαφῶς,
1449 1129 1544 1211 ὡς
1607 1127 1736 1206 οὐκ
1795 1125 1886 1206 ἂν
1940 1122 2145 1209 ’ἔλθοι
2200 1124 2382 1229 πρὸς
2436 1127 2618 1225 ὑμᾶς
2673 1125 2715 1203 ὃ
2770 1122 3031 1226 Παρά-

611 1262 897 1352 κλητος,
935 1252 1065 1333 οὐκ
1101 1250 1645 1359 ἀναληφθέντος
1688 1251 1908 1332 αὐτοῦ
1952 1248 2136 1355 πρὸς
2185 1247 2314 1331 τὸν
2353 1249 2671 1352 Πατέρα,
2705 1246 3032 1354 πέμψειν

610 1373 690 1457 δὲ
744 1374 907 1457 τότε
963 1378 1081 1457 καὶ
1138 1376 1529 1480 ἀραρότως,
1586 1374 1763 1456 ὅταν
1818 1376 1969 1456 ἅνω
2027 1375 2319 1477 γένηται
2370 1375 2539 1479 παρ’
2599 1375 2812 1482 αὐτῷ,
2869 1379 3032 1460 πῶς

612 1502 1013 1605 εὑρίσκεται
1048 1498 1134 1583 τό
1173 1506 1475 1601 Πνεῦμα
1521 1499 1779 1598 διδοῦς,
1818 1501 2045 1582 καίτοι
2092 1499 2227 1600 τὴν
2262 1502 2581 1580 ἐντεῦθεν
2618 1500 3031 1598 ἀποδημίαν

275 1649 538 1710 ιοΘῚΔ.
556 1665 594 1706 a
615 1626 815 1706 οὔπω
865 1625 1379 1725 στειλάμενος3
1438 1624 1640 1726 πλὴν
1678 1630 1738 1705 εἰ
1789 1627 1905 1705 καὶ
1952 1624 2124 1706 λίαν
2159 1622 2580 1732 ἀσυμφανὲς
2629 1620 2715 1702 τὸ
2766 1620 3018 1725 ζητού·
3058 1665 3131 1707 ιο

613 1783 829 1850 μενον
884 1753 1001 1830 καὶ
1057 1748 1493 1853 περισκελὴς
1557 1751 1599 1830 ὁ
1664 1749 1912 1853 λόγος,
1969 1748 2358 1856 ἐκταραζ-ἀι
2410 1782 2487 1828 τε
2547 1750 2665 1827 καὶ
2723 1749 3031 1855 σφόδρα

615 1872 873 1971 ἱκανὸς,
911 1876 1083 1956 ἀλλ’
1124 1875 1264 1981 ἔχει
1319 1873 1451 1977 τὴν
1487 1872 1710 1956 λύσιν
1744 1873 1879 1974 τὴν
1922 1877 2116 1984 αὐτῷ
2169 1871 2808 1976 πρεπωδεστάτην,
2848 1872 3031 1953 ὅταν

611 1997 713 2101 μὴ
768 2006 914 2081 τῶν
961 2002 1125 2081 καθ’
1167 2000 1354 2100 ἡμᾶς
1412 2000 1757 2106 ὑπάρχειν
1812 1999 1935 2079 ἕνα
1990 1998 2446 2097 πιστεύωμεν
2499 1995 2628 2078 τὸν
2664 1999 3027 2100 Χριστὸν,

615 2123 808 2206 Θεὸν
844 2124 919 2206 δὲ
955 2131 1250 2226 μᾶλλον
1289 2128 1386 2210 ὦς
1437 2127 1514 2204 ἐκ
1552 2129 1746 2205 Θεοῦ
1799 2125 1917 2205 καὶ
1965 2130 2112 2205 τῶν
2148 2123 2346 2203 ἰδίων
2381 2120 3030 2231 κατεξουσιάζοντα

613 2249 862 2353 λόγων
895 2249 1015 2330 διὰ
1050 2249 1183 2350 τὴν
1220 2257 1366 2335 τοῖς
1401 2248 1789 2354 πράγμασι
1827 2247 2441 2351 πρεπωδεστάτην
2477 2247 2908 2347 οἰκονομίαν.
3060 2281 3131 2339 15

543 2392 588 2458 b
725 2376 1268 2479 Ἐπηγγείλατο
1306 2374 1439 2475 μὲν
1474 2372 1622 2478 γὰρ
1669 2372 2170 2478 καταπέμψειν
2203 2373 2372 2474 ἡμῖν
2408 2372 2499 2479 ἐξ
2545 2373 2848 2475 οὐρανοῦ
2896 2374 3031 2455 τὸν

618 2497 1128 2603 Παρᾶκλητον,
1166 2497 1341 2581 ὅταν
1382 2498 1531 2579 ἅνω
1579 2498 1873 2603 γένηται
1920 2495 2121 2602 παρὰ
2170 2502 2274 2607 τῷ
2308 2501 2476 2606 Θεῷ
2524 2500 2641 2576 καὶ
2683 2501 2947 2600 Πατρὶ,
2985 2497 3029 2580 ὃ

612 2622 701 2725 δὴ
739 2626 856 2704 καὶ
894 2624 1262 2729 πέπραχεν
1299 2624 1784 2727 ἀποδημήσας
1818 2623 2003 2726 πρὸς
2039 2621 2166 2704 τὸν
2206 2621 2522 2727 Πατέρα,
2563 2624 2682 2703 καὶ
2717 2627 3033 2727 δαψιλε-

609 2747 892 2849 στάτην
954 2755 1105 2834 τοῖς
1168 2748 1550 2830 ἐθέλουσιν
1614 2751 1808 2830 ἑλεῖν
1862 2746 1994 2849 τὴν
2054 2755 2184 2828 τοῦ
2250 2747 2670 2844 Πνεύματος
2729 2746 3034 2851 ἔκχυσιν

609 2873 916 2959 ἐπιδούς·
998 2871 1154 2954 ἕλοι
1205 2874 1273 2954 δ’
1315 2873 1405 2954 ἄν
1443 2908 1553 2958 τις
1603 2872 1779 2953 αὐτὸ
1836 2868 1951 2952 διὰ
2001 2873 2318 2956 πίστεως
2360 2869 2697 2972 δηλονότι
2750 2876 2879 2973 τῆς
2928 2877 3031 2958 εἷς
3058 2919 3139 2960 πο

609 2998 847 3099 αὐτὸν,
896 3002 1015 3081 καὶ
1068 3007 1198 3081 τοῦ
1254 3000 1464 3102 ἁγίου
1518 2998 2055 3097 βαπτίσματος·
2132 2999 2535 3099 ἐπληροῦτο
2591 2995 2667 3077 δὲ
2722 2997 2885 3077 τότε
2939 2997 3031 3078 τὸ

271 3135 406 3186 ³⁰⁶¹·
431 3133 485 3186 st
611 3124 729 3205 διὰ
764 3129 891 3226 τῆς
925 3134 1057 3208 τοῦ
1092 3122 1478 3232 προφήτου
1516 3127 1764 3231 φωνῆς
1799 3123 2193 3226 εἰρημένον,
2234 3123 2346 3201 ὅτι
2381 3130 2427 3168 “
2455 3122 2678 3225 ἐκχεῶ
2714 3120 2862 3203 ἀπὸ
2898 3130 3033 3205 τοῦ

612 3259 657 3298 “
696 3250 1115 3349 Πνεύματός
1169 3283 1310 3349 μου
1364 3250 1477 3330 ἐπὶ
1534 3255 1789 3331 πᾶσαν
1838 3246 2155 3351 σάρκα.”
2215 3246 2385 3325 ἀλλ’
2425 3245 2561 3325 ἔδει
2615 3255 2744 3326 τοῦ
2794 3248 3031 3328 Πνεύ-

614 3407 839 3473 ματος
876 3371 1194 3479 χορηγὸν
1221 3377 1339 3454 καὶ
1373 3375 1479 3481 τῷ
1518 3377 1760 3477 Πατρὶ
1796 3376 2208 3475 συνδοτῆρα
2244 3370 2634 3480 φαίνεσθαι
2670 3369 2799 3450 τὸν
2821 3369 3030 3468 Tubu,

557 3526 595 3570 ο
617 3497 752 3577 ἔδει
786 3498 1102 3578 συνιέναι
1137 3497 1307 3582 τοὺς
1340 3497 1817 3582 πιστεύοντας
1855 3504 1950 3582 εἷς
1985 3493 2226 3595 αὐτὸν,
2259 3495 2371 3577 ὅτι
2401 3529 2540 3600 περ
2576 3492 2790 3581 αὐτός
2824 3499 3031 3578 ἐστιν
3057 3532 3133 3595 ²5

616 3622 664 3722 ἡ
714 3629 843 3702 τοῦ
883 3619 1176 3727 Πατρὸς
1222 3622 1536 3722 δύναμις,
1576 3624 1622 3723 ἡ
1677 3620 1841 3704 τόδε
1893 3621 1980 3703 τὸ
2035 3619 2339 3719 σύμπαν
2387 3620 3025 3723 δημιουργήσασα,

614 3750 733 3831 καὶ
791 3749 869 3829 ἐκ
928 3755 1057 3828 τοῦ
1114 3744 1216 3848 μὴ
1282 3746 1490 3831 ὄντος
1551 3752 1651 3833 εἷς
1709 3746 1795 3830 τὸ
1860 3744 2037 3828 εἶναι
2103 3752 2652 3849 παρενεγκοῦσα
2714 3742 2845 3826 τὸν
2902 3746 3028 3827 ἀν-

614 3876 928 3975 θρωπον.
1009 3870 1101 3974 ἦν
1135 3870 1266 3970 μὲν
1302 3870 1448 3976 γὰρ
1485 3873 1527 3950 ὃ
1564 3872 1753 3958 Θεὸς
1791 3875 1907 3952 καὶ
1948 3867 2206 3974 Πατὴρ
2244 3866 2361 3950 διὰ
2394 3877 2525 3949 τοῦ
2563 3868 2739 3950 ἰδίου
2778 3866 3030 3973 Λόγου

276 4006 524 4074 Genii-⁷·
615 3996 701 4079 τὸ
737 3999 814 4077 ἐν
851 3999 1105 4102 ἀρχαῖς
1138 4005 1318 4102 χοῦν
1353 3993 1485 4093 μὲν
1523 3995 1781 4093 λαβὼν
1816 3992 1962 4077 ἀπὸ
1998 3999 2127 4095 τῆς
2162 3999 2318 4098 γῆς,
2357 3992 2547 4076 καθὰ
2593 3994 3025 4096 γέγραπται,

616 4119 1034 4205 διαπλάσας
1070 4119 1146 4203 δὲ
1182 4120 1267 4201 τὸ
1306 4119 1507 4229 ζῷον,
1545 4125 1736 4228 φημὶ
1787 4121 1875 4221 δὴ
1924 4119 2053 4202 τὸν
2090 4118 2497 4223 ἀνθροητον,
2532 4116 2898 4226 ψυχώσας
2946 4150 3027 4199 τε
3054 4150 3143 4208 30

692 4323 740 4362 1.
775 4306 1100 4396 μόλιστοΕ.
1244 4325 1298 4374 4.
1335 4309 1901 4379 ὁοεοιιωρωωεκρ.
2043 4319 2098 4378 5.
2134 4304 2337 4376 ὅτανρ.
2481 4303 2534 4359 6.
2572 4300 3027 4393 οἷδερτοὲφηΕ.

610 4375 825 4449 ἰλθῃρ.
921 4376 1053 4445 ἡμᾶς
1077 4377 1285 4448 Migno.
1429 4394 1483 4448 9.
1504 4376 2223 4470 &fassumpmmexssmp
2372 4392 2456 4431 10.
2490 4397 2746 4501 repam-:6
2710 4376 3029 4445 &dmum-n.

618 4466 703 4505 11.
719 4449 964 4538 daupu}
896 4447 1113 4517 αξαςΕ.
1377 4465 1459 4519 13.
1460 4449 1785 4536 ,ὑπάρχῃμ
2061 4464 2149 4504 20.
2184 4448 2402 4520 σι’ῆήῐρ
2798 4445 3030 4573 mbo}

609 4517 1046 4645 πνεύμαωςὲεἰο)
1073 4519 1139 4575 Β.
1299 4535 1386 4591 29.
1423 4522 1516 4590 τῆς
1538 4530 1883 4591 assumptum
1909 4536 1975 4574 ex
1999 4537 2054 4591 p.
2218 4534 2308 4589 30.
2343 4516 2432 4591 τὸ]
2458 4516 2579 4573 τόδε
2602 4462 2708 4573 ϊὸ2
2688 4445 2764 4572 ξ
2849 4515 2941 4590 δὴ]

613 4610 670 4664 P·
695 4592 778 4646 καὶ
801 4592 874 4662 (ῑ)
