3269 5166
218 351 283 417 ii.
317 371 419 431 14·
718 349 826 414 IN
877 349 1396 415 EPISTOLAM
1448 351 1575 416 AD
1630 351 2133 419 HEBRAEOS.
2493 356 2622 419 393

334 516 773 615 Ἀναγκαῖον
821 511 1014 612 οἶμαι
1066 514 1212 617 πρό
1270 501 1369 617 γε
1406 521 1551 595 τῶν
1604 515 1861 597 ἄλλων
1912 523 2622 621 πολυπραγμονῆσαι
2651 454 2675 520 [
2704 468 2724 502 ι
2739 469 2797 520 ¹4
2813 455 2940 520 M]

218 644 510 722 λεπτῶς
557 641 721 742 περὶ
774 640 1001 718 ποίων
1034 639 1227 746 αὐτῷ
1272 639 1576 719 παιδίων
1612 642 1654 719 5
1708 639 1950 743 λόγος,
1988 639 2037 720 ἃ
2085 642 2174 740 δὴ
2225 641 2499 746 σαρκός
2542 677 2620 722 τε

217 765 341 842 καὶ
406 761 705 861 αἵματος
771 764 1337 863 κεκοινωνηκέναι
1407 766 1599 869 φησὶ
1661 764 1780 842 καὶ
1840 766 1944 848 τίς
2007 766 2047 844 5
2110 768 2621 873 παραπλησίως

215 884 687 990 μετεσχηκὼς
739 884 862 967 τῶν
914 885 1144 968 adv-51⁴.
1220 885 1337 966 ὅτε
1391 888 1631 967 τοίνυν
1681 889 1721 967 5
1774 886 2196 991 Μονογενὴς
2250 897 2379 969 τοῦ
2428 895 2621 969 Θεοῦ

158 1033 190 1094 6
219 1007 469 1111 Λόγος
504 1009 730 1089 καίτοι
765 1009 953 1094 Θεὸς
1000 1013 1115 1090 καὶ
1160 1008 1424 1111 Κύριος
1474 1007 1574 1089 ὧν
1610 1010 1794 1090 κατὰ
1844 1013 2073 1115 φύσιν
2110 1015 2228 1092 καὶ
2278 1012 2622 1114 σύνεδρος

218 1140 327 1241 τῷ
367 1135 538 1240 Θεῷ
573 1136 692 1213 καὶ
731 1135 969 1233 Πατρὶ
1021 1137 1326 1231 καθῆκεν
1363 1132 1580 1213 αὐτὸν
1619 1139 1716 1217 εἶς
1762 1132 1846 1214 τὸ
1896 1139 2023 1232 τῆς
2074 1133 2624 1235 ἀνθρωπότητος

214 1257 507 1359 μέτρον,
575 1256 1044 1336 συντέτακται
1116 1256 1191 1336 δὲ
1257 1256 1376 1336 διὰ
1439 1265 1653 1337 τοῦτο
1717 1262 1834 1336 καὶ
1910 1260 2008 1341 ὡς
2082 1258 2402 1362 ἀδελφὸς
2475 1266 2625 1343 τοῖς

218 1380 683 1480 κεκλημένοις
732 1380 850 1460 διὰ
896 1382 1210 1464 πίστεως
1263 1387 1363 1465 εἷς
1414 1383 1778 1461 υἱοθεσίαν
1813 1387 2031 1461 Θεοῦ’
2092 1380 2253 1461 τότε
2314 1381 2402 1480 δὴ
2462 1379 2621 1461 τότε

218 1510 353 1604 τῆς
389 1506 789 1602 οἰκονομίας
825 1539 909 1585 το
947 1504 1261 1609 εὐτεχνες
1307 1505 1386 1583 εὖ
1429 1504 1636 1603 μάλα
1672 1504 2081 1658 τετηρηκὼς
2135 1504 2410 1653 ἔφασκε
2459 1509 2626 1609 περὶ

118 1669 191 1709 10
218 1629 430 1729 ἡμῶν
465 1626 641 1708 ποτὲ
674 1663 806 1726 μεν
840 1628 950 1707 ὅτι
988 1637 1032 1676 ‘⁶
1054 1629 1498 1730 Ἀπαγγελῶ
1534 1662 1618 1708 το
1660 1627 1886 1727 ὄνομά
1921 1663 2064 1708 σου
2097 1636 2245 1714 τοῖς
2280 1632 2622 1733 ἀδελφοῖς
2651 1644 2814 1709 Supra
2835 1660 2941 1693 ver.

217 1752 509 1852 “”μου,
548 1748 723 1832 ποτὲ
778 1752 871 1831 δέ
894 1761 937 1799 “
964 1749 1154 1831 Ἰδοῦ
1207 1750 1349 1853 ε’γῶ
1404 1754 1522 1831 καὶ
1574 1750 1668 1831 τὰ
1715 1751 2062 1832 παιδία”
2014 1788 2063 1831 α
2115 1787 2237 1852 μοι
2274 1753 2613 1832 ἔδωκεν
2581 1788 2622 1832 ο
2648 1723 2729 1825 {1²2
2761 1788 2838 1840 ¹3·

214 1888 259 1926 ‘⁶
300 1873 561 1959 Θεός.”

333 1998 841 2101 Παραδέδοται
897 1995 1040 2102 γὰρ
1094 1999 1288 2106 αὐτῷ
1341 1996 1542 2101 παρὰ
1594 2007 1724 2079 τοῦ
1769 2005 1963 2079 Θεοῦ
2017 2003 2133 2079 καὶ
2185 2000 2477 2101 Πατρὸς
2531 2035 2626 2079 τα

211 2123 489 2220 πάντα,
527 2125 644 2202 καὶ
688 2126 957 2226 κλῆρος
993 2124 1210 2202 αὐτοῦ
1261 2120 1657 2224 γεγόναμεν
1714 2123 1941 2202 καίτοι
1994 2121 2321 2203 πάλαι“
2348 2125 2624 2228 μερίδες
2652 2148 2958 2199 Ps.11ii.11.

114 2279 185 2338 15
212 2258 259 2295 “
297 2245 750 2326 ἀλωπέκων”
791 2245 1009 2343 ὄντες,
1046 2245 1235 2325 καθά
1283 2254 1515 2351 φησιν
1562 2248 1603 2325 5
1641 2247 1930 2327 Δαυείδ.
2013 2246 2432 2346 ὑπεκείμεθα
2482 2246 2624 2348 γὰρ

213 2372 363 2476 οὐχ
422 2368 702 2453 ἑκόντες
756 2376 824 2450 οἱ
880 2370 1174 2450 δείλαιοι
1230 2377 1374 2453 τοῖς
1430 2375 1574 2449 τῶν
1630 2370 2014 2466 δαιμονίων
2068 2370 2389 2471 ἀγέλαις·
2450 2372 2622 2451 ἀλλ’

213 2498 475 2595 αἵματι
518 2495 621 2601 τῷ
673 2494 825 2602 ἶδίῳ
878 2490 1154 2577 πάντας
1206 2493 1395 2593 ἡμᾶς
1448 2491 1942 2594 κατεκτήσατο
2002 2497 2119 2574 καὶ
2186 2496 2617 2597 κεκληρονό-

209 2654 446 2718 μηκεν
486 2617 527 2696 5
563 2616 909 2720 Χριστός.
994 2621 1111 2698 καὶ
1166 2626 1345 2720 γοῦν
1388 2617 1528 2724 ἔφη
1574 2651 1760 2720 προς
1803 2616 1931 2698 τὸν
1978 2620 2054 2698 ἐν
2101 2625 2248 2702 τοῖς
2305 2622 2627 2721 οὐρανοῖς

212 2740 523 2843 Πατέρα
587 2745 703 2821 καὶ
751 2739 942 2820 Θεόν
989 2751 1031 2788 “
1059 2740 1213 2825 Οῦς
1279 2740 1589 2825 δέδωκάς
1653 2775 1775 2840 μοι
1835 2744 1911 2821 ἐκ
1966 2751 2094 2822 τοῦ
2158 2744 2440 2841 κόσμου
2502 2777 2624 2822 σοι
2648 2764 2699 2813 S
2720 2764 2872 2878 '⁷⁰2¹'

109 2894 185 2935 20
209 2877 253 2913 ‘⁴
290 2863 502 2964 ἦσαν
543 2866 756 2963 κάμοὶ
799 2863 1052 2948 αὐτοῦς
1098 2865 1431 2963 δέδωκας,
1475 2861 1677 2965 κάγω
1722 2863 1854 2966 τὴν
1901 2863 2212 2972 δόξαν
2172 2901 2261 2965 ην
2316 2865 2626 2950 δέδωκάς
2649 2845 2843 2943 {guam

208 3000 256 3037 “
289 3022 425 3087 μοι
464 2988 737 3067 δέδωκα
773 2989 1067 3071 αὖτοῖς.”
1139 2990 1368 3068 καίτοι
1406 2987 1549 3090 γὰρ
1585 2986 1762 3072 Υἱὸς
1799 2987 1983 3067 κατὰ
2020 2988 2248 3091 φύσιν
2286 2986 2626 3092 ὑπάρχων

205 3111 461 3218 χάριτι
504 3111 667 3208 μεθ’
708 3111 911 3210 ἡμῶν
946 3117 1075 3211 τῆς
1121 3117 1411 3191 τοιᾶσδε
1463 3111 1679 3218 δόξης
1729 3113 2244 3217 μετεσχηκέναι
2282 3113 2471 3216 φησὶ
2509 3110 2626 3191 διὰ

205 3234 298 3317 τὸ
338 3233 819 3337 ἀνθρώπινον,
852 3231 1054 3332 πλὴν
1102 3232 1512 3334 μεμενηκῶς
1566 3233 1746 3337 ὅπερ
1799 3234 1889 3336 ἦν
1936 3234 2237 3315 δέδωκεν
2286 3235 2453 3334 ἡμῖν
2495 3233 2627 3334 τὴν

202 3361 479 3439 ἑαυτοῦ
538 3354 781 3463 δόξαν.
862 3355 1408 3465 κατεσφράγισε
1458 3357 1604 3462 γὰρ
1658 3364 1762 3467 τῷ
1821 3360 1972 3466 ἰδίῳ
2030 3357 2398 3458 Πνεύματι
2445 3356 2628 3461 πρὸς

1060 3486 1092 3503 Α

96 3516 175 3574 ²5
204 3480 589 3564 υἱοθεσίαν
625 3483 742 3559 καὶ
791 3483 868 3560 ἐν
904 3481 1097 3587 αὑτῳ
1149 3492 1192 3529 “
1219 3479 1562 3584 κράζομεν
1592 3482 1847 3577 Ἀββᾶ
1897 3484 1937 3560 5
1986 3482 2246 3583 πατήρ.
2252 3488 2295 3519 ”
2372 3482 2625 3561 οὐκοῦν
2649 3493 2798 3607 {³0¹³-
2825 3493 2932 3544 vm.

200 3607 421 3706 ἡμεῖς
480 3607 548 3682 οἱ
597 3605 673 3683 ἐν
706 3603 976 3687 τέκνοις
1028 3603 1491 3706 ἠριθμημενοι
1529 3610 1724 3684 Θεοῦ
1767 3602 2368 3704 κεκοινωνήκαμεν
2403 3604 2620 3703 αἷμα·
2686 3572 2713 3621 ⁵

201 3765 341 3814 τος
398 3730 520 3807 καὶ
569 3724 864 3829 σαρκὸς,
897 3728 1269 3807 τουτέστιν
1305 3729 1380 3806 ἐν
1417 3728 1669 3824 αἵματί
1710 3761 1787 3806 τε
1837 3725 2056 3827 ε’σμὲν
2093 3730 2208 3806 καὶ
2254 3730 2473 3830 σαρκὶ
2510 3731 2627 3807 καὶ

200 3858 287 3935 ἐν
345 3856 701 3959 φθαρτοῖς
751 3853 869 3929 καὶ
918 3850 1187 3952 γηΐνοις
1242 3849 1568 3949 σώμασι.
1649 3848 1911 3951 ταύτης
1966 3850 2164 3931 ἕνεκα
2220 3854 2347 3949 τῆς
2403 3852 2628 3933 αἰτίας

203 4160 339 4214 “ε’ν
428 4159 623 4299 ἐζῶμεν
647 4158 731 4211 καὶ
766 4155 1039 4225 κινούμεθα
1075 4157 1163 4211 καί
1194 4153 1407 4224 ε’σμεν.”
1451 4155 1626 4224 επειδὴ
1652 4156 1710 4211 δε
1744 4177 2016 4212 κεκενωκεν
2038 4159 2234 4222 εαυτὸν,
2260 4157 2352 4211 οῦκ
2355 4156 2628 4249 ἐπαισχύ-

203 4252 363 4288 νεται
850 4229 955 4281 ελῶ
979 4229 1039 4281 τὸ
1068 4227 1265 4316 ὅνομιίη
1264 4249 1365 4282 σου
1386 4229 1497 4283 τοῖς
1517 4227 1773 4298 ἀδελφοῖς
1805 4225 1956 4296 μου·”
1993 4230 2075 4282 καὶ
2110 4228 2331 4283 πάλιν“
2355 4225 2490 4281 Ιδοὺ
2526 4229 2629 4299 ἐγὼ

202 4303 300 4357 καὶ
325 4301 397 4355 τὰ
418 4250 599 4353 παιδία
632 4237 771 4368 &Azara
773 4300 1005 4353 ιδωκεν
1028 4301 1056 4351 ὁ
1082 4295 1265 4354 0462?
1297 4299 1582 4370 γεγόναμεν
1604 4300 1705 4369 γὰρ
1735 4299 1836 4352 υἱοὶ
1861 4303 2015 4365 Θεοῦ,
2041 4300 2124 4352 καὶ
2160 4299 2318 4389 ἐσμὲν
2341 4299 2442 4352 ὑπὸ
2477 4303 2628 4368 χεῖρα

202 4396 311 4429 ‘⁰¹'
334 4368 613 4510 ῗῗωωω·
567 4392 681 4494 ''an
648 4371 987 4494 {tempos-
1006 4451 1091 4509 25.
1128 4438 1384 4509 «ραξομω
1407 4385 1522 4493 ‘cf
1547 4386 1594 4423 ⁰
1621 4368 1714 4423 ‘⁰¹
1742 4384 1845 4438 ²⁵⁵
1864 4387 1918 4424 v
1918 4456 1946 4492 η
1981 4367 2631 4521 -¹1‚⁶3f'9“4'‘,“;¹3'‘3{²t53{'‘522515

257 4512 513 4567 inaiticus
548 4511 630 4565 al“
672 4528 743 4564 ue
784 4508 1044 4563 Catenam
1085 4508 1500 4564 oecumenicam
1537 4508 1894 4573 continentes,
1919 4509 2042 4563 vide
2084 4520 2137 4563 et
2178 4512 2232 4563 in
2279 4509 2426 4562 Maio
2467 4524 2634 4576 supra

208 4599 411 4655 p.1o4
434 4600 465 4637 e
489 4529 923 4637 Coduaeatieano
950 4579 1087 4635 2062
1114 4580 1360 4650 sol.187.
1579 4594 1663 4650 27.
1701 4602 1759 4632 τε
1783 4597 1891 4633 om.
1919 4580 2149 4633 Catenae
2174 4589 2273 4633 cet.

306 4687 449 4736 vot..
482 4688 581 4735 111.
1393 4686 1433 4751 3
1465 4687 1502 4728 E:
