3269 5166
249 319 327 384 iv.
354 338 574 401 20‚21‚
604 343 663 386 v.
689 337 753 406 5.
829 320 937 385 IN
985 320 1510 387 EPISTOLAM
1554 321 1612 389 Ι.
1668 320 1796 385 AD
1827 318 2418 386 CORINTHIOS.
2499 320 2625 384 261
2681 423 2705 486 [
2819 422 2878 472 M
2919 420 2945 486 ]

2729 434 2791 486 55
2881 457 2893 470 ·

247 480 417 561 κατὰ
447 483 673 590 φύσιν
708 483 916 570 ὄντος
953 490 1163 566 Θεοῦ·
1223 490 1561 567 ἀποτελεῖ
1602 484 1679 564 δὲ
1722 482 1905 587 πρὸς
1940 491 2155 565 τοῦτο
2201 487 2316 564 καὶ
2363 483 2630 570 παντὸς

246 605 736 712 ἀξια[γασ]τοῦ
827 607 1254 712 πράγματος
1328 607 1783 709 ἐπιμελητάς·
1890 609 1976 687 οὗ
2048 607 2138 708 δὴ
2211 609 2619 710 γεγονότος,

246 729 886 828 καταπλουτήσειεν
922 733 1013 812 ἄν
1048 767 1154 817 τις
1198 736 1315 813 καὶ
1361 739 1507 813 τῶν
1543 732 1661 812 διὰ
1703 731 2122 832 Πνεύματος
2157 731 2629 837 χαρισμάτων

244 849 366 950 τὴν
398 853 837 999 ἀξιόληπτον
873 855 1115 962 χάριν·
1199 863 1266 936 οὐ
1302 892 1442 963 γαρ
1482 858 1542 937 ἐν
1578 859 1771 962 λόγῳ
1808 860 1842 950 ἦ
1878 859 2221 951 βασιλεῖαι
2264 893 2389 936 των
2427 863 2617 963 οὖροι·
2652 892 2756 926 vor
2777 891 2856 926 ιο.

189 1008 223 1067 5
247 1011 366 1074 νων,
399 982 569 1056 ἀλλ’
609 980 668 1057 ἐν
722 974 1028 1084 δυνάμει·
1096 977 1183 1060 τὸ
1238 980 1326 1058 δέ
1370 985 1480 1058 Ἐν
1535 975 1810 1084 δυνάμει
1867 977 2168 1091 νοήσεις,
2214 983 2273 1059 εὶ
2327 977 2458 1076 μὲν
2514 979 2621 1058 ἐπ

243 1099 465 1178 αὐτῶν
512 1098 804 1207 φέροιτο
859 1107 1006 1182 τῶν
1059 1103 1284 1205 ἁγίων
1337 1100 1798 1199 ἀποστόλων,
1837 1105 1933 1187 ὡς
1988 1105 2063 1182 ἐν
2120 1101 2325 1206 ισχύῖ
2372 1136 2450 1182 τε
2507 1101 2625 1181 καὶ

243 1223 542 1331 ἐνεργείᾳ
576 1226 669 1330 τῇ
706 1222 822 1304 διὰ
857 1233 986 1305 τοῦ
1025 1225 1465 1323 Πνεύματος,
1500 1227 1666 1305 καθ’
1712 1226 1799 1326 ἥν
1833 1231 1976 1304 εἶσι
2013 1226 2131 1304 καὶ
2168 1230 2622 1330 θαυματουρ-

244 1347 373 1446 γοί·
441 1353 500 1426 εὶ
551 1348 620 1425 δ’
658 1348 772 1455 ἐφ’
813 1348 1019 1448 ἡμῶν
1054 1350 1307 1447 αὐτῶν,
1347 1352 1444 1434 ὡς
1481 1351 1541 1430 ἐν
1578 1345 1855 1455 δυνάμει
1892 1351 2071 1453 ζωῆς
2106 1352 2234 1448 τῆς
2269 1349 2477 1450 ἁγίας
2512 1352 2629 1428 καὶ

245 1471 646 1571 εἰλικρινοῦς
683 1470 935 1578 ε’κδέξῃ
970 1470 1056 1552 τὸ
1094 1474 1481 1576 εἰρημένον.

157 1741 221 1783 ιο
412 1719 490 1784 Τί
543 1721 809 1805 θέλετε,
871 1722 942 1787 ὲν
999 1722 1221 1813 ῥάβδῳ
1271 1724 1450 1791 ἔλθω
1502 1724 1670 1815 πρὸς
1723 1726 1889 1802 ὑμᾶς
1944 1724 1982 1790 εἲ
2037 1724 2108 1791 ὲν
2162 1725 2424 1816 ἀτόπιῃς
2658 1741 2727 1782 21

345 1886 735 1986 Βούλεσθε,
773 1893 1027 1994 φησὶν,
1069 1889 1318 1996 σοφὴν
1360 1891 1750 1998 ἐπίπληξιν
1792 1891 1907 1998 οἵᾳ
1960 1892 2097 1971 τινὶ
2152 1885 2386 2000 ῥάβδῳ
2439 1892 2620 1971 ε’πα-
2815 1928 2830 1956 ³

241 2008 436 2111 yoe'yco
485 2019 638 2095 τοῖς
699 2012 1243 2117 ἡμαρτηκόσιν;
1330 2013 1365 2109 ἢ
1425 2017 1485 2095 ἐν
1532 2013 1867 2118 πνεύματι
1931 2011 2298 2119 πραΰτητος
2351 2021 2470 2096 κα.)
2531 2020 2626 2101 ὡς

241 2133 296 2212 ἐν
352 2134 607 2252 οὶγοίπῃ
668 2140 1172 2243 προσενεχθεὶς
1235 2136 1684 2242 παραδράμω
1748 2138 2211 2240 σεσιγηκῶς;
2297 2140 2469 2219 ἀλλ’
2535 2136 2627 2238 ἦν

240 2255 514 2355 ἄμεινον
548 2261 792 2345 αὐτοῖς
828 2260 871 2359 ἦ
909 2262 1296 2369 ἐπίπληξις
1341 2262 1492 2360 ἅμα
1537 2260 1909 2341 κόπτουσα
1943 2259 2028 2342 τὸ
2085 2261 2313 2342 δεινὸν
2367 2266 2484 2342 καὶ
2540 2262 2625 2343 τὸ

157 2408 217 2469 15
240 2379 548 2487 ῥᾴθυμον
588 2386 707 2463 καὶ
745 2388 872 2484 τῆς
906 2383 1234 2484 τοιαύτης
1267 2387 1715 2489 παρανομίας
1751 2384 1884 2486 τὴν
1919 2387 2382 2490 ἐπιχείρησιν·
2463 2389 2626 2490 περὶ

238 2502 314 2606 ἧς
364 2509 478 2588 καὶ
512 2508 558 2609 ἦ
601 2504 1073 2592 θεόπνευστος
1129 2507 1269 2614 ἔφη
1326 2508 1575 2613 γραφὴ
1630 2511 1792 2613 περὶ
1847 2514 1991 2588 τῶν
2036 2509 2124 2617 ἐξ
2152 2508 2457 2614 Ἰσραὴλ
2507 2509 2627 2590 διὰ

239 2634 469 2734 φωνῆς
494 2630 719 2731 Ἰωήλ
755 2644 800 2680 “
827 2633 972 2712 Καὶ
1013 2631 1158 2717 υἱὸς
1194 2635 1311 2712 καὶ
1347 2632 1585 2737 πατὴρ
1622 2634 1841 2712 αὑτοῦ
1875 2633 2408 2737 εἰσεπορεύοντο
2443 2633 2626 2739 πρὸς
2652 2660 2813 2710 Amos
2835 2660 2887 2710 ii.
2917 2669 2959 2724 7.

240 2763 280 2801 “
312 2755 437 2854 τὴν
495 2756 723 2856 αὐτὴν
779 2756 1197 2857 παιδίσκην,
1258 2755 1454 2842 ὅπως
1517 2757 2016 2858 βεβηλῶσωσι
2076 2756 2161 2838 τὸ
2219 2758 2446 2857 ὄνομα
2498 2767 2628 2839 τοῦ

243 2886 282 2925 “
315 2883 499 2960 Θεοῦ
534 2882 839 2962 αὐτῶν.”
897 2880 1164 2980 ταύτην
1201 2885 1391 2985 φησὶ
1426 2879 1560 2982 τὴν
1594 2882 1929 2985 πορνείαν
1959 2877 2097 2964 οὐδὲ
2135 2884 2194 2962 ἐν
2228 2887 2361 2967 τοῖς
2401 2880 2629 2962 ἔθνεα-ιν
2652 2921 2760 2972 cap.
2788 2923 2835 2958 v.
2865 2920 2909 2958 1.

156 3028 220 3069 20
240 3001 423 3084 ἔστιν
457 3006 788 3085 ἀκοῦσαι·
847 3005 1107 3105 Θησέα
1142 3002 1285 3107 γὰρ
1320 3004 1603 3105 ἠκηκόει
1639 3040 1781 3085 που
1818 3004 2001 3085 κατὰ
2038 3004 2121 3085 τὸ
2158 3003 2337 3088 εἷκὸς
2370 3012 2621 3107 τεθηγ-

237 3124 436 3222 μένον
479 3131 600 3209 ἐπὶ
645 3133 748 3237 τῷ
798 3128 949 3236 ἰδίῳ
992 3132 1215 3225 παιδὶ,
1249 3126 1800 3229 ἐπαρασάμενόν
1836 3163 1914 3209 τε
1964 3129 2177 3237 αὐτῷ,
2216 3133 2332 3208 καὶ
2380 3126 2467 3229 δὴ
2508 3131 2625 3209 καὶ

238 3251 665 3333 ἀπεκτονότα
730 3250 1300 3351 διαβεβλημένον
1357 3254 1437 3331 ἐκ
1489 3259 1856 3356 μητρυιᾶς·
1927 3254 2044 3333 καὶ
2099 3251 2374 3357 ἑτέρους
2429 3250 2624 3337 τινὰς

237 3375 340 3453 ἐπὶ
380 3378 693 3457 τοιοῖσδε
738 3373 1113 3475 αἶτιάμασι
1168 3382 1322 3459 ταῖς
1376 3381 1521 3455 τῶν
1574 3384 1890 3476 ποιητῶν
1942 3377 2350 3477 εὐοτομίαις
2404 3411 2614 3459 κατε·

238 3499 712 3600 σκωμμένους.

156 3757 217 3815 ²5
258 3738 669 3830 Παραδοῦναι
719 3739 834 3808 τὸν
885 3744 1176 3808 τοιοῦτον
1229 3743 1325 3827 τῷ
1378 3747 1624 3835 σατανᾷ
1681 3740 1775 3809 εἰς
1827 3743 2105 3834 ὄλεθρον
2158 3748 2277 3811 viic
2331 3749 2591 3836 σαρκός.
2648 3755 2803 3834 Κεφ.
2830 3748 2956 3833 ε’.5

337 3913 701 4021 Ἀπέδειξε
767 3915 851 3993 δι
920 3908 1024 3992 ὧν
1076 3912 1206 3995 τὸν
1268 3913 1797 4018 πεπορνευκότα
1860 3914 2161 3995 δέδωκεν
2218 3924 2309 4001 εἰς
2379 3914 2622 4024 ολεθρον

238 4068 346 4127 της
404 4072 659 4148 capnos·
710 4038 824 4119 ’ίνοο
880 4074 955 4118 το
1015 4040 1283 4144 πνεῦμα,
1343 4035 1536 4148 σωθῇ,
1594 4037 1674 4118 τί
1730 4040 1932 4118 ἐστιν
1991 4049 2037 4087 “
2060 4040 2221 4121 Οὐκ
2279 4041 2357 4118 ἐν
2417 4038 2620 4148 λόγω
2642 4062 2835 4128 Supra
2819 4078 2886 4112 w

239 4166 278 4202 “
309 4161 477 4242 ἀλλ’
513 4164 592 4244 ἐν
635 4158 927 4260 δυναμει
975 4161 1021 4262 ἡ
1057 4162 1403 4258 βασιλεία
1456 4168 1601 4243 τῶν
1639 4163 2004 4266 οὐρανῶν·
2007 4162 2416 4271 ’ἐξουσίας
2473 4145 2727 4269 γὰρη

302 4431 349 4471 2.
380 4417 700 4490 ‹lemno-rufe
721 4418 1017 4476 emendavi.
1040 4420 1248 4490 ἀξια..
1275 4424 1406 4477 ,τοῦ
1432 4421 1547 4478 Mai
1570 4422 1721 4478 etita
1743 4423 1811 4477 A.
1969 4422 2021 4477 8.
2058 4423 2115 4476 δὲ
2140 4423 2208 4477 A.
2374 4437 2457 4476 11.
2495 4422 2619 4478 ὅσα·

241 4491 375 4556 γσγό
397 4489 464 4543 A.
708 4507 790 4546 12.
831 4489 1121 4562 πραΰτητος
1142 4491 1304 4548 habet
1327 4502 1381 4547 et
1403 4493 1472 4547 A.
1722 4507 1807 4564 15.
1843 4494 1933 4562 τῆς
1957 4510 2066 4548 om.
2092 4493 2160 4547 A.
2413 4507 2501 4548 21.
2539 4494 2623 4547 καὶ

242 4554 325 4612 alt.
346 4568 682 4632 asumptum
705 4578 771 4616 ex
794 4561 864 4617 A.
1150 4576 1236 4634 25.
1275 4561 1529 4621 Scholion
1552 4562 1657 4620 hoc
1682 4571 2022 4635 assumptum
2045 4580 2110 4619 ex
2139 4563 2215 4619 H.
