3269 5166
931 1005 1826 1083 HOMILIARUM
1936 1002 2771 1081 FRAGMENTA.

1819 1308 1887 1382 Ῑ.

1089 1530 1561 1588 FRAGMENTA
1605 1527 2002 1586 HOMILIAE
2047 1527 2154 1583 DE
2197 1526 2365 1582 UNO
2409 1526 2641 1583 FILIO.

963 1725 1096 1790 Τοῦ
1145 1727 1346 1792 αὐτοῦ
1391 1727 1467 1791 ὲκ
1518 1731 1640 1791 τῆς
1690 1721 1950 1802 ὁμιλίας
2002 1726 2120 1788 τῆς
2174 1721 2325 1811 περὶ
2373 1720 2524 1789 ἑνὸς
2579 1718 2743 1787 υἱοῦ.

775 1900 879 1975 ΕΙ
917 1895 1061 1999 γὰρ
1097 1895 1194 1981 εἷς
1229 1898 1431 1977 ἐστιν
1458 1900 1693 1980 ἰδικῶς
1718 1894 1896 1980 Υἱὸς
1922 1897 1963 1974 5
2001 1895 2079 1974 ἐκ
2114 1901 2243 1973 τοῦ
2265 1899 2453 1972 Θεοῦ
2477 1888 2770 1992 Πατρὸς
2793 1887 3070 1991 Λόγος,5

661 2016 758 2102 εἷς
813 2016 890 2098 δὲ
940 2020 1198 2118 ὁμοίως
1243 2025 1477 2104 ἶδικῶς
1530 2022 1650 2099 καὶ
1698 2020 1933 2122 ἔτερος
1980 2017 2150 2120 παρ’
2190 2015 2409 2096 αὐτὸν
2443 2017 2485 2095 5
2519 2018 2601 2095 ἐκ
2644 2014 3026 2117 σπέρματος

664 2145 952 2240 Δαυεὶδ,
990 2148 1081 2248 τῇ
1118 2143 1298 2246 πρὸς
1352 2142 1481 2223 τὸν
1518 2143 1738 2249 φύσει
1778 2144 1897 2220 καὶ
1939 2144 2231 2239 ἀληθῶς
2261 2138 2443 2218 Υὶὸν
2478 2138 2808 2244 κοινωνίᾳ
2838 2133 3027 2232 τιμώ-

662 2298 894 2362 μενος,
956 2273 1112 2351 πῶς
1167 2268 1302 2371 οὐχ
1362 2264 1639 2346 ἅπασιν
1692 2262 1981 2367 ε’ναργές
2040 2262 2152 2343 ὅτι
2209 2263 2250 2341 5
2313 2260 2442 2358 μὲν
2505 2263 2823 2357 δίδωσιν,
2878 2260 2916 2337 5
2963 2253 3028 2336 δὲ

662 2387 1042 2503 λαμβάνει·
1102 2391 1142 2468 5
1178 2388 1308 2487 μὲν
1341 2395 1714 2495 στεφανοῖ,
1753 2389 1794 2467 5
1826 2385 1903 2467 δὲ
1939 2392 2444 2492 στεφανοῦται·
2505 2389 2627 2464 καὶ
2666 2385 2707 2463 5
2735 2383 2862 2479 μέν
2894 2383 3028 2461 ἐστι

666 2509 887 2616 φύσει
927 2511 1215 2615 Κύριος,
1262 2514 1303 2593 5
1348 2510 1425 2593 δὲ
1468 2512 1595 2593 οὐκ
1642 2511 1799 2593 ἔστι
1829 2544 1852 2610 3
1922 2512 2103 2595 τίνες
2147 2511 2275 2590 οὖν
2329 2513 2397 2590 οὶ
2448 2515 2682 2589 ταῦτα
2735 2505 3031 2610 λέγοντες
3052 2533 3104 2575 10

666 2636 784 2712 καὶ
821 2641 1271 2740 φρονοῦντες,
1305 2634 1354 2736 ἢ
1388 2642 1597 2717 ποῖον
1631 2637 1869 2715 αὐτῶν
1903 2632 1987 2714 τὸ
2024 2641 2260 2738 κρῖμα,
2297 2631 2460 2717 τοὺς
2503 2634 2754 2735 ἁγίους
2787 2628 3026 2735 ε’ρωτή·

328 2790 381 2841 S.
400 2787 570 2841 Judae
591 2806 638 2851 4.
668 2791 916 2858 σωμεν
957 2758 1303 2858 μαθητάς.
1390 2758 1602 2839 ἄκουε
1654 2757 1990 2859 λέγοντος
2043 2759 2360 2860 ἐναργῶς
2424 2766 2468 2805 “
2507 2755 3033 2860 Παρεισέδυσαν

670 2892 714 2930 “
740 2884 883 2985 γάρ
911 2916 1090 2982 τινες
1126 2882 1510 2986 daroma,
1538 2886 1604 2962 οἱ
1643 2885 1758 2962 καὶ
1792 2881 2024 2962 πάλαι
2058 2882 2684 2984 προγεγραμμένοι
2722 2886 2817 2963 εἰς
2849 2883 3034 2957 τοῦτο

666 3015 713 3053 “
738 3003 823 3086 τὸ
860 3014 1095 3108 κρῖμα,
1132 3009 1444 3102 ἀσεβεῖς,
1479 3005 1613 3104 τὴν
1647 3013 1776 3085 τοῦ
1803 3011 1995 3085 Θεοῦ
2030 3003 2239 3109 χάριν
2272 3005 2764 3102 μετατιθέντες
2799 3004 2908 3080 καὶ
2927 2998 3034 3078 τὸν

668 3140 712 3176 “
738 3130 960 3228 μόνον
989 3126 1383 3229 Δεσπότην
1418 3133 1538 3208 καὶ
1576 3128 1846 3230 Κύριον
1881 3128 2083 3227 ἡμῶν
2114 3128 2407 3227 Ἰησοῦν
2441 3125 2778 3230 Χριστὸν
2811 3120 3032 3227 ἀρνού-
3056 3137 3106 3197 ¹5

668 3262 713 3299 “
738 3254 996 3350 μενοι.”
1070 3258 1226 3336 πῶς
1281 3252 1407 3332 οὖν
1441 3251 1659 3351 μόνος
1711 3253 1871 3331 ἐστὶ
1915 3249 2272 3351 δεσπότης
2317 3249 2603 3350 Ἰησοῦς
2641 3243 2956 3351 Χριστὸς
2999 3242 3033 3321 ὃ

668 3372 1000 3459 κοινωνὸς
1043 3378 1171 3474 τῆς
1215 3374 1456 3477 ἑτέρου
1511 3376 1932 3459 δεσποτείας
1975 3373 2311 3477 γεγονὼς,
2345 3377 2405 3451 εἶ
2449 3371 2637 3453 κατὰ
2685 3372 2887 3476 χάριν
2918 3367 3034 3471 ἔχει

668 3507 901 3595 τοῦτο,
940 3503 1000 3577 εἶ
1054 3497 1265 3577 δοτὸν
1300 3498 1494 3604 αὐτῷ
1548 3500 1668 3577 καὶ
1720 3496 1895 3578 αὐτὸ
1949 3497 2035 3577 τὸ
2089 3500 2216 3595 τῆς
2263 3494 2622 3579 υἱοθεσίας
2665 3495 2955 3601 ἀξίωμα,
2985 3492 3036 3567 εἲ

668 3621 888 3723 μηδὲν
916 3622 1105 3705 ὅλως
1140 3622 1379 3718 αὐτοῦ,
1404 3619 1645 3702 πάντα
1682 3619 1758 3700 δὲ
1784 3627 2075 3717 μᾶλλον
2101 3618 2340 3722 ἑτέρου
2376 3627 2505 3699 τοῦ
2544 3617 2794 3701 δόντος
2830 3615 3032 3717 αῦτῷς

669 3744 892 3846 μόνον
947 3746 1089 3851 ἔφη
1143 3743 1504 3842 δεσπότην
1539 3746 1656 3822 καὶ
1698 3743 1967 3846 Κύρων
2002 3744 2203 3843 ἡμῶν
2239 3744 2533 3843 Ἰησοῦν
2570 3738 2898 3844 Χριστὸν
2928 3734 3034 3815 τὸν
3057 3767 3112 3808 20

670 3872 748 3949 ἐκ
786 3875 977 3948 Θεοῦ
1018 3867 1283 3967 Λόγον·
1364 3873 1519 3949 πῶς
1568 3867 1696 3944 οὖν
1742 3864 2129 3949 συνάπτεις
2185 3866 2379 3972 αὐτῷ
2415 3864 2753 3945 κοινωνὸν
2806 3860 2926 3940 τὸν
2972 3859 3036 3936 ἐκ

671 3992 1087 4093 σπέρματος
1151 3991 1419 4069 Δαυείδ
1449 4022 1471 4086 ;
1572 3990 1701 4068 οῦκ
1772 3990 1889 4072 ε’ἃς
1954 3986 2097 4090 γὰρ
2161 3985 2384 4085 μόνον
2446 3983 2621 4066 εἶναι
2682 3981 3036 4080 δεσπότην,

748 4187 798 4252 ¹:
837 4170 1214 4240 Fragmentum
1252 4169 1356 4224 hoc
1383 4169 1554 4228 ,nobis
1595 4167 1899 4240 suppeditat
1933 4167 2160 4223 Niketaa
2197 4166 2486 4222 Choniatea
2521 4168 2575 4221 in
2615 4164 2868 4234 Panoplia
2901 4162 3033 4228 Dog-

672 4250 883 4302 manca,
907 4249 1037 4294 tom.
1067 4241 1119 4293 8.
1178 4239 1469 4294 Codicibua
1494 4239 1707 4294 duobus
1743 4240 1827 4293 usi
1864 4256 2072 4303 sumus,
2097 4256 2288 4308 nempe
2313 4238 2432 4292 cod.
2459 4231 3033 4291 Laurentiano-Floren-

672 4311 786 4364 tino
814 4310 953 4364 Plut.
977 4310 1049 4363 ix.
1074 4326 1141 4376 24
1166 4309 1504 4381 (bombycin.
1532 4309 1790 4379 somnii.)
1816 4311 1907 4364 fol.
1931 4322 2028 4379 135
2058 4327 2072 4362 ε
2102 4307 2241 4363 Cod.
2259 4307 2549 4362 Bodleiano
2575 4306 2714 4377 (Roe
2740 4320 2805 4359 υ
2829 4299 3031 4357 membr·

673 4396 779 4435 aec.
804 4379 937 4448 xiv),
963 4380 1055 4434 fol.
1086 4397 1110 4434 1
1151 4397 1204 4445 0,
1229 4398 1391 4452 quem
1412 4380 1450 4434 b
1474 4381 1701 4451 signavi.
1953 4395 2036 4434 12.
2070 4379 2316 4521 >nisu-me
2337 4376 2629 4432 emendavi.
2652 4376 2890 4446 λέγοιτ-ες
2910 4365 3032 4425 Cod-

676 4449 836 4504 Laut.
860 4449 1110 4520 λέγοντας
1174 4489 1190 4504 .
1658 4468 1741 4518 14.
1775 4448 2127 4521 μετατιθέντες
2179 4466 2291 4502 non
2315 4447 2463 4502 addit
2485 4447 2559 4504 ds·
2578 4443 2712 4500 ἇσέλ
2773 4465 2853 4498 ao·
2875 4439 3034 4496 Chon-

678 4518 762 4574 16.
796 4521 954 4589 μόνος
976 4527 1316 4589 assumptum
1340 4538 1405 4576 ex
1428 4520 1483 4576 b.
1819 4521 1902 4576 18.
1940 4520 2091 4576 δοτὸν
2113 4516 2277 4592 αὐτῷ]
2305 4518 2361 4574 δὲ
2383 4518 2549 4588 ταύτῷ
2572 4515 2695 4587 (sic)
2712 4467 2777 4570 ξ
