3269 5166
221 367 337 408 xx.
373 361 476 424 10,
506 364 606 409 11.
773 342 889 408 IN
948 343 1015 409 S.
1065 343 1586 410 JOANNEM.
1677 344 1872 411 LIB.
1918 345 2080 411 XII.
2505 348 2625 411 111

218 512 470 660 ἀληθῆ
505 508 633 591 τὸν
665 510 835 615 παρ’
874 512 1094 592 αὑτοῦ
1130 510 1518 619 φαίνεσθαι
1568 510 1816 615 λόγον,
1853 511 1939 593 ὃν
1974 511 2116 620 ἔφη
2171 515 2333 616 περὶ
2393 514 2629 592 αὐτῶν

218 669 409 739 προς
468 634 595 715 τὸν
642 637 719 717 ἐν
766 643 913 721 τοῖς
966 637 1290 740 οὐρανοῖς
1331 636 1627 737 Πατέρα
1694 647 1737 686 “
1770 635 2016 742 Πάτερ
2072 636 2250 740 ἅγιε,
2305 636 2628 742 τήρησον
2719 635 2945 764 ξξξξζῐ

221 770 271 809 ‘⁶
307 757 594 857 αὐτους,
618 763 936 866 φησιν,’
899 797 976 841 εν
1012 767 1116 869 τῷ
1154 761 1460 862 ὀνόματί
1490 795 1632 842 σου
1669 757 1728 869 ᾧ
1767 760 2073 846 δέδωκάς
2109 797 2253 861 μοι,
2288 762 2408 842 ἵνα
2444 759 2629 842 ὦσιν
2726 781 2803 819 ¹²·

219 881 388 963 “ev
439 884 675 969 καθὼς
735 885 932 985 ἡμεῖς
995 886 1095 967 ἕν.
1174 884 1290 967 ὅτε
1350 921 1540 987 ημην
1600 884 1753 984 μετ’
1814 887 2068 985 αὐτῶν,
2127 886 2272 990 ἐγὼ
2333 883 2627 992 ἐτήρουν

146 1037 190 1099 5
219 1016 273 1055 “
308 1007 565 1093 αὐτους
608 1011 684 1089 ἐν
731 1016 835 1118 τῷ
888 1008 1194 1108 ὀνόματί
1239 1044 1382 1090 σου
1438 1007 1498 1120 ᾧ
1552 1006 1863 1096 δέδωκάς
1916 1046 2061 1112 μοι,
2118 1015 2235 1092 καὶ
2291 1012 2631 1120 ἐφύλαξα

219 1143 273 1181 “
308 1131 584 1233 αὐτοὺς,
640 1137 759 1215 καὶ
813 1135 1034 1219 οὐδεὶς
1092 1134 1182 1242 ἐξ
1230 1135 1465 1216 αὐτῶν
1519 1135 1875 1234 ἀπώλετο,
1931 1140 1991 1216 εἶ
2045 1136 2147 1236 μὴ
2201 1138 2243 1218 ὁ
2300 1135 2447 1221 υἱὸς
2502 1140 2631 1237 τῆς

217 1267 272 1305 “
308 1258 738 1343 ἄπωλείας.”
834 1259 1328 1365 ὑποφεύγουσι
1390 1259 1630 1340 τοίνυν
1704 1264 1772 1339 οἱ
1842 1264 2177 1360 μαθηταὶ,
2240 1268 2632 1365 περιμεῖναι
2654 1272 2700 1338 b

217 1386 377 1463 δεῖν
413 1382 717 1483 οἰόμενοι
750 1381 879 1465 τὸν
914 1387 1042 1484 τῆς
1074 1384 1484 1488 παρῤησίας
1519 1382 1787 1488 καιρόν.
1863 1383 2087 1487 ἔδρων
2122 1383 2198 1465 δὲ
2232 1393 2447 1465 τοῦτο
2482 1391 2636 1470 τοῖς

213 1516 357 1586 τοῦ
431 1511 767 1611 Σωτῆρος
858 1505 1444 1608 καταπειθόμενοι
1526 1505 1797 1610 λόγοις.
1894 1516 1941 1554 “
1968 1506 2413 1611 παρήγγειλε
2486 1507 2631 1613 γὰρ
2722 1515 2970 1647 ἓῗῡίῗ·

215 1639 272 1679 “
309 1632 549 1716 αὐτοῖς
585 1630 729 1713 ἀπὸ
761 1631 1295 1737 Ἱεροσολύμων
1329 1630 1431 1731 μὴ
1466 1631 1921 1737 χωρίζεσθαι,
1956 1632 2144 1712 καθὰ
2191 1631 2625 1736 γέγραπται,
2722 1660 2772 1711 5·

215 1760 704 1864 “περιμε’νειν
759 1761 835 1842 δὲ
891 1760 1023 1861 τὴν
1083 1760 1523 1864 ἐπαγγελίαν
1583 1767 1714 1839 τοῦ
1774 1757 2093 1917 Πατρὸς,
2154 1759 2244 1862 ἣν
2306 1763 2633 1863 ἤκουσαν

213 1897 269 1935 “
307 1887 551 1985 αὐτοῦ,
575 1920 686 1967 οτι
709 1884 1045 1987 Ἰωάννης
1071 1884 1202 1986 μὲν
1226 1885 1621 1981 ἐβάπτισεν
1644 1885 1866 1983 ὕδατι,
1896 1919 2096 1966 αυτοι
2070 1885 2198 1966 δὲ
2218 1886 2634 1988 βαπτισθή·

216 2022 271 2060 “
308 2044 569 2091 σονται
603 2012 678 2090 ἐν
709 2010 1074 2109 Πνεύματι
1109 2011 1341 2118 Αγίῳ
1376 2043 1459 2090 ου
1485 2008 1667 2109 μετὰ
1692 2009 1982 2094 πολλὰς
2003 2010 2267 2097 ταύτας
2294 2011 2607 2117 ἡμέρας·’

219 2172 268 2217 ο
326 2134 420 2234 δὴ
479 2138 595 2216 καὶ
640 2140 738 2219 εἶς
791 2133 1012 2239 πέρας
1059 2133 1449 2234 ἐκβεβηκὸς
1502 2131 1902 2235 εὑρήσομεν
1957 2133 2142 2216 κατὰ
2195 2170 2325 2221 τας
2367 2137 2631 2242 ἡμέρας

105 2296 188 2359 15
218 2263 359 2359 τῆς
421 2261 630 2362 ἁγίας
690 2262 1204 2359 πεντηκοστῆς,
1261 2256 1379 2338 ὅτε
1440 2269 1482 2306 “
1512 2253 1875 2364 ὤφθησαν
1930 2260 2169 2344 αὐτοῖς
2228 2260 2619 2364 διαμεριζὸ·
2656 2302 2691 2345 c
2719 2301 2799 2352 1b.
2822 2300 2876 2351 ii.
2903 2314 2951 2364 3.

217 2394 272 2432 “
305 2417 519 2482 μεναι
551 2389 900 2486 γλῶσσαι
944 2385 1117 2462 ὡσεὶ
1165 2382 1411 2485 πυρὸς,
1449 2385 1567 2462 καὶ
1622 2381 1952 2463 ἐκάθισεν
1988 2382 2101 2491 ἐφ’
2141 2384 2264 2465 ἕνα
2319 2384 2633 2466 ἕκαστον

217 2520 272 2557 “
307 2508 616 2589 αὖτῶν.”
683 2507 846 2589 τότε
901 2506 1047 2611 γὰρ
1094 2507 1260 2587 λίαν
1302 2512 1398 2592 εἶς
1454 2504 1739 2588 εὕτονόν
1794 2542 1871 2589 τε
1927 2512 2045 2590 καὶ
2100 2509 2635 2612 εὐτολμοτάτην

214 2632 926 2736 μετασκευασθέντες
987 2632 1324 2728 διάνοιαν,
1382 2633 1499 2711 καὶ
1560 2636 1688 2732 τῆς
1750 2634 2198 2737 ἀνθρωπίνης
2264 2637 2635 2721 ἀσθενείας

217 2763 324 2844 ὧς
373 2755 815 2861 ποῤῥωτάτω
873 2757 1173 2858 κείμενοι
1228 2763 1384 2841 ταῖς
1446 2762 1592 2837 τῶν
1642 2757 2006 2838 Ἰουδαίων
2058 2758 2342 2858 μανίαις
2398 2764 2631 2841 ἀνθω-

111 2928 192 2970 20
215 2881 591 2985 πλίζὸντο,
651 2883 769 2961 καὶ
834 2880 1062 2983 λόγον
1121 2879 1371 2961 οὐδένα
1441 2882 1571 2980 τῆς
1640 2882 1811 2981 παρ’
1889 2881 2170 2963 ἐκείνων
2243 2886 2635 2983 ἐπιβουλῆς

218 3012 595 3089 ποιεῖσθαι
656 3008 802 3085 δεῖν
851 3003 1283 3107 ἐδοκίμαζον.
1360 3009 1425 3084 οἱ
1484 3004 1617 3103 μὲν
1676 3006 1804 3084 οὖν
1857 3005 2280 3109 σοφώτατοι
2325 3010 2635 3105 μαθηταὶ

218 3129 799 3233 κατεκρύπτοντο
858 3131 1257 3235 χρησίμως,
1320 3129 1646 3232 καθάπερ
1704 3126 1890 3234 ἔφην
1944 3129 2230 3230 ἀρτίως·
2320 3131 2365 3229 ἡ
2422 3130 2509 3210 δέ
2551 3165 2635 3234 γε

217 3252 710 3364 φιλόχριστος
748 3253 1082 3359 Μαριὰμ,
1121 3250 1248 3334 ἅτε
1283 3251 1370 3354 δὴ
1409 3254 1526 3334 καὶ
1575 3251 1844 3337 παντὸς
1897 3252 2237 3358 ἐλευθέρα
2288 3256 2633 3357 δείματος,
2660 3277 2704 3342 d

218 3383 342 3462 καὶ
400 3379 535 3480 τὴν
568 3385 714 3460 τῶν
749 3379 1112 3459 Ἰουδαίων
1157 3377 1384 3482 ὀργὴν
1438 3379 1567 3458 οὐκ
1622 3377 1894 3483 ἔχουσα
1950 3379 2119 3459 λίαν
2155 3381 2229 3459 ἐν
2268 3381 2636 3487 ὑποψίαις,

114 3555 145 3596 2
153 3549 190 3611 5
215 3504 690 3610 προσεδρεύει
744 3501 877 3604 μὲν
940 3501 1396 3607 ἰταμώτερον,
1457 3535 1542 3582 το
1607 3501 1685 3584 δὲ
1738 3510 1892 3587 ταῖς
1951 3503 2266 3603 θηλείαις
2324 3504 2440 3584 ἀεί
2481 3539 2637 3591 πως

215 3627 748 3736 προσπεφυκὸς
799 3627 1128 3726 ὑπομένει
1169 3626 1421 3724 πάθος,
1460 3623 1827 3730 ἀνοιμῶζει
1866 3626 2011 3732 γὰρ
2048 3627 2630 3734 ἀπληστότερον,

218 3758 340 3836 καὶ
398 3751 809 3858 ἀκορέστως
866 3758 1010 3832 τῶν
1066 3752 1261 3832 ιδίων
1316 3749 1660 3851 ὀμμάτων
1714 3752 2098 3848 ἄποθλίβει
2162 3754 2247 3835 τὸ
2305 3752 2637 3858 δάκρυον,

218 3880 358 3985 οὐχ
396 3879 507 3958 ὅτι
543 3873 997 3977 τετελεύτηκε
1033 3881 1585 3977 καταθρηνοῦσα
1622 3875 1866 3974 μόνον,
1907 3878 2076 3956 ἀλλ’
2119 3911 2230 3958 οτι
2267 3881 2384 3958 καὶ
2418 3913 2635 3979 μετα-

215 4007 585 4086 τεθεῖσθαι
621 4008 755 4083 τοῦ
792 3997 1160 4100 μνήματος
1196 3997 1395 4109 ᾠήθη
1433 3997 1561 4083 τὸν
1600 4000 1896 4103 Κύριον.
