3269 5166
354 440 649 511 [114M.]

682 335 812 398 386
1032 334 1110 398 Β.
1158 327 1531 396 CYRILLI
1583 325 2107 392 ALEXANDR.
2161 325 2720 391 FRAGMENTA
2898 325 2959 389 ii.
2983 344 3037 408 9.

897 594 1134 661 ‘Onoec
1188 595 1397 682 χάριτι
1450 588 1619 655 Θεοῦ
1673 589 1836 678 ὑπὲρ
1890 588 2136 654 παντὸς.
2190 588 2495 662 retiam-m
2548 585 2845 654 θανάτου.

801 767 903 847 Τι’
944 763 1029 845 τό
1065 762 1473 866 Ἐγεύσατο
1508 762 1733 841 παντί
1772 794 1871 867 τῳ
1911 758 2148 864 σαφὲς
2181 755 2279 842 ὦς
2313 793 2400 861 γε
2438 756 2654 858 οἶμαι.
2733 754 2891 844 δοὺς
2923 753 3049 858 γὰρ

685 895 789 998 τῷ
827 886 1111 997 θανάτῳ
1147 887 1232 967 τὸ
1269 887 1448 966 ἴδιον
1482 892 1702 982 σῶμα
1752 887 1866 964 καὶ
1916 881 2065 964 οἷον
2102 881 2682 984 ἀπογευσάμενος
2718 886 3051 982 σαρκικῶς

687 1023 816 1094 τοῦ
870 1008 1446 1113 συμβεβηκότος,
1490 1009 1751 1105 ἀνεβίω
1805 1006 2030 1089 πάλιν
2079 1009 2196 1086 καὶ
2247 1005 2650 1106 πεπάτηκεν
2692 1005 2890 1088 εὐθὺς
2937 1011 3052 1083 τοῦ

689 1135 998 1216 θανάτου
1050 1131 1137 1215 τὸ
1192 1132 1471 1237 κράτος.
1548 1133 1800 1211 οὐκοῦν
1844 1131 1885 1209 ὁ
1932 1127 2172 1234 βραχὺ
2224 1130 2393 1231 παρ’
2434 1129 2787 1230 ἀγγέλους
2841 1130 3107 1228 ἠλατ·5

687 1265 970 1340 τῶσθαι
1029 1256 1439 1360 λεγόμενος,
1495 1253 1708 1338 αὐτός
1765 1256 1965 1333 ἐστιν
2020 1256 2061 1332 ὁ
2116 1255 2194 1331 ἐκ
2251 1257 2441 1333 Θεοῦ
2489 1251 2752 1355 Λόγος,
2800 1253 2923 1331 οὐκ
2972 1257 3056 1333 εἷς

688 1381 872 1463 ἰδίαν
910 1383 1136 1489 φύσιν
1172 1380 1426 1461 παθὼν
1461 1377 1592 1478 τὴν
1630 1377 2059 1457 ἐλάττωσιν·
2120 1379 2228 1455 ἀεὶ
2275 1375 2420 1480 γάρ
2463 1379 2666 1456 ἐστιν
2704 1376 2911 1461 αὐτὸς
2957 1380 3060 1454 καὶ

688 1505 1032 1589 ὡσαύτως
1066 1505 1268 1610 ἔχων,
1308 1501 1658 1605 ἄτρεπτός
1706 1535 1784 1579 τε
1831 1502 1950 1580 καὶ
1993 1500 2500 1598 ἀναλλοίωτος,
2539 1498 3062 1601 ὑπομεμενηκὼς

687 1629 763 1709 δὲ
828 1632 945 1708 καὶ
1010 1637 1219 1708 τοῦτο
1285 1629 1370 1707 δι’
1438 1627 1623 1724 ἡμᾶς
1688 1626 2170 1726 ἀνθρωπίνως·
2241 1624 2586 1729 ἠνέσχετο
2648 1624 2796 1727 γὰρ
2860 1624 3063 1704 καίτοι

686 1752 874 1837 Θεὸς
912 1750 1015 1832 ὧν
1053 1752 1271 1858 φύσει
1307 1755 1451 1831 τῶν
1489 1753 1614 1847 τῆς
1661 1745 2209 1851 ἀνθρωπότητος
2251 1746 2527 1849 μέτρων
2565 1747 2685 1827 διὰ
2720 1747 2852 1848 τὴν
2888 1753 3058 1828 οἶκο·
3090 1776 3147 1817 10

684 1879 960 1976 νομίαν·
1046 1880 1163 1955 καὶ
1217 1873 1430 1954 τοῦτό
1484 1874 1643 1952 ἐστι
1699 1880 1827 1952 τοῦ
1879 1873 2031 1951 κατ’
2091 1870 2307 1950 αὐτὸν
2361 1874 2766 1973 μυστηρίου
2828 1870 2911 1951 τὸ
2969 1870 3066 1949 ὅτι

684 1999 1011 2099 μάλιστα
1048 1997 1534 2100 θαυμάζεσθαι
1569 1994 1870 2099 πρέπον.
1953 1996 2138 2075 οὕτω
2183 1997 2299 2075 καὶ
2336 1997 2378 2074 ὃ
2414 1995 2801 2101 προφήτης
2839 1997 3067 2096 ἔλεγεν

684 2122 1119 2222 Ἀμβακούμ
1157 2132 1199 2169 “
1231 2119 1452 2221 Κύριε
1489 2117 1877 2218 εἶσακήκοα
1913 2117 2047 2217 τὴν
2082 2118 2301 2216 ἀκοήν
2339 2153 2483 2199 σου
2524 2123 2640 2199 καὶ
2680 2118 3062 2225 ἐφοβήθην,

686 2257 730 2294 “
758 2246 1160 2345 κατενόησα
1188 2244 1278 2323 τὰ
1304 2243 1480 2345 ἔργα
1508 2276 1650 2322 σου
1678 2245 1795 2321 καὶ
1821 2240 2195 2348 {gorm-’⁹
2245 2242 2590 2326 ἔκστασις
2618 2243 2767 2346 γὰρ
2797 2248 3067 2343 ἀληθῶς

684 2372 803 2448 καὶ
867 2377 999 2448 τοῦ
1060 2364 1331 2450 παντὸς
1387 2365 1708 2446 ἐπέκεινα
1763 2366 2125 2464 θαύματος
2177 2364 2260 2445 τὸ
2324 2366 2831 2469 γεγενημένον.
2911 2366 3065 2446 ἀλλ’
3096 2389 3148 2446 15

683 2494 812 2571 οὐκ
869 2489 995 2571 οἶδ’
1038 2492 1230 2574 ὅπως
1285 2488 1370 2569 τὸ
1426 2488 1533 2569 ἐπ’
1574 2488 1750 2568 αὐτὸ
1805 2487 2205 2593 μυστήριον
2253 2491 2336 2568 οὐ
2392 2489 2804 2589 νενοηκότες
2858 2493 3068 2594 ὀρθῶς

681 2616 1159 2718 κενολογοῦσί
1209 2649 1392 2698 τινες
1448 2617 1564 2694 καὶ
1620 2612 1708 2714 δὴ
1766 2615 1881 2692 καὶ
1937 2614 2359 2717 γεγράφασι
2411 2613 2504 2694 τὰ
2559 2617 2637 2694 ἐν
2693 2622 2800 2723 τῷ
2854 2616 3070 2722 ὀγδόῳ

679 2744 964 2847 ψαλμῷ
1034 2737 1504 2843 διερμηνεύειν
1576 2736 1947 2821 ἐθέλοντες
2024 2797 2068 2834 ,,
2100 2742 2496 2835 Σκοπῶμεν
2562 2741 2809 2820 τοίνυν
2879 2740 2981 2824 τίς
3037 2741 3072 2817 ὁ

679 2924 725 2962 ,,
752 2862 1128 2967 ἅνθρωπος
1150 2866 1312 2964 περὶ
1340 2861 1422 2942 οῦ
1455 2859 1927 2959 ἐκπλήττεται
1965 2865 2080 2939 καὶ
2119 2858 2452 2962 θαυμάζει
2492 2861 2602 2941 ὅτι
2638 2863 2730 2964 δὴ
2770 2866 2811 2943 ὁ
2844 2870 3074 2944 Μονο-

679 3049 725 3086 ,,
752 2985 965 3088 γενὴς
1003 2986 1449 3092 κατηξίωσεν
1479 2986 1698 3064 αὐτοῦ
1733 2986 2151 3084 μνησθῆναί
2171 3019 2247 3063 τε
2279 2990 2391 3065 καὶ
2429 2985 2840 3086 ἐπισκοπὴν
2874 2985 3065 3086 ποιή-
3096 3023 3154 3061 20

679 3172 724 3209 ‚,
754 3110 1107 3191 σασθαι·”
1187 3108 1339 3188 εἶτα
1381 3109 1657 3192 τούτοις
1709 3107 1955 3210 ἐπάγει
2007 3110 2123 3187 καὶ
2179 3108 2383 3206 μάλα
2438 3112 2759 3213 ἐναργῶς
2813 3116 2908 3196 ὡς
2962 3113 3075 3192 οὐκ

679 3295 725 3333 ,,
754 3234 1023 3337 εἴρηται
1073 3230 1202 3331 μὲν
1249 3235 1365 3313 ἐπὶ
1414 3230 1687 3316 παντὸς
1736 3231 2120 3336 ἀνθρώπου
2168 3233 2253 3312 τό
2312 3236 2416 3313 Τι’
2458 3236 2662 3314 ἐστιν
2712 3237 3074 3341 ἅνθρωπος

679 3417 722 3456 ,,
753 3356 863 3437 ὅτι
897 3356 1267 3463 μιμνήσκῃ
1297 3357 1514 3435 αὐτοῦ
1551 3354 1596 3456 ἢ
1638 3354 1782 3439 υἱὸς
1819 3356 2202 3460 ἀνθρώπου
2241 3357 2352 3437 ὅτι
2386 3359 2788 3466 ἐπισκέπτῃ
2826 3359 3067 3454 αὑτόν;

680 3542 725 3579 ,,
753 3479 955 3560 ἀλλὰ
1010 3482 1170 3583 περὶ
1237 3478 1460 3577 μόνου
1515 3487 1646 3558 τοῦ
1702 3481 1949 3559 Υὶοῦ·”
2035 3487 2416 3582 πειρῶνται
2470 3481 2546 3561 δὲ
2600 3483 2770 3567 τοὺς
2826 3488 3074 3564 ἑαυτῶν

680 3604 945 3707 λόγους
1015 3605 1363 3702 ἐμπεδοῦν
1436 3607 1533 3685 εἷς
1607 3600 1953 3701 ἀλήθειαν
2017 3612 2484 3705 περιενεγκεῖν
2559 3606 2895 3707 λε’γοντες
2958 3604 3070 3685 τὸν
3095 3627 3151 3684 25

679 3728 1030 3832 μακάριον
1069 3732 1372 3806 Παῦλον
1408 3729 1504 3810 εἷς
1542 3724 1626 3806 τὸ
1664 3727 1919 3806 ἑαυτοῦ
1966 3725 2366 3830 πρόσωπον
2405 3727 2496 3806 τὰ
2530 3731 2605 3807 ἐν
2640 3734 2746 3836 τῷ
2785 3732 3071 3837 ψαλμῷ,

679 3918 934 3973 πέπονθεν
956 3918 1108 3973 αὐτὸς
1132 3916 1203 3972 εἷς
1225 3917 1286 3969 τὸ
1319 3916 1507 3970 οἶκεῖον
1533 3921 1686 3986 σῶμα
1720 3917 2038 3987 πειρασθεὶς,
2063 3918 2450 3990 προθυμότερον
2471 3918 2725 3989 βοηθήσει
2761 3924 2874 3978 τοῖς
2909 3941 3069 3989 πειρα·

681 3989 927 4057 (opimae,
965 3994 1224 4058 tanquam
1268 3985 1327 4040 S.
1354 3986 1560 4057 cyrilli,
1600 3987 1799 4042 codicis
1842 3988 1927 4041 sui
1965 4006 2014 4043 a.
2059 3990 2374 4044 auctoritate
2411 3990 2576 4044 fretus
2615 3990 2834 4045 exhibet
2873 3993 3069 4050 Maium

680 4068 935 4129 tanquam
972 4069 1152 4111 autem
1189 4057 1368 4121 dubia,
1393 4059 1448 4112 in
1474 4067 1601 4111 nota
1624 4057 1842 4111 exhibui
1868 4059 1997 4127 ipse.
2072 4059 2153 4112 Ea
2177 4071 2431 4132 tanquam
2462 4061 2520 4115 S.
2538 4061 2913 4131 chrysostomi
2938 4059 3069 4114 exbi-

681 4128 799 4181 buit
816 4126 951 4181 Cod.
966 4127 1022 4181 b.
1042 4146 1150 4181 non
1173 4137 1301 4181 sunt
1326 4137 1388 4181 ut
1409 4127 1517 4182 vid.
1539 4127 1605 4181 ad
1632 4130 1753 4194 loc„
1779 4128 1988 4183 diversa
2011 4139 2188 4184 tamen
2215 4149 2289 4185 aa.
2315 4141 2525 4201 patrum
2552 4149 2712 4200 opera
2734 4133 2934 4202 passim
2959 4131 3070 4185 citat

681 4197 737 4251 Ν
740 4198 927 4251 iketas.
1002 4197 1131 4251 Post
1155 4198 1284 4251 haec
1310 4197 1470 4252 verba
1497 4198 1554 4252 S.
1576 4198 1763 4269 Cyrilli
1775 4195 2153 4266 Ἀθρει-τοὺς
2174 4200 2537 4271 ἁγιαζομένους
2562 4202 2685 4273 (Cr.
2700 4219 2826 4271 430.
2849 4216 3065 4272 32—431.

682 4267 741 4335 5)
776 4266 992 4321 exhibet
1018 4268 1197 4321 Maius
1223 4286 1357 4338 quae
1381 4286 1505 4322 cum
1531 4268 1596 4322 ad
1624 4278 1854 4323 tractum
1883 4269 1967 4323 De
1996 4269 2058 4324 R.
2085 4270 2190 4324 fide
2220 4287 2318 4342 135
2346 4272 2437 4327 fin.
2463 4273 2562 4342 136
2588 4273 2887 4342 pertineant
2909 4268 3069 4326 omisi.

683 4338 935 4409 Sequitur
958 4337 1014 4391 in
1043 4339 1190 4392 Maio
1213 4338 1380 4391 Ἀλλὰ
1414 4339 1750 4409 γὰρ-λόγος
1784 4357 1815 4394 e
1849 4339 2069 4396 homilia
2091 4341 2439 4413 desumptum
2465 4343 2584 4398 vide
2606 4343 2775 4397 infra:
2812 4343 3065 4413 fragmen-

678 4419 796 4462 tum
822 4418 874 4462 et
898 4426 1125 4492 seqqens
1150 4409 1340 4480 partim
1367 4426 1433 4462 ex
1459 4408 1698 4463 homilia.
2038 4429 2086 4466 1.
2126 4430 2155 4466 ε
2178 4430 2226 4466 ο.
2250 4413 2345 4467 fol.
2374 4429 2470 4483 251
2503 4431 2554 4468 v.
2580 4414 2674 4486 qui
2698 4416 2727 4468 ὀ
2742 4413 2994 4502 μακάριος
3015 4410 3064 4463 δὲ

681 4477 943 4565 Κῦριλλος
965 4501 1037 4550 τῳ
1061 4480 1290 4549 μακαρίῳ
1315 4476 1522 4546 Ἰωάννῃ
1547 4479 1910 4562 ἀκολουθήσας
1940 4482 2076 4550 κατὰ,
2090 4484 2152 4535 τό
2174 4482 2354 4540 Ὅπως
2377 4485 2549 4553 χάριτι
2575 4487 2713 4538 Θεοῦ
2735 4485 2865 4552 νπὲρ
2887 4482 3065 4538 παντὸς

676 4570 926 4617 γευσηται
953 4550 1191 4610 θανάτου,
1217 4549 1355 4616 φησὶ
1382 4559 1690 4619 praemunt.
1908 4569 1961 4621 9.
2000 4549 2232 4623 ἠνείχετο
2259 4553 2483 4624 (errore)
2511 4553 2600 4610 Cr.
