3269 5166
526 287 646 343 646

606 467 762 525 Deus
796 471 910 526 146
934 469 971 525 b
1029 487 1126 544 per
1157 468 1432 544 Spiritum
1472 469 1547 525 ad
1573 487 1681 525 nos

606 565 740 622 data
788 570 902 623 147
935 588 967 621 a
1037 566 1285 624 motibus
1326 566 1486 624 venti
1521 577 1678 623 tran·

607 664 954 738 quillissimis
982 674 1309 741 comparata
1343 668 1455 723 148
1486 684 1536 721 c.

530 760 779 836 Regibus
808 762 900 837 qui
926 762 1214 837 quondam
1241 763 1501 820 honorati
1524 769 1678 827 sunt.

606 859 810 917 deinde
919 859 1173 917 facinora
1270 871 1679 936 perpetrantes,

606 956 642 1013 ii
674 956 986 1015 honoribus
1028 959 1188 1034 prius
1229 959 1436 1024 exutis,
1465 977 1680 1034 poenas

603 1054 770 1112 luunt
803 1058 920 1114 868
953 1075 1007 1113 a.

523 1153 966 1229 Reprehendere
1054 1174 1155 1213 eos
1235 1157 1328 1231 qui
1419 1173 1678 1212 moerore

603 1272 818 1328 magno
860 1254 1049 1312 affecti
1076 1264 1229 1321 sunt,
1261 1274 1376 1312 non
1406 1255 1679 1313 debemus

605 1355 725 1410 683
758 1371 808 1409 a.

523 1448 917 1525 Reprehensio
945 1451 1293 1526 sapientibus
1322 1451 1528 1517 suavis,
1559 1470 1678 1508 ma-

602 1547 674 1605 lis
704 1558 896 1605 autem
924 1549 1126 1606 acerba
1155 1551 1272 1607 628
1303 1567 1354 1612 e,
1387 1552 1507 1607 629
1537 1568 1586 1607 a.

523 1645 845 1720 Resurgere
888 1664 1017 1703 cum
1059 1645 1309 1714 Christo,
1353 1646 1446 1721 pie
1486 1647 1676 1704 vivere

602 1743 670 1798 M
706 1746 801 1801 11.

522 1840 895 1915 Resurgimus
924 1861 1053 1899 cum
1082 1842 1414 1916 corporibus
1442 1843 1675 1911 nostris,

603 1956 719 1995 non
782 1938 944 1996 novis
1002 1939 1338 2015 quibusdam
1396 1941 1674 2016 seriisque

603 2035 667 2092 Μ
702 2040 780 2095 30
809 2036 955 2104 init..
991 2037 1053 2094 M
1085 2041 1163 2096 97
1193 2040 1309 2114 [pp.
1337 2043 1474 2104 350,
1500 2041 1672 2113 351].

522 2132 854 2210 Resurgunt
900 2136 1062 2212 primi
1101 2137 1309 2193 mortui
1341 2137 1671 2202 Christiani.

600 2233 804 2290 deinde
833 2233 872 2289 ii
900 2234 998 2308 qui
1026 2243 1158 2291 ante
1189 2235 1483 2292 Christum
1511 2235 1670 2293 vixe-

602 2340 738 2388 runt
769 2330 831 2387 M
864 2334 941 2389 '75
976 2333 1055 2404 [p.
1083 2334 1202 2390 305
1233 2332 1385 2410 inin]

519 2425 886 2485 Resurrectio
943 2428 1206 2485 univensa
1267 2434 1379 2490 173
1423 2450 1473 2497 e,
1534 2432 1668 2495 174,

603 2529 721 2585 236
761 2525 872 2593 de,
923 2531 1061 2592 435,
1114 2531 1234 2587 573
1278 2548 1310 2588 c
1339 2529 1395 2596 d,
1453 2532 1572 2589 645
1616 2548 1667 2596 c,

601 2627 718 2682 827
743 2624 831 2682 ab
850 2644 899 2690 c,
930 2625 998 2682 M
1020 2629 1096 2685 56
1130 2623 1207 2706 [p.
1230 2624 1394 2707 266],
1423 2633 1497 2686 77
1523 2629 1667 2694 init..

599 2726 672 2781 81
750 2720 983 2789 Christi,
1027 2726 1280 2783 omnium
1330 2727 1670 2783 resurrectio

598 2840 700 2896 per
729 2821 997 2879 unionem
1026 2833 1261 2882 naturae
1294 2823 1668 2882 arctissimam

598 2923 719 2978 354
749 2919 807 2984 d.
841 2924 959 2978 745
990 2921 1028 2977 d
1083 2922 1310 2980 virtutis
1345 2921 1519 2979 virilis
1559 2923 1666 2979 ini·

596 3017 739 3075 tium
772 3022 889 3077 756
913 3038 945 3076 e
1002 3019 1363 3078 Resurrectio
1393 3021 1464 3077 ad
1491 3021 1669 3078 vitam

598 3116 737 3182 sola,
769 3117 886 3174 vita
915 3121 1033 3176 354
1063 3136 1112 3184 e,
1145 3123 1281 3184 355,
1314 3121 1432 3176 645
1462 3137 1512 3183 e,
1545 3121 1665 3177 654

597 3213 652 3279 b.
673 3217 790 3274 666
813 3235 864 3281 a,
886 3218 1004 3274 682
1024 3216 1121 3281 bc,
1143 3220 1260 3274 827
1282 3217 1318 3274 b
1347 3225 1588 3274 mortem
1605 3217 1664 3273 in

597 3331 767 3370 carne
805 3332 920 3370 non
958 3314 1293 3371 contradicit
1320 3317 1438 3373 682
1460 3314 1538 3371 de
1593 3314 1667 3372 ad

598 3419 842 3469 mortem
866 3421 1048 3470 morte
1070 3413 1241 3487 longe
1263 3415 1423 3488 pejor
1445 3417 1564 3472 827
1585 3432 1639 3470 a.

517 3508 967 3566 Resurrectionis
997 3519 1161 3587 porta
1188 3510 1450 3568 Christus
1474 3514 1591 3570 402
1612 3530 1665 3578 e,

604 3608 759 3664 1069
789 3607 825 3663 b
846 3627 878 3664 c
898 3607 952 3664 d.

452 3729 458 3734 ·
515 3702 882 3761 Resurrectio
959 3703 1173 3764 Christi
1267 3706 1390 3763 sola
1469 3713 1668 3763 nostra

602 3821 732 3876 spes
767 3804 916 3860 1091
952 3803 1060 3871 bc,
1097 3808 1250 3862 1103
1281 3822 1313 3860 c
1368 3823 1471 3879 pro
1501 3804 1666 3861 nobis

600 3904 754 3960 1097
799 3901 836 3958 d
928 3901 1382 3960 Resurrectionis
1437 3910 1665 3959 nostrae

593 3999 807 4075 pignus
841 4002 995 4058 1103
1027 4001 1080 4066 b,
1113 4000 1176 4057 M
1211 4004 1307 4063 71,
1341 4004 1435 4071 72,
1468 4005 1563 4059 74.

511 4097 966 4158 Resurrectionis
997 4098 1537 4155 demonstrationem
1563 4116 1664 4154 no-

594 4195 680 4252 bis
710 4195 844 4251 dare
871 4196 1195 4269 properavit
1215 4193 1477 4253 Christus
1506 4198 1657 4254 1091

592 4313 646 4360 e,
682 4296 836 4350 1092
856 4311 890 4348 a
937 4292 1451 4350 demonstrationes
1479 4292 1663 4349 varias

590 4391 692 4448 dat
725 4392 879 4447 1108
912 4389 1022 4452 de,
1051 4389 1123 4446 cf.
1154 4392 1324 4448 1110.

509 4486 876 4550 Resurrectio
909 4486 1102 4543 Lazari
1132 4494 1191 4543 et
1216 4486 1390 4543 Jaerii
1419 4487 1566 4544 filiae
1600 4496 1662 4544 et

1333 285 1660 345 INDEX
1742 285 2110 343 RERUM.

2748 305 2939 344 nens

1863 468 2066 526 viduae
2092 468 2193 525 filii
2222 468 2676 526 Resurrectionis
2704 468 2937 527 univer·

1869 566 2002 623 salis
2029 576 2200 643 typus
2235 569 2389 624 1098
2418 567 2478 624 d.

1783 668 2276 726 Resurrectionem
2344 664 2581 733 Christi,
2665 676 2941 740 operatus

1861 775 1949 823 est
1970 764 2138 822 Pater
2165 764 2265 821 sed
2292 783 2395 838 per
2418 763 2624 820 Filium
2652 761 2720 819 M
2748 766 2776 820 1
2792 768 2819 822 1
2880 773 2941 821 et

1862 863 2138 938 Spiritum
2184 861 2461 919 Sanctum
2493 859 2558 917 M
2582 865 2659 920 27
2733 880 2937 936 opera-

1862 972 1954 1018 tus
1994 969 2083 1018 est
2111 959 2245 1035 Ipse
2284 959 2349 1016 M
2387 963 2501 1018 102
2529 961 2628 1017 fin.
2673 968 2733 1016 et
2768 960 2941 1017 Pater

1861 1067 1920 1117 et
1950 1058 2125 1116 Filius
2152 1058 2225 1114 iii.
2260 1061 2396 1124 442,
2439 1057 2510 1115 cf.
2544 1058 2619 1116 iii.
2650 1061 2771 1117 380
2812 1058 2935 1116 init.

1862 1156 2026 1214 nobis
2054 1157 2154 1213 dat
2179 1154 2445 1213 Christus
2473 1156 2539 1212 M
2565 1159 2639 1213 91
2666 1156 2793 1216 init.

1782 1253 2145 1312 Resurrectio
2187 1253 2259 1310 ad
2298 1272 2602 1328 corporum
2630 1254 2939 1328 perfectio·

1860 1371 2013 1417 nem,
2042 1351 2265 1408 etiamsi
2291 1349 2603 1408 vulnerum
2631 1360 2804 1426 typos
2834 1372 2938 1426 pro

1861 1449 2024 1507 nobis
2062 1449 2295 1507 retinuit
2324 1448 2592 1506 Christus
2627 1453 2787 1508 1105
2818 1450 2939 1506 d—

1866 1551 2019 1607 1107
2050 1547 2087 1603 b
2143 1557 2342 1604 nostra
2368 1547 2441 1603 ad
2469 1545 2717 1622 gloriam
2746 1548 2815 1604 M
2839 1551 2937 1606 81.

1781 1649 1817 1677 “
1839 1646 2201 1703 Resurrectio
2222 1645 2410 1702 carnis
2430 1644 2465 1667 ’'
2492 1645 2554 1701 in
2576 1645 2939 1703 confessione

1859 1743 2008 1809 fidei,
2038 1742 2361 1817 professum
2390 1746 2468 1801 80
2497 1742 2553 1807 d,
2583 1743 2658 1800 cf.
2689 1746 2813 1802 682
2844 1762 2895 1801 e.

1779 1845 1813 1873 “
1836 1842 1954 1898 Ros
1970 1843 2004 1863 ''
2035 1841 2143 1898 Dei
2171 1840 2426 1916 operatio
2452 1840 2751 1898 vivificans
2768 1841 2835 1898 M
2860 1846 2936 1901 75

1862 1942 1944 2015 [p.
1971 1939 2136 2011 307].

2332 2101 2375 2160 S

1778 2234 2053 2291 Sssmro
2081 2246 2315 2292 sanatus
2334 2235 2470 2309 quid
2503 2234 2722 2293 indicat
2751 2240 2872 2294 209
2900 2255 2937 2293 a

1857 2332 1914 2388 in
1961 2334 2199 2390 sabbato
2243 2333 2520 2389 mundum
2569 2352 2776 2391 curare
2817 2352 2931 2390 non

1855 2430 2063 2488 desinit
2109 2431 2266 2489 Dens
2310 2434 2429 2489 213
2459 2431 2516 2496 b,
2561 2434 2682 2489 215
2714 2432 2805 2489 cd
2873 2432 2935 2488 in

1857 2528 2096 2587 sabbato
2166 2530 2465 2588 miseretur
2534 2529 2692 2588 Deus
2762 2527 2937 2587 Pater

1858 2631 1972 2687 221
2016 2628 2131 2694 bc,
2186 2628 2257 2688 cf.
2304 2630 2422 2687 605
2452 2627 2490 2685 d
2573 2628 2634 2684 in
2692 2628 2934 2686 sabbato

1855 2744 2081 2792 sanans,
2113 2725 2267 2783 Patri
2296 2745 2411 2782 non
2440 2735 2729 2801 repugnat
2756 2726 2935 2784 Filius

1858 2827 1976 2883 222
2006 2824 2111 2897 ab,
2141 2827 2261 2882 419
2290 2824 2347 2888 d,
2378 2827 2499 2882 420
2528 2843 2581 2889 a,
2613 2827 2730 2882 521
2765 2825 2806 2881 d
2873 2826 2933 2882 in

1854 2921 2093 2980 sabbato
2103 2941 2323 2993 sanare,
2342 2921 2658 2996 “judicium
2669 2924 2933 2997 justum'’

1857 3023 1971 3077 241
2006 3021 2109 3079 bc.

1773 3116 2089 3176 Sabbatum
2112 3120 2184 3175 21
2199 3121 2226 3175 1
2249 3136 2281 3174 c
2335 3118 2661 3175 institutum
2692 3119 2764 3176 ad
2786 3128 2933 3177 tem-

1851 3235 1958 3290 pus
1998 3216 2057 3271 in
2091 3214 2271 3273 Josue
2311 3217 2762 3291 praefiguratum
2808 3222 2928 3277 212

1852 3333 1887 3371 a
1941 3323 2176 3388 peccato
2230 3313 2493 3381 cessatio,
2539 3314 2611 3370 ab
2659 3315 2931 3390 operibus

1852 3411 1961 3486 piis
1990 3430 2104 3468 non
2138 3415 2257 3470 439
2287 3429 2335 3468 c.

1771 3508 2022 3567 Sabbato
2065 3528 2167 3566 cur
2208 3527 2381 3584 panes
2424 3527 2618 3566 coram
2655 3510 2781 3567 Deo
2824 3512 2931 3567 snb

1850 3607 1981 3683 lege
2035 3606 2203 3681 positi
2253 3611 2371 3665 357
2412 3625 2444 3663 c
2513 3607 2933 3665 circumcisioni

1852 3705 2005 3762 cedit
2033 3708 2152 3763 419
2183 3724 2265 3762 ce
2323 3705 2409 3761 De
2438 3703 2694 3762 Sabbato
2725 3705 2928 3764 Domi-

1851 3822 1987 3860 num
2021 3802 2265 3877 culpare,
2294 3800 2501 3859 Mosen
2531 3822 2650 3860 non
2678 3803 2929 3878 culpare,

1852 3919 2220 3975 personarum
2252 3900 2503 3974 acceptio
2533 3903 2649 3958 421
2684 3901 2723 3957 d
2743 3920 2778 3958 e
2835 3902 2928 3977 qui

1852 3997 2072 4074 Legem
2115 4016 2284 4074 saepe
2325 4000 2673 4073 transgressi
2715 4000 2788 4057 de
2820 4019 2931 4057 una

1851 4095 2302 4170 transgressione
2344 4095 2653 4154 Dominum
2696 4098 2931 4174 culpant

1853 4197 1971 4252 422
1996 4213 2045 4250 a.

1772 4289 2088 4349 Sabbatum
2132 4290 2367 4364 Requiei
2415 4301 2685 4348 aeternae
2733 4303 2928 4370 typus,

1853 4389 1999 4448 sicut
2036 4388 2142 4445 Dei
2178 4388 2388 4462 requiei
2431 4392 2768 4448 memoriale
2809 4397 2926 4451 424

1853 4486 1960 4552 ab,
1995 4489 2133 4551 426,
2164 4487 2281 4544 428
2310 4486 2348 4542 d
2402 4487 2476 4543 ad
2507 4508 2676 4562 quam
2708 4499 2927 4565 spectat
