3269 5166
639 343 767 406 176
971 341 1050 405 Β.
1090 339 1474 405 CYRILLI
1529 337 2062 405 ALEXANDR.
2121 336 2691 403 FRAGMENTA
2770 335 3041 423 i1i.3,4.

295 435 567 569 Igfighgmi
633 539 880 605 ματος,
929 501 1092 586 τότε
1153 504 1242 606 δὴ
1299 504 1459 585 τότε
1520 508 1637 584 καὶ
1696 502 2240 604 ἀνεπιπλήκτως
2300 501 2539 608 φαμέν
2611 511 2654 548 “
2678 497 2940 596 Ἀββὰ
3001 500 3043 578 5

298 597 379 648 ¹⁵
636 639 681 677 ‘⁶
715 627 1021 729 πατήρ·”
1079 630 1334 709 οὐκοῦν
1373 632 1468 713 ὡς
1507 628 1765 713 εἰκόνες
1802 626 1984 731 πρὸς
2019 628 2442 733 ἀρχετυπον,
2464 628 2649 707 οὕτω
2687 627 2805 704 καὶ
2844 624 3042 723 ἡμεῖς

635 757 703 831 οἱ
738 751 922 831 κατὰ
958 751 1163 832 θέσιν
1196 756 1329 834 υἱοὶ
1364 751 1544 857 πρὸς
1581 750 1710 833 τὸν
1748 752 1966 857 φύσει
2004 786 2079 831 τε
2128 755 2244 831 καὶ
2283 747 2557 857 δυνάμει
2594 752 2708 828 καὶ
2748 751 3046 847 ἀληθῶς

632 877 712 956 ἐκ
750 873 1045 979 Πατρὸς
1078 875 1702 982 μεμαρτυρημένον
1739 883 1834 959 εἰς
1871 884 2106 955 τοῦτο.

534 1131 611 1172 ²0
1052 1118 1141 1185 ‘H
1196 1143 1267 1185 τε
1322 1114 1535 1186 ἀΐδιος
1590 1121 1790 1185 αὐτοῦ
1841 1119 2109 1196 δύναμις
2166 1119 2273 1183 καὶ
2325 1116 2608 1184 θειότης.
3072 1143 3106 1202 5

749 1294 923 1376 Πῶς
981 1291 1055 1372 δὲ
1112 1292 1537 1395 γινώσκεται
1593 1292 1712 1373 διὰ
1767 1297 1893 1392 τῆς
1949 1290 2406 1393 δημιουργίας
2464 1294 2498 1384 ἦ
2556 1282 2772 1373 danicos·
2837 1287 3045 1366 αὑτοῦ

634 1407 956 1520 δύναμις·
939 1477 957 1511 ,
1019 1415 1129 1497 ὅτι
1181 1419 1512 1521 φθαρτὴν
1560 1413 1872 1523 ἐχόντων
1909 1414 2041 1515 τὴν
2081 1416 2308 1520 φύσιν
2354 1419 2499 1493 τῶν
2554 1408 3043 1513 παρηγμένων

632 1541 731 1623 εἰς
785 1538 1072 1640 γε’νεσιν
1127 1574 1241 1620 και
1300 1541 1754 1641 κεκλημένων
1801 1543 1877 1619 ἐν
1934 1539 2171 1647 χρόνῳ
2226 1535 2408 1639 πρὸς
2457 1532 2880 1642 ὕπαρξιν,”
2830 1567 3042 1612 εσται

632 1694 777 1740 που
840 1660 1127 1747 πάντως
1196 1666 1235 1742 5
1301 1664 1575 1744 τούτων
1651 1660 2082 1765 δημιουργὸς
2157 1663 2526 1815 ἄφθαρτος
2600 1663 2718 1738 καὶ
2791 1652 3037 1743 wadios·

632 1784 887 1864 οὐκοῦν
921 1786 1251 1883 οὐδεμίαν
1286 1789 1720 1890 εὑρήσουσιν
1758 1788 2160 1890 ἀπολογίαν
2197 1790 2272 1866 ἐν
2308 1785 2536 1892 ἡμέρα
2571 1781 2896 1885 κρίσεως.
3073 1816 3146 1856 10

296 2010 557 2093 &4³4³-
782 2024 895 2090 mc·
955 2026 992 2090 ἡ
1048 2026 1313 2093 ἀπιστία
1368 2029 1584 2095 αὐτῶν
1639 2029 1759 2095 τήν
1815 2028 2024 2096 πίστιν
2078 2033 2192 2095 τοῦ
2248 2029 2418 2094 Θεοῦ
2473 2026 2888 2116 καταρτήσῌς

295 2116 413 2174 324

738 2198 1223 2303 Ἐντιμότεροι
1296 2208 1441 2281 τῶν
1515 2202 1771 2282 ἄλλων
1829 2208 1896 2282 οἱ
1965 2203 2547 2306 προεγνωσμένοι
2620 2200 2738 2279 καὶ
2810 2194 3040 2294 νόμον

629 2320 977 2428 λαχόντες
1033 2324 1521 2426 παιδαγωγὸν,
1559 2328 1676 2405 καὶ
1729 2325 2160 2432 ὑποσχέσεις
2217 2325 2496 2430 ἔχοντες
2552 2323 2666 2404 ἐπὶ
2704 2325 3037 2427 Χριστῷ,

630 2450 748 2526 καὶ
813 2445 903 2546 δὴ
971 2450 1086 2528 καὶ
1160 2448 1642 2555 ἀπειληφότες
1714 2483 1830 2529 και
1903 2450 2466 2554 προκεκλημένοι
2539 2452 2684 2526 τῶν
2743 2443 3030 2523 ἄλλων·

292 2588 562 2716 ᾆξῗῡῑι·
630 2569 952 2677 ἔφασκεν
1023 2570 1169 2676 γάρ
1225 2573 1266 2653 5
1325 2570 1583 2677 Σωτήρ
1647 2585 1690 2622 “
1727 2575 1888 2654 Οὐκ
1942 2574 2368 2674 ἀπεστάλην
2423 2578 2483 2653 εἰ
2537 2569 2638 2671 μὴ
2691 2604 2878 2674 προς
2942 2567 3035 2649 τὰ
3071 2600 3146 2659 15

634 2693 1047 2799 “πρόβατα
1117 2696 1210 2777 τὰ
1267 2696 1711 2777 ἀπολωλότα
1777 2697 1970 2778 οἴκου
2032 2698 2411 2802 Ἰσραήλ·”
2508 2731 2623 2776 και
2694 2701 2843 2775 τῶν
2915 2690 3037 2773 διὰ

626 2819 944 2906 πίστεως
1018 2820 1650 2917 ἀνασεσωσμένων
1724 2821 2016 2926 ἀπαρχὴ
2090 2820 2489 2925 γεγονότες.
2593 2820 2677 2899 οὑ
2752 2818 2900 2920 γὰρ
2977 2817 3046 2896 εἴ

630 2978 812 3028 τινες
889 2947 967 3025 ἐκ
1047 2947 1622 3050 φρενοβλαβείας
1706 2955 1833 3027 τοῦ
1901 2947 2270 3026 πιστεύειν
2342 2946 2788 3040 ἀπώλισθον,
2862 2942 3038 3022 ταύ-

630 3101 860 3173 τῃτοι,
895 3072 1149 3174 φησιν,
1186 3068 1857 3175 ἀφαμαρτήσειεν*
1813 3106 1903 3151 αν
1940 3080 2067 3150 τοῦ
2104 3074 2222 3151 καὶ
2258 3068 2537 3169 ἀληθὴς
2578 3065 2754 3149 εἶναι
2793 3065 3026 3151 Θεός·
3006 3128 3028 3164 ,

438 3220 480 3273 2
509 3216 606 3275 H.
631 3193 883 3273 οὐκοῦν
900 3193 1265 3301 πέπομφε
1318 3228 1449 3292 μεν
1504 3193 1591 3301 ἐξ
1642 3195 1944 3298 οὑρανοῦ
1998 3192 2126 3274 τὸν
2160 3192 2341 3274 Υιὸν
2394 3195 2433 3273 5
2484 3191 2764 3295 Πατὴρ,
2809 3225 3028 3272 πεπι-
3069 3221 3152 3262 20

630 3314 983 3395 στεύκασι
1056 3315 1283 3418 γεμὴν
1355 3319 1438 3396 οὑ
1511 3316 1772 3401 πάντες
1838 3320 2055 3425 αὐτῷ·
2141 3315 2252 3421 αρ’
2312 3318 2438 3397 ουν
2501 3351 2612 3396 οτι
2688 3313 3047 3418 γεγόνασί

630 3471 813 3521 τινες
851 3441 1197 3541 ὑβρισταί
1243 3474 1322 3520 τε
1374 3442 1491 3519 καὶ
1527 3474 1846 3538 απιστοι,
1885 3442 2013 3520 οὑκ
2059 3441 2265 3521 ἔσται
2300 3443 2341 3521 5
2378 3439 2565 3523 Θεὸς
2600 3438 2878 3539 ἀληθὴς
2916 3437 3038 3519 διὰ

629 3570 894 3658 τοῦτ-ος
955 3565 1050 3667 μὴ
1105 3563 1372 3667 γίνοιτο·
1437 3563 1714 3666 γινέσθω
1765 3559 1836 3644 δὲ
1883 3574 1912 3646 ὁ
1953 3566 2125 3651 Θεὶς
2176 3563 2449 3662 ἀληθῆς,
2486 3567 2636 3649 πῖις
2675 3558 2747 3643 δὲ
2788 3559 3030 3668 ἅνθρω-

627 3723 761 3773 πος
800 3681 1110 3794 ψεύστης
1123 3717 1139 3734 ·
1201 3689 1357 3766 ἀντὶ
1393 3695 1522 3767 τοῦ
1573 3688 1878 3768 νοείσθω
1929 3723 2005 3768 τε
2058 3693 2173 3768 καὶ
2217 3690 2550 3791 λεγέσθω
2600 3687 2780 3789 πρὸς
2828 3686 3039 3785 ἡμῶν

627 3809 928 3910 ἀληθὴς,
968 3811 1455 3915 καθοριζέσθω
1511 3809 1587 3891 δὲ
1644 3811 1900 3915 ὥσπερ
1936 3814 2321 3915 ἀνθρώπου
2359 3810 2626 3896 παντὸς
2675 3817 2804 3890 τοῦ
2837 3812 3031 3911 ψεύ-
3068 3837 3153 3896 25

628 3934 795 4015 δους
852 3933 937 4013 τὸ
997 3934 1488 4037 κατηγόρημα.
1568 3935 1918 4039 ἄτρεπτος
1974 3934 2103 4035 μὲν
2161 3935 2305 4039 γὰρ
2364 3938 2479 4015 καὶ
2538 3934 3035 4020 ἀναλλοίωτος

627 4064 1001 4141 παντελῶς
1038 4058 1083 4158 ἡ
1119 4060 1271 4139 θεία
1309 4058 1532 4162 φύσις
1566 4060 1791 4139 ἐστίν·
1864 4060 2305 4139 σεσάλευται
2342 4058 2417 4139 δὲ
2455 4059 2621 4138 λίαν
2658 4059 2702 4157 ἡ
2740 4059 3025 4160 ἀνθρώ-

628 4212 773 4260 που
835 4178 1057 4283 φύσις
1116 4183 1234 4261 καὶ
1299 4180 1480 4263 ὅσον
1535 4182 1704 4283 ἧκεν
1766 4189 1863 4268 εἷς
1926 4183 2010 4263 τὸ
2065 4186 2428 4288 ἐγχωροῦν
2488 4185 2639 4267 mk
2700 4179 3033 4287 ἄνθρωπος

703 4359 756 4417 6.
789 4365 899 4418 πῶς
920 4361 1106 4433 incipit
1128 4369 1170 4416 t.
1244 4362 1620 4419 Praemittebat
1646 4363 1777 4420 Ἀπὸ
1816 4368 1986 4421 κοινοῦ
2022 4364 2298 4435 νοουμένου
2332 4366 2425 4419 τοῦ
2460 4363 2742 4436 καθορᾶται
2766 4363 2900 4419 Mai.
2974 4365 3034 4420 δι’

629 4440 684 4488 et
706 4431 792 4487 διὰ
815 4450 925 4488 om.
948 4442 988 4488 t.
1243 4446 1294 4504 7.
1331 4434 1412 4490 ὅτι
1433 4435 1847 4562 ἱοοὶρὶιέρτίοτα
1868 4435 2152 4527 omittens)
2179 4436 2246 4492 B.
2488 4435 2541 4490 8.
2576 4437 2707 4505 πρὸς
2587 4385 3036 4491 pmmememiavit

630 4503 746 4559 Mai
771 4503 982 4560 favente
1004 4508 1060 4560 et
1083 4512 1123 4560 t.
1146 4503 1240 4573 τὴν
1263 4503 1382 4560 Cat.
1392 4505 1518 4561 Vat.
1542 4513 1595 4560 et
1905 4525 1958 4578 9.
1993 4505 2159 4564 ἀΐδιος
2181 4505 2293 4562 dee.
2320 4515 2360 4562 t.
2598 4523 2681 4561 11.
2713 4505 3033 4579 mmpyu'pmc

630 4575 838 4648 Migne.
1110 4576 1197 4631 28.
1233 4574 1333 4647 εἷς]
1368 4582 1425 4641 -Ι-
1454 4598 1512 4632 τε
1537 4576 1701 4649 (=-=ut
1724 4577 1832 4633 vid.
1856 4581 1941 4650 γε)
1972 4577 2036 4633 Β.
