3269 5166
200 366 487 451 xviii.15.
593 366 709 431 IN
770 367 837 431 S.
885 365 1401 432 JOANNEM.
1492 364 1855 431 LIB.X1.
1946 365 2161 431 CAP.
2195 364 2357 430 XII.
2489 370 2578 434 29

197 529 415 611 εἰδότα
460 528 590 631 τὴν
640 530 1073 634 τριπόθητον
1129 529 1421 630 ὑγίειαν·
1494 531 1682 610 οὕτω
1739 534 1856 611 καὶ
1911 539 2057 616 τοῖς
2109 532 2477 616 Ἰουδαίοις·
2531 532 2573 610 5
2600 543 2643 609 b

198 653 447 757 Κύριος
488 653 945 760 δύσχρηστός
985 689 1094 740 τις
1129 652 1368 752 ἐδόκει,
1405 654 1633 734 καίτοι
1670 658 1798 754 τῆς
1832 657 2192 759 σωτηρίας
2231 654 2576 761 ὑπάρχων

190 778 544 879 πρύτανις.
610 782 695 860 οὐ
731 779 877 882 γὰρ
910 776 1000 879 ἦν
1035 780 1275 864 αὐτοῖς
1309 776 1394 857 τὸ
1429 776 1796 881 σώζεσθαι
1831 779 2076 884 φίλον.

292 904 772 984 Ἀπέστειλαν
825 902 903 982 δὲ
958 902 1177 984 αὐτὸν
1232 902 1600 1002 δεδεμένον
1654 903 1836 1009 πρὸς
1878 903 2224 1010 Καϊάφαν
2263 904 2392 985 τὸν
2435 906 2568 1007 ἀρ·-

129 1057 163 1118 5
185 1026 435 1130 χιερέα.
526 1022 593 1123 ἦν
653 1023 725 1108 δὲ
785 1029 1126 1134 Καϊάφας
1188 1037 1217 1108 ὁ
1274 1029 1808 1132 συμβουλεύσας
1871 1032 2009 1114 τοῖς
2071 1024 2414 1114 Ἰουδαίοις
2478 1028 2576 1109 ’ὅτι

184 1153 498 1259 συμφέρει
558 1150 671 1234 ἕνα
725 1151 1048 1261 ἄνθρωπον
1107 1149 1456 1233 ἀποθανεῖν
1511 1150 1673 1258 ὑπὲρ
1726 1155 1835 1233 τοῧ
1893 1156 2091 1236 λαοῧ.
2170 1152 2579 1255 τεθήρευται

180 1275 303 1373 μὲν
338 1278 463 1357 οὖν
501 1275 619 1357 διὰ
654 1281 782 1377 τῆς
811 1276 1025 1357 'Avus
1062 1275 1504 1380 δυστεχνίας,
1542 1278 1661 1355 καὶ
1709 1280 1837 1375 τῆς
1875 1277 2262 1380 ὑπουργίας
2299 1283 2445 1358 τῶν
2480 1284 2578 1362 εἶς

181 1409 384 1480 τοῦτο
438 1399 1023 1501 μεμισθωμένων,
1066 1397 1152 1480 τὸ
1208 1397 1397 1502 ἱερόν
1430 1432 1509 1480 τε
1564 1402 1682 1479 καὶ
1739 1396 1947 1500 ἅγιον
2001 1406 2213 1498 θῦμα,
2250 1399 2577 1483 τουτέστι

183 1523 518 1626 Χριστὸς,
558 1524 841 1628 ἀρκύων
877 1523 952 1605 δὲ
997 1525 1172 1605 εἴσω
1219 1521 1798 1623 κατειλημμένος,
1835 1525 1949 1603 ἐπὶ
1993 1522 2122 1604 τὸν
2156 1529 2283 1624 τῆς
2331 1527 2576 1606 ἀδίκου
2599 1564 2637 1608 ο

96 1688 162 1729 10
184 1654 474 1754 σφαγῆς
546 1648 800 1752 ἄγεται
869 1649 1240 1758 πρόξενον,
1306 1647 1464 1747 ἤτοι
1536 1646 1974 1751 καθηγητήν·
2083 1647 2426 1757 Καϊάφας
2500 1650 2577 1731 δὲ
2635 1656 2638 1663 ’

182 1771 376 1860 οὗτος
412 1772 525 1874 ἦν,
553 1774 787 1855 καίτοι
822 1782 911 1881 τῇ
945 1780 1075 1876 τῆς
1111 1773 1501 1877 ἱερωσύνης
1536 1773 2098 1872 κατεστεμμένος
2133 1775 2396 1880 χάριτι.
2458 1782 2576 1856 καὶ

181 1895 373 2006 λόγῳ
426 1897 563 1999 μὲν
610 1900 937 2006 φαίνεται
984 1897 1349 2006 κατάρξας
1402 1895 1615 1983 αὐτὸς
1652 1902 1779 1998 τῆς
1814 1900 2247 2006 μιαιφονίας,
2265 1900 2576 2005 ’ἀπαρχὴ

182 2019 254 2099 δὲ
307 2026 423 2103 καὶ
472 2025 700 2104 αὐτοῦ
756 2023 1014 2105 λοιπὸν
1066 2023 1290 2109 ἁλοὺς
1347 2031 1476 2104 τοῦ
1533 2019 2021 2123 τολμήματος.
2104 2022 2376 2128 δέχεται
2435 2024 2581 2128 γὰρ

184 2148 540 2247 δεδεμένον
595 2144 727 2229 τὸν
768 2148 1080 2249 Ἰησοῦν,
1125 2150 1242 2227 καὶ
1294 2144 1574 2251 καρπὸν
1628 2144 1880 2250 ὥσπερ
1934 2144 2096 2227 τινὰ
2148 2151 2275 2247 τῆς
2330 2150 2584 2229 ἑαυτοῦ

100 2306 163 2366 ¹5
186 2276 606 2374 συμβουλῆς
660 2273 777 2352 καὶ
824 2279 973 2353 τῶν
1028 2273 1343 2353 ἀνοσίων
1395 2271 1831 2372 σκεμμάτων
1879 2271 1919 2351 5
1971 2273 2278 2356 δείλαιος
2328 2271 2532 2372 ε’ποιή
2545 2318 2578 2335 ·

187 2426 361 2475 σατο
432 2393 521 2476 τὸ
596 2392 896 2479 πάντων
969 2396 1080 2477 ὅτι
1158 2395 1488 2495 μάλιστα
1557 2403 1705 2476 τῶν
1780 2401 2019 2477 κακῶν
2091 2398 2583 2477 ἀνοσιώτατον

186 2520 433 2621 δρᾶμα.
506 2522 588 2602 τί
643 2519 788 2626 γὰρ
837 2519 926 2603 ἂν
980 2520 1250 2626 γένοιτο
1307 2525 1435 2621 τῆς
1489 2523 1601 2603 ἐπὶ
1653 2524 1960 2629 Χριστῷ
2007 2523 2442 2617 δυσσεβείας
2495 2519 2581 2602 τὸ
2647 2582 2652 2594 .

190 2646 811 2752 δυσαχθέοτερον;

2612 2834 2656 2898 d

182 2911 565 2984 Ἠκολούθει
623 2916 699 2983 δὲ
755 2920 852 3002 τῷ
898 2919 1117 2985 Ἰησοῦ
1171 2918 1395 2996 Σίμων
1446 2919 1700 3009 Πέτρος
1754 2919 1862 2984 καὶ
1911 2919 1951 2986 ὀ
2004 2918 2212 2983 ἄλλος
2264 2917 2583 2993 μαθητής.
2619 2936 2694 2998 15

108 3119 173 3161 20
293 3088 932 3189 Κατεπτοημένων,
992 3093 1089 3176 ὡς
1145 3090 1492 3197 φαίνεται,
1549 3097 1697 3172 τῶν
1750 3089 2009 3191 ἑτέρων
2065 3093 2409 3189 μαθητῶν
2467 3089 2585 3166 καὶ

192 3208 309 3311 τὴν
348 3213 760 3317 παραυτίκα
819 3221 961 3294 τῶν
1015 3214 1404 3322 φονώντων
1459 3209 2108 3317 διαδιδρασκόντων
2163 3209 2407 3315 ὀργὴν,
2454 3214 2584 3310 τῆς

194 3338 278 3418 εἶς
310 3338 648 3441 Χριστὸν
685 3336 969 3439 ἀγάπης
1007 3341 1047 3418 5
1091 3335 1328 3448 Πέτρος
1371 3338 1706 3446 ἐξέχεται,
1746 3335 2190 3440 θερμοτέροις
2227 3337 2333 3415 ἀεὶ
2380 3334 2576 3437 κινή-

196 3490 361 3554 μασι
413 3462 599 3566 πρὸς
659 3470 872 3541 τοῦτο
933 3461 1243 3565 βαδίζων
1298 3465 1413 3543 καὶ
1467 3461 1985 3570 ῥιψοκινδύνως
2041 3458 2411 3558 ἀκολουθεῖ,
2468 3462 2586 3541 καὶ

197 3578 272 3660 τὸ
330 3592 471 3665 τῶν
522 3584 1038 3685 ἐκβησομένων
1095 3585 1664 3667 κατασκέπτεται
1728 3584 1968 3688 πέρας,
2028 3582 2455 3670 συνθέοντός
2510 3618 2587 3664 τε

114 3735 177 3797 25
200 3705 371 3815 αὐτῷ
423 3713 540 3790 καὶ
597 3707 723 3790 διὰ
777 3713 903 3808 τῆς
958 3710 1124 3808 ἴσης
1178 3710 1553 3808 εὐτολμίας
1611 3715 1709 3792 εἷς
1765 3710 2018 3804 ὁμοίαν
2074 3709 2588 3804 ἀναβαίνοντος

199 3827 333 3935 ἕξιν
374 3842 500 3915 τοῦ
535 3832 783 3936 ἑτέρου
828 3832 1161 3936 μαθητοῦ·
1241 3833 1576 3934 Ἰωάννης
1614 3832 1692 3914 δὲ
1737 3832 1940 3918 οὗτος
1983 3832 2092 3934 ἦν,
2133 3833 2173 3911 5
2211 3836 2415 3913 τοῦδε
2461 3840 2588 3913 τοῦ

203 3953 372 4035 θείου
435 3956 1018 4061 συγγράμματος
1092 3959 1439 4066 θεοφιλὴς
1502 3958 1726 4042 ὅντως
1791 3956 2238 4059 δημιουργός.
2336 3955 2588 4038 ἑαυτὸν

202 4074 329 4179 γὰρ
361 4077 540 4162 εἷναί
569 4092 767 4190 φησι
811 4081 941 4162 τὸν
976 4082 1215 4187 ἕτερον
1249 4081 1575 4189 μαθητὴν,
1613 4082 1936 4186 ὀνομάζει
1969 4080 2046 4162 δὲ
2084 4083 2212 4162 οὐκ
2247 4084 2586 4185 ε’ναργῶς,

206 4207 673 4303 φιλοκομπίας
738 4203 1111 4313 ὑπόληψιν
1166 4207 1751 4310 παραιτούμενος,
1808 4208 1924 4286 καὶ
1982 4205 2065 4287 τὸ
2122 4210 2353 4287 δοκεῖν
2408 4201 2587 4286 εἶναι

125 4352 189 4411 3ο
206 4329 335 4404 τῶν
365 4328 617 4413 ἄλλων
654 4334 732 4411 ε’ν
768 4330 1123 4432 ἀμείνοσι,
1165 4338 1311 4412 τῶν
1350 4330 1546 4413 ἰδίων
1593 4328 2107 4431 ἐνθυμημάτων
2144 4333 2241 4416 ὡς
2290 4331 2578 4434 ποῤῥω·
2612 4356 2930 4415 aloazA.

277 4631 321 4687 7·
356 4620 465 4696 τῆς]
498 4630 556 4692 -1-
584 4628 680 4681 τοῦ
704 4624 811 4683 Ed.
834 4626 1002 4682 invito
1028 4627 1093 4684 E.
1289 4628 1343 4683 8.
1376 4624 1769 4698 μεμισθωμένον
1793 4625 1858 4681 Ε.
2043 4640 2128 4697 19.
2163 4620 2422 4694 ἦκολούθη
2449 4620 2515 4678 Ε.
