3269 5166
656 350 785 412 222
876 347 953 410 Β.
993 346 1371 411 CYRILLI
1421 346 1953 411 ALEXANDR.
2004 346 2569 412 FRAGMENTA
2657 344 2781 410 viii.
2807 363 3020 431 31-34.

431 464 457 498 2
484 448 559 499 Μ.

318 448 376 588 S[
395 449 606 589 {matth}
654 524 698 558 ‘⁴
738 520 962 590 Δεῦτε
1018 546 1200 614 προς
1262 510 1352 611 μὲ
1405 511 1670 595 πάντες
1731 517 1796 591 οὶ
1854 519 2234 595 κοπιῶντες
2292 515 2408 591 καὶ
2469 507 3030 614 πεφορτισμένοι,

316 621 386 655 ¹¹⁶
412 606 489 655 ²⁸
655 648 699 684 ‘⁶
737 634 939 737 κάγω
987 637 1390 716 ἀναπαύσω
1440 639 1643 731 ὑμᾶς.
1646 638 1685 663 ”
1761 634 1915 716 ἰδοῦ
1953 636 2088 735 ἤδη
2126 634 2557 733 σύμπαντας·
2593 636 2828 714 ἐκαλει
2861 633 3025 734 πρὸς

651 758 926 839 ἑαυτόν·
1014 759 1423 862 ἀμοιρήσειε
1496 762 1564 840 δ’
1629 758 1721 839 ἂν
1795 760 2016 843 οὐδεὶς
2087 764 2215 858 τῆς
2289 762 2402 839 ἐπὶ
2475 765 2579 867 τῷ
2653 762 3025 857 κεκλῆσθαι

652 881 960 988 χάριτος·
1047 887 1122 964 ἐν
1191 885 1335 987 γὰρ
1397 887 1500 992 τῷ
1561 884 1838 969 πάντας
1904 889 2144 979 εἰπεῖν,
2215 880 2688 982 ἀπόπεμπτον
2751 888 3026 962 ποιεῖται

657 1013 1029 1093 παντελῶς
1086 1008 1357 1088 οὐδένα.
1762 1108 1768 1112 ⁸
3049 1029 3077 1087 5

421 1159 505 1214 33
535 1156 630 1212 Π.

553 1272 622 1328 31
656 1251 736 1316 Τί
791 1247 902 1318 οὖν
956 1252 1226 1340 ἐροῦμεν
1281 1251 1448 1340 πρὸς
1508 1258 1712 1318 ταῦτα
1742 1283 1760 1334 3
1841 1251 1894 1319 εἰ
1944 1252 1981 1320 ὁ
2039 1252 2207 1320 Θεὸς
2261 1252 2426 1341 ὑπὲρ
2481 1252 2692 1331 ἡμῶν,
2747 1251 2840 1317 -n'c
2894 1249 3016 1314 καθ’

551 1401 625 1457 32
1024 1378 1253 1460 ἡμώνς
1323 1379 1397 1445 ὃς
1452 1402 1519 1453 re
1572 1383 1687 1444 τοῦ
1744 1375 1908 1444 ἰδίου
1962 1376 2119 1444 Υἰοῡ
2177 1378 2294 1444 οὐκ
2346 1378 2680 1465 ἐφείσατο.

763 1555 938 1632 Τοῖς
992 1552 1452 1651 ἀγαθοεργεῖν
1489 1549 1864 1653 ᾑρημένοις
1918 1548 2156 1630 πάντα
2205 1558 2557 1651 συνεργεῖ,
2597 1554 2793 1629 Θεοῦ
2843 1550 3025 1648 ὑπερ·

653 1673 1104 1777 ασπίζὸντος·
1188 1675 1228 1753 ὁ
1291 1674 1433 1777 γὰρ
1493 1684 1622 1754 τοῦ
1684 1674 1865 1754 κατὰ
1933 1674 2161 1777 φύσιν
2225 1673 2624 1777 ἠφειδηκὼς
2686 1681 2884 1772 Υὶοῦ,
2931 1673 3030 1751 ἵνα

653 1800 872 1904 σώσῃ
909 1798 1458 1897 κινδυνεύοντας,
1501 1803 1616 1879 καὶ
1652 1798 2052 1905 ἀπαλλάξῃ
2100 1798 2469 1896 κινδύνων,
2513 1807 2665 1883 πῶς
2725 1802 2879 1904 οὐχὶ
2932 1797 3028 1877 καὶ
3055 1833 3111 1873 ιο

654 1920 795 2001 σῦν
835 1923 1028 2031 αὐτῷ
1065 1921 1156 2001 τὰ
1191 1921 1431 2002 πάντα
1467 1923 1632 2022 ἡμῖν
1671 1930 2060 2026 χαριεῖται;

428 2178 524 2236 33,
549 2179 625 2235 34
702 2165 817 2231 Tic
868 2167 1206 2240 ἑτκαλὲσει
1262 2167 1424 2231 κατὰ
1481 2165 1811 2231 ἐκλεκτῶν
1866 2166 2070 2247 Θεοῦ;
2142 2165 2310 2233 Θεόε
2364 2167 2400 2232 ὁ
2458 2165 2755 2248 δικαιῶν,
2807 2164 2898 2233 τίς.
2945 2165 2977 2231 ὁ

1628 2290 2039 2381 κατακρίνων
2062 2322 2080 2374 ;

762 2457 977 2565 Τάχα
1028 2463 1101 2542 δὲ
1153 2465 1267 2541 καὶ
1318 2468 1774 2559 οἰκονομικῶς
1820 2464 1859 2540 ὃ
1904 2468 2202 2546 Παῦλος
2252 2464 2377 2542 οὐκ
2421 2465 2504 2570 ἐᾷ
2539 2460 2666 2543 τὸν
2707 2473 2874 2544 νοῦν
2905 2468 3031 2543 τῶν

653 2585 1103 2683 κεκλημένων
1149 2594 1245 2672 εἶς
1294 2590 1699 2692 ἀμηχανίαν
1733 2591 2086 2684 ἐμπεσεῖν,
2128 2587 2328 2667 ἀλλὰ
2377 2589 2700 2668 διδάσκει
2752 2590 2858 2669 ὅτι
2905 2594 3031 2666 τῶν
3056 2622 3111 2681 15

652 2708 785 2808 μὲν
852 2712 1169 2814 ἀρχαίων
1242 2713 1607 2814 ἁμαρτιῶν
1679 2712 2402 2815 ἐλευθερωθήσονται,
2459 2714 3032 2813 δικαιωθήσονται

654 2832 751 2930 δὲ,
791 2839 982 2914 Θεοῦ
1019 2834 1546 2921 κατανεύοντος.
1610 2841 1669 2914 εἱ
1725 2835 1869 2938 γὰρ
1908 2839 2023 2915 καὶ
2067 2843 2278 2917 πᾶσα
2329 2837 2639 2938 ἁμαρτία
2689 2847 2820 2916 τοῦ
2863 2836 3032 2916 θείου

656 2957 874 3053 νόμου
914 2957 1423 3109 παραβασιν
1375 2994 1518 3064 εχει
1570 2961 1684 3038 καὶ
1741 2961 2139 3061 κατακρίνει
2186 2959 2314 3039 τὸν
2363 2963 2841 3066 ῥᾳθυμοῦντα,
2878 2959 3027 3040 ἀλλ

654 3089 711 3163 εἶ
763 3086 877 3162 καὶ
929 3082 1139 3167 αὐτος
1175 3085 1215 3163 ὁ
1253 3091 1383 3162 τοῦ
1420 3081 1641 3180 νόμου
1685 3082 1946 3186 Κύριος
1994 3090 2381 3209 συγχωρεῖ,
2425 3090 2529 3170 τίς
2568 3095 2599 3167 ὁ
2643 3106 3034 3192 κατακρινων

653 3205 779 3285 τὸν
821 3206 1320 3308 ἡμαρτηκότα·
1300 3269 1321 3303 ,
3057 3244 3116 3284 20

732 3406 781 3444 2.
820 3390 883 3459 δὴ
907 3407 1006 3459 pro
1029 3392 1121 3460 ἤδη
1150 3394 1216 3445 A.
1623 3408 1676 3463 5.
1713 3392 1923 3466 οὐδένα]
1954 3392 2066 3448 dee.
2094 3395 2159 3449 A.
2234 3393 2387 3453 Quae
2412 3394 2775 3465 sequebantur
2799 3413 2829 3448 e
2854 3392 3035 3447 catena

660 3460 935 3528 Vaticana,
969 3479 1142 3545 quum
1164 3464 1235 3517 D.
1258 3464 1442 3535 cyrini
1474 3481 1590 3519 esse
1623 3482 1734 3518 non
1760 3464 2056 3533 videantur,
2083 3465 2175 3519 sed
2214 3468 2389 3535 potius
2418 3465 2679 3520 Gennadii
2714 3465 2850 3520 forte
2881 3463 3031 3527 aliive,

660 3532 875 3584 nomine
899 3531 951 3585 in
979 3533 1215 3601 margine
1240 3537 1454 3601 omisso,
1482 3534 1568 3589 hio
1593 3535 1684 3591 do.
1756 3535 1846 3591 οὓς
1869 3535 2015 3592 εἰδὼς
2037 3535 2320 3605 πόῤῥωθεν,
2339 3536 2531 3624 φησὶν,
2557 3537 2731 3590 ὁποῖοί
2751 3558 2881 3591 τινες
2901 3535 3033 3587 ἴσον·

658 3622 759 3663 ται,
784 3601 1054 3691 ἀφώρισεν
1079 3605 1149 3660 εἷς
1175 3605 1236 3658 τὸ
1265 3611 1365 3659 τῶν
1387 3607 1688 3674 μελλόντων
1710 3609 1994 3676 μετασχεῖν
2017 3606 2238 3696 ἀγαθῶν,
2264 3628 2476 3661 τουτους
2508 3607 2592 3659 καὶ
2626 3607 2888 3668 ε’κάλεσεν,
2912 3606 3034 3657 ὥστε

659 3672 743 3725 διὰ
769 3675 859 3741 τῆς
891 3671 968 3726 ε”π
995 3674 1151 3729 αὐτὸν
1172 3676 1397 3732 πίστεως
1419 3675 1716 3730 ἀπολαῦσαι
1749 3677 2079 3741 δικαιώσεως,
2103 3677 2346 3746 ἁμαρτεῖν
2369 3679 2462 3730 οὐκ
2495 3677 2888 3766 ἐπιδεχομένους
2914 3676 3031 3727 τόπ·

659 3742 690 3810 ἡ
722 3743 783 3796 δέ
809 3765 871 3813 γε
903 3744 1046 3813 δόξα,
1075 3769 1129 3799 εν
1152 3745 1425 3834 ἀφθαρσίᾳ
1457 3770 1514 3800 τε
1539 3748 1621 3800 καὶ
1645 3747 1900 3817 ἀθανασίᾳ
1928 3750 2173 3818 γεγονόσι
2202 3748 2454 3838 καθάπαξ,
2477 3749 2677 3802 ἅπαντα
2700 3748 2871 3816 μέντοι
2893 3747 3035 3800 ταῦτα

659 3814 906 3868 ἀπέδωκε·
943 3818 1075 3884 πρὸς
1108 3819 1187 3885 τὸ,
1212 3814 1421 3885 οἴδαμεν
1446 3817 1501 3871 δε
1527 3818 1605 3871 ὅτι
1637 3821 1745 3874 τοῖς
1768 3818 2011 3888 ἀγαπῶσι
2033 3822 2124 3873 τὸν
2148 3819 2267 3873 θεὸν
2288 3821 2454 3872 πάντα
2480 3822 2727 3906 συνεργεῖ
2745 3820 2819 3875 εἷς
2840 3812 3031 3886 ἀγαθὸν,

660 3885 862 3954 διδάξαι
895 3888 1230 3955 βουλόμενος,
1257 3889 1325 3944 ὣς
1362 3889 1421 3941 οὗ
1455 3895 1711 3958 περιορῶν
1743 3889 1927 3945 αὐτοὺς
1962 3893 1990 3942 ὁ
2026 3889 2161 3951 θεὸς,
2190 3889 2245 3942 ἐν
2266 3892 2378 3944 ταῖς
2399 3888 2690 3960 παρούσαις
2726 3883 3033 3977 ἐξετάζεσθαι

658 3978 795 4010 ποιει
819 3960 1133 4044 συμφοραις·
1172 3964 1281 4014 πῶς
1308 3960 1440 4029 γάρ;
1481 3958 1511 4012 ὅ
1533 3981 1595 4028 γε
1628 3960 1714 4012 ε’πι
1745 3959 2010 4014 τοσούτων
2032 3961 2237 4032 ἀγαθῶν
2267 3960 2562 4015 ἀπόλαυσιν
2593 3961 2821 4017 καλέσας
2851 3955 3031 4019 αὐτοὺς,

661 4048 741 4080 και
774 4050 986 4085 τουτους
1017 4031 1078 4084 οὐ
1113 4033 1202 4084 νῦν
1224 4030 1364 4083 ἀλλὰ
1386 4032 1549 4084 πάλαι
1578 4031 1661 4083 καὶ
1691 4032 1955 4100 πρόπαλαι
1980 4031 2093 4098 εξ”
2062 4054 2150 4085 οτε
2173 4053 2273 4101 περ
2298 4032 2470 4087 αὐτοῖς
2495 4030 2623 4084 κατὰ
2649 4032 2742 4099 τὴν
2763 4026 3033 4099 ἀπόρρητον

659 4099 842 4153 ἑαυτοῦ
878 4105 1198 4191 πρόγνωσιν
1211 4099 1467 4169 ἠπίστατο
1503 4104 1672 4155 ὁποῖοι
1707 4102 1839 4157 τινὲς
1874 4102 2084 4157 ἔσονται
2120 4102 2202 4156 καὶ
2233 4103 2337 4170 πρὸ
2369 4105 2463 4156 τοῦ
2485 4100 2745 4188 γενέσθαι·
2783 4102 2922 4154 εἰδὼς
2943 4097 3032 4186 >dp

658 4169 851 4223 ἀνωθεν
874 4172 1135 4229 τοιούτους
1170 4170 1449 4239 ἐσομένους
1470 4171 1674 4235 αὐτους,
1667 4172 1929 4263 ἀνάλογα
1963 4176 2025 4240 τῇ
2061 4173 2182 4241 περὶ
2217 4174 2385 4227 αυτῶν
2407 4172 2638 4227 διαθέσει
2649 4170 2933 4260 ,πόῤῥωθεν
2952 4166 3033 4219 αὖ·

658 4262 766 4296 τοις
799 4243 1097 4312 ηυτρεπιζεν
1131 4243 1316 4314 ἀγαθά·
1363 4247 1474 4298 πῶς
1509 4241 1600 4297 ουν
1621 4242 1806 4298 αὐτοὺς
1838 4244 2085 4312 περιιδεῖν
2109 4242 2219 4298 οἷόν
2248 4265 2304 4298 τε
2340 4244 2423 4297 καὶ
2452 4244 2556 4313 πρὸ
2579 4247 2673 4297 τοῦ
2699 4241 2935 4328 γενεσθαι
2955 4238 3033 4304 τῆς

657 4313 1010 4382 προαιρέσεως
1044 4315 1212 4369 αὐτῶν
1242 4317 1334 4369 τὰς
1367 4312 1587 4382 ἀμοιβὰς
1622 4314 2014 4381 εὔτρεπίσαντα,
2052 4315 2136 4369 καὶ
2171 4314 2257 4368 ε’πὶ
2292 4336 2493 4371 τουτοις
2527 4336 2711 4370 αυτους
2745 4311 3032 4371 καλέσαντα,

658 4385 795 4438 ὥστε
822 4386 906 4438 διὰ
931 4387 1020 4452 τῆς
1044 4385 1123 4441 ἐπ’
1150 4386 1304 4439 αυτὸν
1327 4384 1554 4440 πίστεως
1576 4390 1678 4437 τῶν
1700 4384 2142 4455 προσδοκωμένων
2163 4384 2403 4455 ἀγαθῶν;
2706 4385 2802 4438 8-1
2817 4401 2861 4438 1.
2900 4381 3031 4435 Haec

658 4455 808 4524 quasi
835 4454 1075 4509 scholion
1102 4473 1322 4521 novum,
1346 4455 1409 4509 B.
1436 4455 1748 4509 auctoritate
1772 4455 1943 4510 fretus
1968 4455 2203 4522 exhibui,
2229 4473 2405 4537 quum
2422 4456 2480 4509 in
2508 4454 2608 4509 Ed.
2637 4454 2895 4526 prioribus
2916 4464 3030 4505 con·

649 4526 1030 4595 jungebantur.
1283 4526 1412 4580 Post
1436 4525 1581 4592 haec,
1607 4524 1849 4580 scholion
1876 4544 1904 4580 e
1931 4526 2054 4581 dial.
2080 4526 2147 4581 ad
2178 4526 2366 4580 Herm.
2393 4527 2463 4580 iv.
2490 4527 2595 4597 508
2621 4544 2649 4580 c
2670 4526 2704 4580 d
2724 4543 2752 4580 e
2774 4541 2876 4597 509
2899 4540 2929 4576 a
2950 4519 3030 4574 de·

656 4605 951 4665 sumptum,
977 4595 1190 4651 exhibet
1214 4601 1281 4649 A.
1574 4613 1657 4650 12.
1703 4596 1848 4651 Haec
1876 4597 2030 4652 nobis
2056 4597 2361 4668 suppeditat
2385 4598 2434 4650 A
2456 4615 2507 4668 p.
2538 4614 2660 4667 229.
