3269 5166
604 360 732 425 170
1210 358 1289 421 Β.
1336 355 1749 421 CYRILLI
1810 352 2392 419 ALEXANDR.
2740 351 2874 415 xxi.
2895 364 3004 434 25.

2928 520 2961 538 ss

317 537 357 572 ‘
601 525 875 626 ἀρετῆς,
933 527 1225 617 μᾶλλον
1280 520 1354 600 δὲ
1411 517 1624 605 αὐτὸς
1673 525 1820 600 πᾶν
1880 514 2061 602 εἶδος
2120 510 2462 623 ὖπάρχων
2519 518 2792 617 ἀρετῆς,
2849 548 3006 597 πως

601 648 731 724 οὐκ
786 643 874 725 ἀν
930 643 1123 752 δρῴη
1178 641 1600 749 κεκριμένως
1667 645 1784 722 καὶ
1837 650 2069 739 τοῦτο,
2124 644 2243 722 καὶ
2297 640 2765 743 ἀλοιδόρητον
2815 673 3004 719 παν-

600 775 829 854 τελῶς
885 766 1276 868 ἐποιήσατο
1333 766 1466 867 τὴν
1518 766 1773 870 ῥοπὴν,
1823 765 1956 864 τὴν
2009 770 2106 848 εἷς
2159 764 2245 845 τὸ
2306 765 2568 869 χρῆναί
2629 770 2815 869 φημι
2872 766 3006 861 τῆς

601 890 889 992 ἀγάπης
945 891 1194 998 ἀξιοῦν
1235 888 1362 971 τὸν
1403 891 1660 971 τούτου
1706 895 1944 993 τυχεῖν
1997 888 2434 995 ὀφείλοντας
2489 885 3004 994 προεξηγησά-

599 1048 811 1112 μενος
858 1015 1096 1095 τοίνυν
1150 1015 1226 1093 εὖ
1275 1011 1478 1113 μάλα
1528 1015 1646 1093 καὶ
1691 1013 2118 1115 ἠγαπῆσθαι
2166 1011 2621 1115 προειρηκὼς,
2657 1009 3000 1108 ἀκόμπως
3029 1032 3070 1092 5

601 1172 678 1217 τε
727 1141 843 1217 καὶ
887 1135 1349 1245 ἀφιλοδόξως
1394 1141 1650 1241 κομιδῇ
1698 1131 2282 1246 μεμαρτυρηκέναι
2323 1138 2512 1241 φησὶ
2550 1143 2696 1241 περὶ
2736 1133 2999 1233 τούτων,

600 1260 1065 1368 ἀξιαγάστως
1112 1262 1251 1363 ἤδη
1289 1264 1407 1341 καὶ
1456 1266 1698 1345 καλῶς
1732 1257 1818 1341 τὸ
1854 1268 2245 1340 συννεῦσαι
2299 1257 2465 1344 τοὺς
2503 1257 3000 1362 ἀκροωμένους

600 1382 705 1470 οἷς
761 1380 1090 1492 γέγραφέ
1142 1420 1217 1465 τε
1283 1387 1399 1465 καὶ
1457 1383 2014 1487 μεμαρτύρηκεν,
2070 1385 2166 1468 ὦς
2219 1383 2311 1490 ἐξ
2370 1380 2686 1486 ἀνάγκης
2748 1388 2994 1462 αἰτῶν·

264 1522 514 1580 1123Δ·
540 1538 578 1579 a
600 1510 686 1588 οὐ
740 1506 885 1612 γὰρ
920 1508 1011 1590 ἀν
1044 1507 1413 1615 ἐψεύσατο
1468 1512 1595 1607 τῆς
1651 1506 1992 1608 ἀληθείας
2026 1509 2068 1586 ὃ
2105 1507 2355 1614 κῆρυξ.
2437 1504 2555 1586 διὰ
2609 1515 2820 1586 τοῦτο
2877 1504 3007 1585 καί

601 1638 835 1738 φησιν
875 1629 1148 1739 οἴδαμεν
1199 1631 1297 1712 ’ὅτι
1352 1628 1599 1726 ἀληθής
1651 1634 1823 1712 ἐστιν
1875 1635 1911 1725 ἦ
1945 1634 2281 1740 μαρτυρία.
2317 1633 2537 1711 αὐτοῦ’.
2615 1627 2998 1735 σφαλερὸν
3031 1662 3108 1702 ιο

600 1755 728 1834 οὖν
763 1756 905 1860 ἄρα
943 1759 1059 1835 καὶ
1104 1754 1479 1837 πάνδεινον
1514 1758 1805 1855 ἀληθῶς
1840 1759 2313 1861 ψευδομυθεῖν
2347 1753 2432 1834 τὸ
2468 1752 2833 1856 παράπαν,
2870 1753 2999 1833 οὐκ

598 1876 864 1962 εἰδότος
901 1878 1158 1982 ἀνδρὸς
1211 1878 1311 1979 μὴ
1356 1878 1737 1981 προΐεσθαι
1775 1878 2049 1987 φωνήν·
2121 1879 2207 1959 οὐ
2249 1876 2396 1982 γὰρ
2432 1876 2523 1957 ἀν
2558 1873 2776 1956 αὐτὸν
2813 1876 2996 1979 ἠγά-

597 2036 835 2102 πησεν
870 2003 916 2101 ἡ
953 2001 1255 2103 ἀλήθεια
1290 2002 1759 2106 παραλύοντα
1796 2001 1927 2103 τὴν
1960 2000 2323 2103 ἀλήθειαν.

499 2244 777 2318 25Ἔστι
831 2245 903 2312 δὲ
958 2245 1067 2311 καὶ
1118 2245 1290 2312 ἄλλα
1345 2247 1559 2312 πολλὰ
1614 2247 1658 2314 ἃ
1714 2244 2018 2313 ἐποίησεν
2059 2246 2097 2312 ὀ
2134 2246 2410 2325 Ἰησοῦς,
2445 2246 2635 2310 ἅτινα
2679 2242 2798 2311 ἐὰν
2845 2245 3000 2334 Γρά-

530 2371 573 2435 b
706 2394 911 2459 φΗται
975 2374 1121 2437 καθ’
1184 2371 1279 2453 ἓν,
1341 2372 1494 2439 οὐδὲ
1558 2371 1757 2439 αὐτὸν
1820 2365 1999 2448 οἶμαι
2068 2372 2182 2439 τόν
2246 2370 2489 2448 κόσμον
2558 2377 2853 2460 χωρῆσαι
2910 2369 2996 2437 τὰ
3030 2390 3106 2451 15

699 2498 1079 2587 Γραφόμενα
1136 2496 1366 2578 βιβλία,
1419 2498 1616 2575 ἀμήν.

711 2668 981 2770 Πολλὴ
1036 2668 1166 2767 μὲν
1221 2672 1428 2773 ἄγαν,
1489 2673 1740 2777 φησὶν,
1798 2672 1843 2771 ἦ
1900 2675 2027 2770 τῆς
2083 2672 2470 2772 θεοσημίας
2523 2668 2826 2771 πληθὺς,
2873 2674 2990 2751 καὶ

596 2791 1072 2896 ἀναρίθμητος
1120 2801 1493 2879 παντελῶς
1530 2796 1571 2874 ὁ
1608 2801 1755 2874 τῶν
1790 2794 2363 2899 κατορθωμάτων
2400 2801 2728 2902 φανεῖται
2777 2796 2996 2875 κατά-

597 2925 843 3018 λογος,
911 2919 1029 2997 καὶ
1100 2920 1179 2998 ἐκ
1231 2919 1530 3073 μυρίων
1571 2917 1772 2999 ὅσων
1834 2918 2123 3025 ἐλήφθη
2188 2923 2419 3016 ταυτὶ,
2480 2918 2998 3022 πληρεστάτην

595 3032 989 3140 ἐμποιῆσαι
1024 3048 1170 3124 τοῖς
1207 3039 1678 3144 ἀκροωμενοις
1714 3040 1847 3140 τὴν
1881 3041 2134 3142 ὄνησιν
2170 3044 2297 3123 οὐκ
2333 3043 2674 3126 ἀνικάνως
2710 3078 2990 3147 εχοντα.
3026 3064 3106 3106 20

598 3199 727 3243 τον
782 3164 858 3244 δὲ
909 3163 1485 3270 συγγεγραφότα
1540 3164 1671 3264 τὴν
1724 3166 1996 3262 βίβλον
2036 3165 2138 3265 μὴ
2194 3166 2702 3265 καταιτιασθω,
2741 3171 2993 3273 φησὶν,

537 3322 573 3366 ο
600 3290 641 3368 ὁ
707 3289 1228 3393 φιλακροάμων
1292 3294 1410 3368 καὶ
1473 3290 2010 3394 χρηστομαθὴς,
2071 3296 2131 3369 εἶ
2194 3292 2313 3370 καὶ
2373 3288 2475 3391 μὴ
2538 3297 2684 3370 τῶν
2739 3291 2994 3393 ἑτέρων

594 3410 943 3510 ἐμνήσθη.
1030 3416 1148 3492 καὶ
1204 3447 1345 3515 γαρ
1404 3411 1489 3493 τὸ
1547 3416 1711 3494 καθ’
1778 3412 1855 3492 ἓν
1914 3420 1973 3493 εἲ
2037 3414 2436 3517 γέγραπται
2501 3421 2646 3495 τῶν
2705 3428 2988 3495 τετελε-

595 3534 904 3632 σμένων,
959 3536 1570 3639 παραλειφθέντος
1626 3534 1929 3637 οὐδενὸς,
1967 3537 2392 3640 ἐπλήρωσεν
2443 3535 2537 3617 ἂν
2583 3537 2714 3639 τὴν
2763 3545 2994 3620 οἰκου-

594 3658 815 3760 με’νην
851 3660 892 3739 ὃ
937 3667 1082 3739 τῶν
1116 3659 1430 3754 βιβλίων
1475 3659 1844 3764 ἀχῶρητος
1896 3660 2141 3766 ὄχλος.
2214 3663 2700 3765 ὑπερβολικῶς
2749 3661 2825 3741 δε
2875 3699 2994 3744 και
3027 3698 3106 3758 ²5

595 3790 722 3863 νῦν
763 3782 896 3882 τὴν
939 3790 1068 3864 τοῦ
1121 3780 1350 3885 λόγου
1406 3783 1703 3883 δύναμιν
1753 3786 2197 3884 πεποιῆσθαί
2234 3793 2494 3889 φαμεν.
2571 3787 2788 3888 μυρία
2843 3786 2990 3889 γὰρ

593 3905 814 3991 ὅντως
868 3906 1203 4006 ἐννοήσαι
1260 3941 1367 3991 τις
1421 3906 1509 3987 ἂν
1564 3906 1683 3987 διὰ
1732 3912 1859 4008 τῆς
1907 3917 2034 3988 τοῦ
2092 3913 2426 4011 Σωτῆρος
2479 3908 2683 4009 ἦμῶν
2736 3911 2992 4015 ἰσχύος

591 4035 1117 4131 πεπληρῶσθαι
1172 4030 1528 4129 θαύματα.
1603 4029 2027 4139 γεγράφασι
2082 4029 2308 4133 γεμὴν
2357 4039 2502 4112 τῶν
2545 4034 2989 4136 εὐαγγελίων

596 4156 664 4230 οἱ
731 4152 1024 4254 κήρυκες
1089 4153 1182 4232 τὰ
1238 4157 1314 4234 ἐν
1368 4162 1515 4240 τοῖς
1569 4155 1912 4259 γεγονόσι
1967 4154 2458 4260 λαμπρότερα,
2522 4154 2706 4238 κατά
2759 4192 2846 4259 γε
2901 4156 2990 4237 τὸ

522 4283 562 4348 d
593 4274 794 4374 εἰκὸς,
832 4280 947 4356 καὶ
984 4277 1068 4355 δι’
1109 4273 1210 4356 ὧν
1244 4277 1333 4377 ἦν
1369 4280 1702 4377 μα’λιστα
1736 4277 1901 4365 τοὺς
1938 4279 2423 4382 ἀκροωμένους
2459 4279 2811 4361 δύνασθαι
2863 4289 2991 4377 βε-
3021 4310 3104 4368 30

588 4405 978 4495 βαιοῦσθαι
1013 4397 1195 4504 πρὸς
1229 4402 1480 4482 πίστιν
1514 4401 1647 4502 τὴν
1683 4401 2230 4510 ἀπαράφθορον,
2255 4406 2371 4483 καὶ
2392 4405 2774 4484 παίδευσιν
2801 4404 2990 4510 ἔχειν

1025 4615 1070 4650 1.
1107 4596 1232 4651 αὐτὸ
1260 4596 1324 4651 Ε.
1886 4612 1970 4669 27.
2006 4597 2165 4655 ὄντως
2191 4599 2304 4654 ΕΔ.
2328 4598 2431 4653 ὅσα
2459 4598 2562 4652 Ed.
