3269 5166
219 362 273 403 v·
303 362 390 428 13,
422 364 512 424 14.
687 345 795 409 IN
845 345 1369 411 EPISTOLAM
1420 346 1548 411 AD
1603 347 2076 414 ROMANOS.
2460 347 2589 412 183

215 506 480 601 βάσεως
549 507 944 613 γεγόναμεν
1017 512 1315 610 μιμηταὶ
1380 512 1549 592 καθ’
1618 510 1660 592 ὃ
1733 511 1987 599 πάντες
2055 516 2370 623 ἥμαρτον,
2435 518 2591 597 ταῖς
2658 448 2737 514 [6
2760 446 2886 513 M.]

216 631 388 716 ἴσαις
421 633 654 741 ἐκείνῳ
691 633 912 719 δίκαις
950 633 1504 736 ὑπενενήγμεθα·
1574 638 1746 716 ἀλλ’
1789 637 1872 716 οὐ
1915 635 2299 738 μεμένηκεν
2336 640 2583 718 ἀνεπι·

216 755 530 859 κούρητος
566 758 610 857 ἡ
649 758 763 838 ὑπ’
805 755 1126 862 οὐρανὸν,
1163 757 1559 865 καθῄρηται
1595 759 1741 863 γὰρ
1776 761 1822 861 ἡ
1862 762 2194 864 ἁμαρτία,
2222 760 2594 843 πέπτωκεν

218 882 254 958 ὃ
283 887 617 980 σατανᾶς,
657 880 1097 986 κατήργηται
1136 881 1213 963 δὲ
1252 886 1368 963 καὶ
1406 884 1447 962 ὅ
1487 882 1816 969 θάνατος.

166 1121 195 1180 5
639 1126 820 1216 Ἀχρι
874 1127 993 1217 Γὰρ
1048 1128 1248 1207 νόμου
1302 1128 1589 1218 ἁμαρτία
1638 1123 1716 1194 ἦν
1773 1130 1844 1195 ὲν
1901 1131 2141 1215 κόσμῳ.
2628 1153 2700 1210 13

316 1298 408 1377 Ο
444 1295 660 1397 νόμος·
709 1302 750 1379 ὃ
802 1298 917 1379 διὰ
956 1302 1354 1400 Μωυσεως,
1391 1299 1692 1406 ἐ’λεγχος
1740 1300 1851 1403 ἦν,
1891 1305 1988 1386 ὡς
2038 1301 2242 1409 ἔφην,
2277 1303 2405 1399 τῆς
2454 1303 2600 1380 τῶν

219 1423 598 1503 πταιόντων
633 1425 1020 1522 ἀσθενείας,
1059 1426 1144 1504 οὐ
1194 1424 1481 1511 λυτικὸς
1536 1427 1910 1530 ἁμαρτίας·
1993 1422 2482 1530 κατειργάζετο
2526 1421 2600 1503 δὲ
2624 1430 2816 1561 {29¹⁸
2802 1445 2869 1481 ¹*-

218 1551 486 1641 μᾶλλον
545 1546 794 1651 ὀργήν·
874 1547 963 1650 ἦν
1027 1546 1171 1652 γὰρ
1235 1548 1515 1651 ἀνάγκη
1580 1547 1747 1635 τοὺς
1812 1549 2392 1655 παραβαίνοντας
2449 1552 2603 1632 ταῖς

221 1670 286 1747 ἐν
319 1669 505 1780 νόμῳ
566 1673 1061 1774 διωρισμένως
1118 1673 1610 1779 ὑποφέρεσθαι
1669 1676 1916 1760 δίκαις·
1998 1673 2082 1752 οὗ
2139 1670 2213 1752 δὲ
2269 1670 2356 1771 δὴ
2413 1670 2604 1755 ὅλως

137 1825 200 1866 10
219 1793 684 1896 παραβάσεως
759 1793 1045 1898 τρόπος,
1111 1799 1255 1878 ἐκεῖ
1310 1829 1454 1878 που
1516 1798 1805 1883 πάντως
1880 1801 1995 1879 καὶ
2061 1797 2393 1900 ἁμαρτία.
2487 1797 2605 1876 καὶ

221 1915 396 2021 εἴπερ
449 1922 655 2000 ἐστὶν
712 1921 1023 2023 ἁμαρτία
1078 1920 1392 2001 θανάτου
1439 1921 1810 2029 πρόξενος,
1848 1919 2058 2003 πᾶσά
2108 1955 2262 2004 πως
2317 1917 2598 2022 ἀνάγκη

222 2046 705 2148 συνεῤῥῶσθαι
753 2045 989 2146 λέγειν
1027 2047 1207 2151 αὐτῇ
1258 2049 1375 2125 καὶ
1412 2046 1540 2126 τὸν
1575 2046 1666 2152 ἐξ
1705 2047 1921 2146 αὐτῆς
1956 2043 2332 2149 ἀναφύντα
2369 2043 2600 2123 θάνα-

221 2197 358 2245 τον·
415 2169 871 2275 καθῃρημένῃ
925 2202 1002 2249 τε
1058 2169 1346 2254 πάντως
1400 2169 2083 2271 συγκατασείεσθαι,
2132 2170 2248 2248 καὶ
2303 2164 2417 2246 οἶά
2471 2200 2607 2270 περ

225 2291 353 2368 ἰδία
385 2293 965 2373 συνδιολλύσθαι
1000 2295 1241 2395 μητρί·
1323 2332 1388 2388 ην
1426 2295 1552 2374 οὖν
1589 2293 1752 2400 ἄχρι
1793 2297 1984 2400 νόμου
2023 2292 2336 2400 οἱμαρτια
2374 2294 2607 2397 φησὶν

142 2436 200 2496 ¹5
224 2414 277 2494 ἐν
311 2419 568 2526 κόσμῳ·
649 2417 966 2516 κειμένου
1020 2417 1165 2520 γὰρ
1200 2416 1302 2498 ἔτι
1337 2425 1465 2498 τοῦ
1514 2418 1755 2516 νόμου,
1795 2451 1911 2497 και
1963 2451 2056 2497 τα
2102 2420 2230 2517 τῆς
2275 2413 2611 2518 παραβά-

222 2571 395 2626 σεως
428 2538 855 2645 ἐγκλήματα
890 2540 1072 2622 κατὰ
1107 2548 1252 2622 τῶν
1287 2539 1689 2624 πταιόντων
1727 2541 2159 2646 ἐκρατυνετο·
2221 2543 2611 2646 ἀργοῦντος

225 2661 291 2741 δὲ
352 2666 504 2766 ἤδη,
580 2666 934 2747 πέπαυται
997 2665 1139 2747 σὺν
1202 2668 1395 2773 αὐτῷ
1467 2675 1596 2746 τοῦ
1667 2667 2138 2771 παραβαίνειν
2211 2668 2255 2765 ἡ
2328 2665 2606 2774 γραφή·

223 2791 665 2889 πεπαυμένης
721 2791 795 2870 δὲ
850 2794 978 2889 τῆς
1031 2791 1400 2895 ἁμαρτίας,
1440 2794 1537 2876 ὡς
1591 2790 1797 2897 ἔφην,
1842 2789 2441 2890 συμπεπαύσεται
2497 2794 2615 2870 καὶ

226 2911 263 2988 ὁ
299 2911 627 3000 θάνατος.

143 3172 205 3214 20
241 3155 402 3223 Ἀλλ’
462 3158 883 3239 ἐβασίλευσεν
935 3161 962 3225 ἔ
1027 3163 1306 3226 θάνατος
1360 3159 1491 3227 ἀπὸ
1536 3158 1747 3236 Ἀδὰμ
1800 3162 1985 3249 μέχρι
2029 3156 2334 3225 Μωσέως
2388 3169 2587 3227 κ.τ.λ.
2639 3085 2805 3236 Lu.

326 3348 542 3429 Ἀλλ’
585 3354 648 3428 εἶ
691 3356 924 3448 τοῦτο,
961 3348 1120 3428 τίνα
1158 3345 1425 3451 τρόπον
1462 3348 1645 3452 φαίη
1681 3382 1788 3434 τις
1825 3348 1914 3429 ἂν
1952 3348 2436 3453 κατεκράτησε
2473 3355 2619 3429 τῶν

230 3473 333 3551 ἐπὶ
384 3478 510 3573 τῆς
565 3477 706 3577 γῆς
756 3476 873 3553 καὶ
919 3472 1062 3576 πρὸ
1110 3472 1332 3572 νόμου
1380 3472 1739 3571 θάνατος;
1817 3480 1876 3552 εἶ
1932 3472 2078 3579 γὰρ
2124 3475 2248 3554 καί
2295 3507 2479 3559 τινες
2535 3474 2620 3553 οὐ

231 3596 566 3697 γεγόνασι
636 3603 789 3682 ταῖς
850 3605 978 3678 τοῦ
1038 3596 1258 3695 νόμου
1320 3597 1836 3700 παραβάσεσιν
1884 3598 2139 3702 ἔνοχοι,
2196 3599 2313 3678 διά
2368 3632 2479 3677 τοι
2533 3595 2619 3677 τὸ

233 3717 435 3820 μήπω
490 3726 855 3803 τεθεῖσθαι
918 3719 1046 3802 τὸν
1113 3720 1353 3819 νόμον,
1411 3719 1581 3801 ἀλλ’
1643 3722 2006 3803 ὑπέδυσαν
2062 3726 2178 3801 καὶ
2235 3723 2435 3801 αὐτοὶ
2493 3718 2625 3819 τὴν

154 3869 215 3926 25
238 3845 506 3951 φθορὰν
557 3848 673 3928 ἐπὶ
731 3853 827 3954 τῷ
881 3845 1255 3952 ὁμοιώματι
1311 3843 1427 3939 τῆς
1490 3845 1970 3951 παραβάσεως
2023 3842 2284 3953 Ἀδάμ·
2382 3844 2626 3942 ὅμοιον

238 3971 397 4051 ὡσεὶ
434 3971 641 4073 λέγοι
676 3965 897 4075 τυχόν
931 3968 1480 4075 Ἐπιτρέχοντος
1516 3977 1645 4048 τοῦ
1682 3968 1996 4050 θανάτου
2033 3971 2199 4050 καθ’
2243 3969 2628 4069 ὁμοιότητα

237 4092 357 4193 τὴν
406 4094 652 4193 Ἀδὰμ
702 4091 786 4173 τὸ
822 4092 913 4201 ἐξ
961 4095 1178 4173 αὐτοῦ
1233 4097 1381 4173 πᾶν
1418 4091 1646 4195 γένος,
1683 4091 1934 4197 ὥσπερ
1987 4100 2219 4200 φυτοῦ
2272 4092 2629 4177 παθόντος

238 4215 509 4313 βλάβος
545 4225 645 4303 εἶς
680 4215 899 4321 ῥίζαν,
926 4216 1136 4297 πᾶσά
1168 4251 1323 4301 πως
1362 4217 1642 4321 ἀνάγκη
1674 4213 1840 4301 τοὺς
1877 4215 1968 4324 ἐξ
1997 4216 2216 4297 αὐτοῦ
2243 4214 2630 4320 γεγονότας

240 4344 703 4444 μαραίνεσθαι
750 4348 1056 4426 κλῶνας.
1130 4339 1357 4422 τύπον
1392 4340 1615 4445 γεμὴν
1652 4339 1870 4421 αὐτὸν
1905 4343 2016 4421 τοῧ
2056 4338 2422 4446 μέλλοντος
2459 4335 2641 4420 εἶναι’

311 4594 360 4648 6.
399 4598 427 4649 ὁ
450 4597 542 4651 alt.
570 4614 679 4651 om.
709 4595 777 4652 B.
1018 4608 1067 4665 7.
1107 4595 1443 4666 κατεργάζετο
1471 4594 1536 4649 Β.
1781 4609 1862 4664 13.
1902 4593 2183 4663 κατ-ηρμένῃ
2209 4591 2333 4663 (sic)
2360 4590 2566 4660 Migne.
