3269 5166
301 361 530 404 VULPES

300 534 338 558 ‘⁸
359 527 554 585 Vitam
597 530 1021 590 abundantius”
1051 532 1261 593 habere
1302 535 1457 612 quid,

383 628 524 693 645,
553 628 631 686 iii.
664 633 806 688 590.

299 723 437 782 Vita
464 734 711 795 aeterna,
741 728 909 787 Vitae
933 728 967 788 i.
992 750 1044 788 e.
1072 730 1284 790 Christi
1306 730 1456 792 Caro

384 826 501 882 863
522 843 555 881 c
577 825 634 884 d.

297 919 435 978 Vita
464 922 731 997 spiritalis
759 944 902 1000 quae
933 930 1048 985 988
1073 946 1123 984 c.

297 1017 466 1076 Vitae
534 1021 815 1080 terminus
882 1035 1275 1099 praematurus
1336 1045 1455 1083 non

380 1118 664 1191 optandus
706 1139 814 1178 nec
856 1121 977 1179 sine
1019 1123 1228 1182 damno
1257 1128 1373 1185 981
1403 1143 1453 1192 e,

380 1218 499 1274 982
523 1235 558 1274 a
576 1217 615 1274 b
639 1237 688 1279 c.

294 1312 493 1371 Vitam
546 1334 664 1373 non
711 1317 904 1375 videre
953 1318 1087 1393 quid
1122 1322 1237 1379 174
1265 1320 1304 1377 b
1334 1340 1367 1378 c
1394 1320 1451 1388 d,

384 1415 498 1471 175
522 1432 574 1479 a,
604 1413 677 1472 cf.
705 1418 823 1474 355
848 1435 901 1482 a,
933 1420 1050 1476 573
1078 1417 1117 1474 d
1138 1437 1189 1476 e.

295 1510 436 1568 Vita
481 1530 585 1587 per
631 1513 801 1579 vitae,
852 1514 912 1571 id
959 1523 1068 1579 est.
1115 1515 1455 1574 vivificantis

381 1607 652 1685 Corporis
694 1608 927 1679 Christi,
966 1613 1453 1688 participationem

380 1712 498 1768 355
521 1708 578 1774 b,
607 1708 681 1767 cf.
710 1712 827 1769 863
853 1709 960 1769 cd.

293 1805 467 1863 Vitae
512 1825 707 1864 semen
756 1826 859 1883 per
900 1828 1129 1867 carnem
1175 1808 1350 1868 Suam
1395 1810 1453 1867 in

377 1903 544 1961 nobis
564 1904 773 1981 integit
792 1905 1070 1964 Dominus
1092 1906 1132 1965 J
1135 1926 1267 1965 esus
1290 1905 1454 1967 Chri-

377 2011 500 2060 stus
529 2006 644 2063 363
664 2022 716 2060 e.

293 2099 560 2158 Vivificat
613 2098 829 2160 Christi
885 2098 1125 2177 Corpus,
1185 2109 1453 2177 tanquam

378 2195 553 2256 Vitae
607 2196 832 2274 Corpus
902 2202 1014 2260 361
1062 2199 1101 2256 b
1141 2218 1190 2263 c,
1251 2202 1369 2259 362
1420 2219 1455 2258 a

378 2292 665 2361 Christus,
737 2304 940 2371 utpote
1008 2315 1044 2354 a
1098 2297 1229 2356 Vita
1282 2295 1454 2355 Patre

377 2393 612 2469 genitus
642 2395 754 2452 581
781 2411 834 2451 c.

295 2491 525 2549 Unctus
565 2491 828 2549 Christus
871 2490 1158 2567 quomodo
1199 2491 1276 2549 iii.
1314 2495 1450 2557 378.

379 2593 497 2650 380
557 2589 718 2648 Deus
746 2608 983 2648 manens
1012 2589 1088 2647 iii.
1117 2592 1260 2651 381.

296 2688 645 2764 Unigenitus
689 2689 848 2747 Deus
895 2688 1144 2745 Verbum
1195 2708 1310 2745 non
1355 2689 1456 2746 de-

378 2787 647 2862 dignatus
694 2786 841 2844 ferre
891 2804 959 2844 ea
1003 2804 1144 2862 quae
1192 2787 1454 2843 nonnulli

378 2886 449 2944 de
493 2885 601 2942 Illo
640 2903 952 2960 agnoscere
994 2883 1291 2960 dedignati
1320 2893 1454 2941 sunt

376 2986 492 3041 631
520 3002 568 3041 c.
637 2982 1070 3051 Vidaverbum,
1103 2982 1295 3041 Filius.

293 3082 485 3140 Voces
527 3081 746 3138 mediae
787 3080 1071 3138 mixtaeve
1109 3100 1143 3135 a
1172 3080 1316 3136 Filio
1354 3080 1455 3137 ali-

378 3178 605 3256 quando
647 3177 1032 3254 proferuntur,
1076 3185 1310 3252 propter
1351 3197 1451 3236 ex-

376 3276 746 3336 inanitionem
781 3279 900 3335 220
925 3295 977 3343 a,
1021 3279 1138 3334 235
1163 3295 1212 3342 o,
1247 3280 1364 3335 237
1397 3277 1452 3342 d,

377 4668 521 4713 VOL.
556 4669 657 4712 111.

1124 350 1449 409 INDEX
1534 353 1907 411 RERUM.

2606 359 2723 415 657

1645 541 1762 596 240
1787 537 1843 605 d,
1877 541 1993 597 282
2019 556 2050 594 c
2072 538 2128 601 d,
2160 541 2279 596 954
2304 538 2341 594 d
2364 557 2395 595 e
2457 537 2558 596 sed
2587 538 2722 596 Una

1641 633 1891 692 Persona
1944 641 2061 693 954
2102 656 2153 701 e,
2222 641 2339 695 960
2381 637 2436 708 b,
2495 641 2612 695 965
2667 657 2719 703 e,

1643 736 1760 790 969
1806 734 1860 801 d,
1921 736 2038 791 970
2078 753 2109 790 a
2147 753 2196 805 c,
2256 738 2373 791 974
2405 754 2456 800 e,
2517 738 2633 792 975
2667 755 2717 799 a,

1643 835 1759 890 977
1785 831 1821 888 b
1850 851 1898 903 c,
1944 836 2061 890 978
2086 833 2142 899 d,
2174 833 2250 890 iii.
2284 837 2423 891 417.

1557 928 1764 986 Vocati
1810 949 2027 996 omnes,
2074 932 2295 988 etiamsi
2338 951 2454 988 non
2488 932 2721 988 veniant

1640 1025 1706 1083 M
1739 1028 1815 1085 32
1846 1028 1943 1084 fin.

1559 1124 1842 1184 Voluntas
1893 1144 2005 1182 una
2044 1126 2103 1182 in
2146 1125 2316 1185 Patre
2365 1135 2424 1184 et
2466 1127 2609 1185 Filio
2659 1138 2718 1186 et

1637 1220 1851 1297 Spiritu
1881 1221 2094 1280 Sancto
2118 1226 2236 1283 239
2257 1242 2289 1280 e
2332 1223 2520 1282 Patris
2543 1233 2602 1283 et
2623 1225 2716 1282 Fi-

1633 1319 1693 1377 lii
1739 1323 2040 1392 331-340‚
2085 1323 2199 1381 661
2229 1340 2263 1378 a
2351 1322 2483 1396 quia
2529 1321 2717 1382 Patris

1634 1418 1897 1476 voluntas
1924 1428 2011 1476 est
2041 1417 2222 1476 Filius
2252 1422 2369 1478 527
2389 1419 2425 1476 b
2447 1438 2498 1478 c.

1557 1516 1837 1575 Voluntas
1865 1516 1977 1574 Dei
2004 1517 2098 1574 lex
2132 1521 2249 1576 242
2277 1518 2330 1575 b.

1555 1613 1926 1674 Voluntatem
1955 1614 2063 1672 Dei
2090 1615 2476 1673 nescientibus
2510 1616 2714 1692 plagae

1636 1731 1852 1788 paucae
1882 1715 1999 1772 728
2029 1731 2078 1778 c,
2121 1712 2192 1773 cf.
2220 1712 2455 1788 Plaqae,
2487 1714 2711 1790 Suppli-

1636 1813 1779 1868 cium
1834 1811 2106 1868 nonnulla
2132 1811 2425 1869 excusatio
2452 1810 2517 1869 M
2546 1816 2642 1871 19.

1559 1907 1935 1981 Voluptatum
1985 1927 2146 1966 amor
2190 1919 2441 1967 mentem
2491 1910 2563 1968 ad
2609 1911 2712 1967 Di·

1636 2006 1768 2061 vina
1827 2006 2188 2080 percipienda
2245 2015 2478 2065 enervat
2528 2014 2644 2067 556
2682 2028 2714 2066 c

1638 2101 1907 2160 obcaecat
1954 2111 2226 2178 tanquam
2277 2112 2336 2161 et
2384 2105 2595 2163 ebriosi
2642 2107 2712 2163 M

1638 2203 1739 2262 22.

1553 2296 1743 2354 Urbes
1803 2297 2266 2373 alienigenarum,
2327 2297 2707 2358 hereticorum

1633 2395 1846 2470 scripta
1874 2400 1908 2455 3
1933 2415 1982 2455 c.

1555 2492 1709 2550 Urbs
1738 2494 2119 2551 munitissima
2146 2495 2378 2553 obsessa
2410 2499 2528 2555 613
2552 2516 2599 2555 c.

1552 2590 1698 2648 Uvis
1747 2610 1819 2649 ex
1869 2593 1982 2650 vite
2024 2594 2307 2667 pendente
2350 2607 2709 2671 comparatur

1634 2708 1768 2746 vera
1836 2689 1908 2745 de
1979 2689 2296 2766 Unigenito
2373 2696 2706 2769 conceptio;

1634 2787 1830 2861 spinis,
1864 2806 2023 2845 error
2050 2790 2481 2864 polytheisticus
2511 2795 2587 2850 88
2612 2812 2662 2849 e.

1555 2884 1865 2942 Vulnerum
1935 2893 2104 2961 typos
2178 2905 2282 2943 cur
2351 2891 2709 2947 conservavit

1634 2980 1898 3040 Christus
1927 2984 2101 3054 1106,
2139 2988 2313 3050 1107,
2347 2985 2420 3043 iii.
2456 2989 2594 3046 374.

1554 3084 1588 3114 “
1608 3079 1829 3154 Vulpes
1884 3089 1942 3137 et
2001 3082 2259 3139 volucres
2326 3083 2510 3140 caeli’'
2565 3103 2707 3159 quae

1636 3181 1754 3237 834
1777 3177 1815 3235 d
1837 3197 1887 3237 e.
