3269 5166
761 351 1019 418 QUOD
1075 351 1328 416 UNUS
1388 350 1550 415 EST
1602 350 2075 417 CHRISTUS.
2485 353 2614 415 457

212 524 256 563 “
293 519 395 599 εἷς
463 512 597 612 τὴν
665 515 1079 615 οἰκουμένην
1150 517 1343 618 λέγει
1412 518 1558 595 Καὶ
1626 514 2355 617 προσκυνησάτωσαν
2421 515 2614 620 αὐτῷ

213 635 557 721 “mim-es·
619 638 924 741 ἄγγελοι
969 637 1231 719 Θεοῦ.”
1306 637 1482 720 πότε
1548 640 1675 719 οὖν
1739 639 2030 741 γέγονεν
2091 641 2130 718 5
2192 637 2614 740 Μονογενὴς

209 760 718 864 πρωτότοκος·
699 824 720 857 ,
803 762 919 843 ὅτε
972 763 1266 909 γέγονεν
1301 764 1377 841 ἐν
1432 771 1739 848 πολλοῖς
1786 766 2128 869 ἀδελφοῖς
2180 766 2295 842 καὶ
2344 796 2609 866 κεχρη-

210 882 464 985 μάτικε
521 887 681 985 μεθ
740 885 943 985 ἡμῶν
993 886 1142 970 υἱὸς
1190 886 1597 990 ἀνθρώπου.
1679 889 1849 966 ἀλλ’
1909 887 2101 989 εἴπερ
2158 883 2431 992 ᾔδεσαν
2486 887 2614 965 οὑκ

146 1028 184 1088 5
214 1006 391 1088 ὄντα
429 1007 618 1089 Θεὸν
654 1043 726 1088 αι
764 1010 911 1088 ἅνω
950 1008 1275 1105 δυνάμεις
1328 1010 1488 1090 οὐδὲ
1535 1011 1755 1114 φύσει
1792 1013 1907 1089 καὶ
1945 1013 2235 1110 ἀληθῶς
2271 1008 2451 1090 Υιον
2488 1007 2615 1087 τὸν

215 1133 294 1212 ἐκ
332 1132 748 1241 σπερματος
784 1134 1054 1213 Δαυεὶδ
1101 1132 1284 1212 κατὰ
1319 1134 1583 1236 σάρκα,
1620 1141 1775 1218 πῶς
1811 1131 1900 1213 ἂν
1935 1133 2330 1239 ἠνέσχοντο
2368 1166 2607 1234 προσ-

216 1264 449 1337 κυνεῖν
481 1258 718 1363 αὑτῷς
780 1257 1034 1336 οὐκοῦν
1071 1253 1155 1336 ὃν
1191 1265 1733 1360 προσκυνοῦσιν
1769 1259 2091 1360 ἄγγελοι,
2119 1256 2219 1356 μὴ
2256 1255 2619 1361 ἀτιμάσῃς·

216 1378 452 1478 αὐτὸς,
522 1381 762 1481 ἕτερον
836 1377 1011 1460 εἶναι
1084 1379 1322 1483 λέγων
1392 1381 1545 1461 υἱὸν
1619 1379 1803 1460 κατὰ
1873 1379 2097 1480 μόνας
2167 1384 2284 1460 καὶ
2358 1385 2614 1463 ἶδικῶς·

215 1503 511 1583 πίστευε
569 1503 645 1583 δὲ
700 1510 989 1601 μᾶλλον
1029 1508 1125 1588 ὡς
1162 1503 1258 1588 εἷς
1307 1507 1425 1585 καὶ
1468 1502 1686 1603 μόνος
1740 1506 1939 1585 ἐστὶν
1971 1507 2256 1604 Ἰησοῦς
2292 1502 2620 1606 Χριστὸς

110 1665 193 1706 ιο
219 1627 260 1706 5
297 1627 515 1711 αὐτὸς
550 1630 627 1707 ἐκ
667 1626 959 1729 Πατρὸς
997 1634 1247 1711 θεῖκῶς
1286 1625 1470 1708 κατὰ
1506 1624 1640 1727 τὴν
1677 1627 2064 1734 ἄφραστον
2100 1628 2460 1729 γέννησιν,
2500 1629 2617 1706 καὶ

217 1752 297 1830 ἐκ
334 1748 667 1851 γυναικὸς
705 1748 889 1830 κατὰ
925 1751 1169 1855 σάρκα
1206 1749 1323 1833 διὰ
1359 1749 1491 1851 τὴν
1525 1752 1709 1856 πρὸς
1744 1752 1929 1852 ἡμᾶς
1966 1751 2334 1853 ὁμοίωσιν.

392 2033 526 2100 Τοῦ
581 2033 780 2099 αὐτοῦ
837 2035 909 2099 ὲκ
963 2041 1079 2099 τῆς
1132 2032 1392 2111 ὁμιλίας
1445 2038 1564 2099 τῆς
1618 2035 1719 2102 ὅτι
1774 2027 1868 2099 εἷο
1925 2033 2152 2123 Κύριος
2192 2035 2450 2099 Ἰησοῦς

1278 2173 1570 2262 Χριστός.

339 2347 543 2450 Πρὸς
592 2348 678 2447 δὴ
725 2349 819 2428 τὰ
874 2357 1165 2428 τοιαῦτα
1220 2353 1433 2455 φαῖεν
1487 2346 1578 2428 ἂν
1629 2348 1810 2433 ἴσως
1859 2353 1926 2429 oi
1985 2354 2414 2452 φιλονεικεῖν
2462 2348 2615 2428 ἐθέ-

119 2494 195 2555 15
222 2482 477 2556 λοντες
516 2475 800 2553 Οὐκοῦν
846 2473 886 2551 5
937 2472 1158 2578 φύσει
1206 2473 1323 2552 καὶ
1372 2475 1662 2572 ἀληθῶς
1699 2470 1875 2556 Υἱὸς
1921 2479 2049 2551 τοῦ
2085 2476 2276 2551 Θεοῦ
2331 2469 2625 2573 γέγονεν

226 2596 368 2678 ὑπὸ
407 2594 627 2695 νόμον
656 2629 677 2693 ;
741 2593 892 2676 εἶτα
927 2599 1004 2677 τί
1045 2595 1129 2677 τὸ
1167 2605 1448 2678 λυποῦν
1483 2596 1646 2677 εἶπέ
1671 2631 1792 2694 μοι
1826 2593 1961 2676 κᾶν
1997 2601 2055 2676 εἰ
2091 2604 2303 2676 τοῦτο
2341 2594 2624 2697 λέγοιτο

223 2726 531 2801 παθεῖν·
511 2783 532 2818 ,
634 2756 695 2801 ει
767 2755 910 2824 γαρ
982 2721 1416 2820 πιστεύομεν
1477 2755 1586 2801 οτι
1658 2721 1912 2822 γέγονε
1983 2718 2185 2826 σὰρξ
2254 2722 2625 2802 τουτέστιν

224 2843 605 2947 ἄνθρακι-ος
678 2847 719 2923 5
792 2847 955 2925 καθ’
1034 2846 1220 2945 ἡμᾶς
1300 2844 1638 2947 γενέσθαι
1711 2843 2190 2950 καταξιώσας,
2267 2845 2458 2923 διατί
2521 2841 2623 2943 μὴ

226 2969 398 3066 μεθ’
438 2969 641 3068 ἡμῶν
688 2973 804 3050 καὶ
844 2967 982 3049 ὑπὸ
1020 2969 1239 3067 νόμον
1284 2966 1622 3122 γενέσθαι
1671 2967 2004 3071 λέγοιτο;
2061 2964 2310 3118 ὥσπερ
2364 2999 2509 3067 γαρ
2565 2999 2625 3046 ει

112 3125 199 3165 20
228 3127 348 3172 και
413 3092 664 3194 γέγονε
727 3093 894 3173 καθ’
955 3093 1162 3193 ἡμᾶς,
1228 3094 1356 3172 οὑκ
1420 3092 1705 3192 ἀπέστη
1762 3099 1891 3171 τοῦ
1946 3125 2119 3170 ειναι
2180 3087 2356 3193 ὑπερ
2413 3089 2621 3188 ἡμᾶς

225 3221 346 3296 καὶ
401 3223 461 3297 εἶ
516 3217 816 3303 κτίσεως
870 3216 1339 3322 κεχρημάτικε
1393 3219 1606 3319 μέρος
1656 3213 1774 3295 διὰ
1827 3213 1913 3294 τὸ
1967 3212 2434 3313 ἀνθρώπινον,
2486 3214 2626 3318 ἔχει

225 3343 346 3420 καὶ
422 3343 608 3424 οὕτω
680 3340 766 3421 τὸ
840 3341 1014 3444 ὑπὲρ
1078 3347 1331 3422 πᾶσαν
1396 3336 1569 3420 εἶναι
1642 3338 1774 3439 τὴν
1836 3340 2096 3419 κτίσιν.
2191 3340 2308 3418 καὶ
2378 3333 2632 3488 ὥσπερ

225 3463 521 3572 μορφὴν
578 3465 842 3546 δούλου
904 3463 1158 3560 λαβὼν
1215 3463 1416 3544 οὐδὲν
1473 3461 1689 3565 ἧττόν
1744 3465 1902 3544 ἐστι
1961 3460 2369 3562 Δεσπότης,
2428 3463 2625 3561 ὡμο-

228 3585 538 3691 λόγηται
612 3590 687 3669 δε
756 3593 873 3671 καὶ
949 3588 1291 3694 ὑπάρχειν
1356 3592 1503 3667 τῶν
1572 3586 1769 3668 ολων
1838 3587 2126 3689 Κύριος·
2239 3587 2424 3666 οὕτω
2498 3586 2633 3666 κᾶν

116 3739 204 3801 25
233 3716 290 3791 εἶ
357 3712 647 3814 λέγοιτο
713 3713 1053 3815 γενέσθαι
1119 3711 1340 3817 τυχὸν
1399 3710 1538 3792 ὑπο
1598 3711 1820 3810 νόμον
1882 3715 1978 3794 ὡς
2042 3710 2440 3812 ἄνθρωπος’,
2505 3712 2632 3789 οὑκ

237 3837 523 3934 ἀπέστη
585 3845 714 3916 τοῦ
761 3831 936 3916 εἶναι
1004 3834 1180 3940 ὑπὲρ
1241 3834 1461 3937 νόμον
1518 3840 1614 3921 ὡς
1656 3835 1863 3920 Θεός.
1938 3835 2015 3916 τί
2066 3831 2231 3936 γὰρ,
2287 3836 2444 3914 εἶπέ
2488 3868 2630 3932 μοι,

236 3959 769 4064 φορτικωτεροιὶ
800 3968 950 4057 τοῦ,
987 3961 1388 4064 γέγραπται
1423 3994 1583 4062 περι
1621 3962 1840 4039 αὑτοῦ
1877 3994 1988 4039 οτι
2031 3959 2325 4062 γέγονεν
2380 3966 2425 4004 “
2454 3954 2629 4060 ὑπερ
2655 3975 2769 4027 Gal
2793 3974 2863 4024 iii
2890 3986 2964 4037 ¹³·

233 4084 515 4183 “ἡμῶν
552 4083 886 4187 κατάρα,”
935 4119 1051 4163 και
1087 4084 1313 4164 πάλιν
1358 4094 1401 4131 “
1437 4082 1590 4165 Τον
1624 4082 1727 4183 μὴ
1762 4083 2027 4187 γνόντα
2063 4082 2417 4184 ἁμαρτίαν
2455 4078 2685 4206 ὑπερ
2658 4108 2685 4141 ²
2705 4091 2816 4140 001··
2844 4103 2892 4138 v.

233 4207 517 4306 “ἡμῶν
560 4208 915 4309 ἁμαρτίαν
956 4208 1356 4309 ἐποίησεν,”
1416 4210 1588 4288 ἀλλ’
1628 4242 1790 4288 ουτε
1847 4207 2122 4310 κατάρα
2176 4208 2376 4286 ἐστὶν
2413 4206 2454 4284 5
2497 4204 2633 4304 τὴν

311 4388 392 4427 η.
430 4369 1120 4436 echoniatewCodLaur
1145 4373 1467 4441 fol.141v.‚
1494 4371 1696 4497 bf201.1
1745 4388 1852 4443 7v.
2261 4369 2342 4426 16.
2380 4367 2630 4440 «Qash.

241 4442 428 4498 18-20.
468 4444 516 4497 A
543 4442 658 4497 καθ’
687 4441 755 4496 ad
778 4442 897 4499 καθ
919 4443 1150 4498 transilit
1179 4444 1823 4498 1).οπ
1845 4442 2014 4498 acu-{mv
2038 4439 2106 4495 de
2128 4457 2272 4497 novo
2295 4441 2488 4495 iterum
2513 4456 2633 4509 per-

235 4514 313 4584 git
342 4516 441 4568 Καὶ
466 4513 622 4586 quui
646 4512 887 4569 scholion
912 4531 1114 4568 novum
1140 4513 1402 4584 incipiens
1426 4513 1541 4568 sine
1565 4515 1721 4568 titulo
1746 4531 1888 4570 novo
1911 4513 1966 4567 b.
2278 4513 2362 4565 26.
2398 4506 2630 4580 ἀπέστη]

243 4589 299 4648 4
328 4585 413 4639 ml
438 4584 495 4640 b
833 4599 916 4655 27.
955 4582 1093 4655 τοῦ,]
1125 4583 1208 4638 Ita
1233 4582 1400 4638 codex
1425 4593 1664 4655 uterque.

324 4685 468 4732 vot„
496 4686 603 4731 n1.
1439 4688 1476 4752 3
1510 4685 1553 4728 n
