3269 5166
559 351 677 407 626

1389 343 1713 403 INDEX
1800 344 2169 403 RERUM.

2793 361 2851 399 1¹1
2860 361 2980 402 1288

553 529 750 588 Fidem
786 538 1062 594 nostram,
1093 528 1406 604 gloriantes
1438 546 1553 584 non
1596 545 1705 602 pu·
1814 527 1981 585 Fides
2036 527 2273 584 aliorum
2328 545 2434 602 pro
2488 484 2729 583 aliorum
2786 525 2983 583 salute

635 629 776 686 dore
816 627 1021 693 affecti,
1050 635 1245 686 tenere
1287 626 1560 685 debemus
1588 629 1707 684 482

635 727 745 784 cd.

552 823 713 883 Fidei
740 823 1026 882 coelorum
1055 841 1298 899 regnum
1326 823 1515 880 reddit
1541 821 1709 878 Chri-

634 930 760 980 stus
787 925 865 980 89
888 940 937 989 c,
970 925 1089 980 234
1112 940 1144 979 c
1199 940 1299 998 per
1335 920 1506 978 fidem
1541 918 1710 978 chri-

635 1028 757 1078 stus
768 1018 908 1077 Vita
923 1038 1032 1077 nos
1048 1020 1332 1078 inhabitat
1343 1023 1372 1077 1
1383 1023 1458 1077 73
1478 1038 1531 1083 c,
1551 1021 1671 1077 393
1681 1036 1715 1075 c

633 1136 737 1194 per
797 1117 969 1176 fidem
1044 1126 1259 1176 rectam
1344 1134 1713 1191 amoremque

632 1215 949 1292 perfectum
979 1218 1099 1275 319
1122 1235 1154 1274 c
1223 1217 1377 1274 Laus
1403 1217 1530 1291 ejus
1555 1217 1706 1272 1111

634 1333 683 1385 a,
707 1315 783 1372 iii.
816 1318 930 1373 411
1008 1314 1288 1390 justificat
1315 1313 1384 1370 M
1417 1317 1493 1371 73
1568 1328 1713 1387 quae

633 1421 722 1470 est
749 1412 818 1470 M
849 1416 926 1471 66
963 1413 1044 1489 [p.
1069 1410 1242 1490 288].

554 1512 723 1569 Fides
778 1512 996 1568 salvum
1056 1511 1192 1568 facit
1241 1514 1360 1569 207
1391 1529 1444 1575 a,
1497 1510 1614 1568 328
1653 1505 1711 1576 d,

633 1609 708 1667 iii.
742 1613 861 1668 447
930 1609 1107 1666 vitam
1151 1608 1250 1666 dat
1297 1612 1415 1667 373
1434 1607 1491 1672 b,
1531 1605 1713 1665 9521)

633 1707 862 1782 pietatis
901 1706 1335 1764 fundamentum
1381 1709 1499 1764 423
1518 1725 1552 1763 a
1609 1703 1710 1763 ad·

626 1805 793 1879 juvat
834 1806 952 1862 603
982 1823 1015 1860 c
1082 1803 1306 1860 animae
1368 1804 1496 1879 piae
1567 1820 1713 1878 opus

635 1904 753 1959 309
776 1901 815 1958 b
867 1920 976 1958 nos
1015 1901 1349 1959 reconciliat
1375 1901 1443 1958 M
1475 1905 1553 1960 99
1582 1901 1710 1959 init.

551 1997 692 2056 Fide
724 2017 840 2055 non
883 1999 1230 2057 scrutatione
1258 2018 1326 2057 ea
1354 2018 1501 2075 quae
1541 2018 1715 2075 supra

633 2115 741 2154 nos
766 2096 1016 2155 tenenda
1043 2101 1162 2156 279
1182 2097 1238 2156 d.

552 2195 724 2254 Fides
765 2194 985 2254 Christi
1020 2215 1140 2253 non
1173 2195 1341 2255 datur
1377 2205 1447 2253 ut
1487 2196 1712 2254 silentio

632 2302 866 2370 tegatur
913 2294 1016 2352 sed
1061 2303 1128 2352 ut
1170 2294 1359 2370 magis
1413 2294 1713 2370 magisque

633 2401 854 2450 maest
883 2393 1003 2451 202
1025 2392 1079 2450 b.

551 2488 716 2547 Fidei
747 2488 1049 2554 confessio,
1086 2507 1185 2547 ore
1222 2487 1503 2560 habenda,
1538 2489 1713 2548 corde

631 2596 692 2645 et
717 2586 909 2644 animo
935 2586 1228 2645 fundanda
1251 2591 1371 2647 683
1396 2607 1428 2646 c
1483 2588 1712 2646 infanti-

630 2686 739 2743 bns
805 2687 1352 2763 aegrotantibnsqne
1408 2705 1513 2763 per
1567 2687 1712 2745 alios

631 2784 803 2849 facta.
849 2783 995 2842 sicut
1048 2803 1154 2861 pro
1203 2783 1425 2843 Lazaro
1474 2784 1714 2843 Martha

632 2886 753 2942 683
776 2882 865 2941 de
930 2882 1214 2941 confessio
1255 2883 1336 2940 iii.
1367 2886 1481 2942 401
1562 2883 1709 2949 Deo,

632 3001 748 3040 non
777 2982 1100 3040 bominibus
1127 2981 1279 3040 facta
1307 2983 1426 3040 683
1449 2980 1502 3038 d.

551 3080 713 3140 Fidei
767 3081 1028 3140 doctrina
1079 3098 1115 3137 a
1171 3079 1304 3137 viris
1365 3078 1711 3155 spiritalibus

632 3178 1009 3237 examinanda
1037 3178 1102 3236 M
1128 3181 1207 3236 56
1240 3178 1321 3253 [p.
1344 3177 1513 3251 26³}

554 3276 751 3334 Fidem
789 3277 847 3334 in
877 3276 1172 3334 Christum
1205 3284 1273 3333 nt
1310 3275 1501 3334 Deum
1545 3293 1709 3350 prae-

631 3375 730 3433 bet
758 3376 931 3433 Pater
956 3374 1024 3431 M
1057 3377 1154 3432 86.

552 3472 722 3532 Fides
761 3473 1084 3548 justificans
1114 3475 1232 3531 645
1251 3491 1304 3538 c,
1349 3474 1461 3529 741
1490 3490 1542 3538 a.
1588 3473 1704 3530 921

631 3570 740 3636 bc,
772 3573 890 3628 922
911 3570 1020 3635 de.
1051 3574 1171 3630 990
1191 3590 1244 3636 c,
1276 3570 1347 3628 cf.
1361 3573 1481 3629 869
1501 3569 1555 3641 d,
1587 3572 1707 3628 877

632 3685 685 3733 e,
715 3669 854 3731 878,
887 3670 1005 3727 879
1027 3668 1067 3725 b
1123 3668 1267 3726 fides
1300 3680 1360 3727 et
1388 3689 1560 3745 opera
1588 3673 1708 3728 868

631 3765 690 3831 b,
735 3767 853 3823 869
883 3765 939 3831 d,
984 3769 1105 3825 877
1131 3766 1173 3823 d
1252 3768 1374 3826 sine
1421 3767 1706 3844 operibns,

632 3882 807 3940 opera
831 3864 953 3922 sine
979 3865 1115 3931 fide,
1146 3884 1348 3923 manca
1371 3869 1488 3925 728
1506 3885 1555 3932 e,
1588 3870 1707 3925 729

632 3981 668 4020 a
731 3962 853 4020 sine
888 3963 1126 4022 caritate
1164 3963 1302 4021 nihil
1333 3967 1450 4022 866
1480 3984 1530 4032 e,
1561 3966 1707 4034 867,

634 4063 752 4120 868
821 4061 879 4118 in
914 4061 1160 4133 Patrem,
1189 4062 1247 4119 in
1277 4062 1485 4121 Filium
1513 4062 1715 4122 lucar-²

631 4168 848 4231 natum,
887 4158 946 4217 in
982 4160 1255 4236 Spiritum
1286 4161 1555 4219 Sanctum
1587 4164 1706 4220 762

630 4277 667 4316 a
687 4277 719 4316 c
773 4257 895 4316 sine
923 4257 1038 4316 ulla
1063 4258 1381 4316 differentia
1410 4262 1526 4318 762
1548 4259 1606 4318 b.

552 4356 750 4415 Fidem
819 4374 936 4413 non
1006 4357 1378 4424 servantibus,
1452 4376 1561 4415 nos
1632 4357 1705 4415 ad

531 4498 537 4504 .
633 4453 825 4512 Deum
843 4454 1196 4512 characteres
1218 4454 1588 4532 obsignantes
1603 4456 1705 4515 ob-

633 4569 831 4612 scurae
859 4552 999 4608 fiant
1024 4551 1101 4611 iii.
1132 4555 1273 4612 593.

1893 626 2097 702 accipit
2139 625 2301 683 Dens
2328 628 2445 684 683
2471 623 2508 681 d
2531 644 2584 690 e,
2619 626 2741 682 684
2765 643 2819 689 a.
2850 627 2981 682 687

1894 725 1951 789 d,
1982 725 2061 782 iii.
2095 729 2233 784 544.

1813 824 2026 881 Funus
2063 822 2136 881 de
2168 823 2330 880 Patre
2372 830 2434 880 et
2473 821 2532 879 in
2562 821 2733 879 Patre
2769 823 2896 880 306
2920 820 2981 884 d..

1894 924 2014 980 805
2034 939 2089 987 e,
2121 924 2240 980 987
2258 940 2311 985 ιι.
2336 924 2488 979 1001
2512 940 2546 978 a
2592 918 2787 996 prodit
2804 918 2987 976 simul

1894 1032 1953 1078 et
1982 1019 2238 1077 inexistit
2264 1022 2357 1086 12,
2388 1023 2506 1078 413
2529 1038 2581 1087 c,
2618 1020 2737 1076 493
2762 1016 2821 1081 d,
2855 1019 2983 1075 824

1892 1137 1947 1184 a,
1971 1121 2092 1177 939
2104 1117 2168 1182 d,
2190 1117 2263 1175 cf.
2282 1121 2401 1176 952
2421 1136 2472 1181 e,
2490 1117 2569 1174 iii.
2591 1119 2713 1175 580
2764 1117 2989 1173 Essen-

1891 1216 2031 1273 tiam
2099 1216 2382 1291 propriam
2454 1215 2627 1273 habet
2698 1216 2821 1273 306
2852 1233 2888 1270 c
2926 1213 2986 1278 d,

1896 1317 2014 1373 307
2032 1314 2091 1379 b,
2138 1317 2255 1372 525
2280 1313 2335 1379 d,
2376 1315 2497 1372 810
2518 1332 2569 1379 c,
2612 1316 2734 1371 977
2753 1311 2815 1378 d.
2858 1314 2987 1370 987

1894 1412 1931 1467 b
2012 1411 2115 1468 sed
2175 1431 2293 1468 non
2348 1410 2678 1468 omnimodo
2744 1429 2982 1484 separa·

1893 1519 2016 1566 tum
2059 1513 2179 1569 306
2199 1511 2256 1573 d,
2302 1514 2420 1568 307
2443 1509 2499 1575 b,
2542 1510 2660 1566 667
2685 1527 2737 1579 a,
2776 1510 2906 1566 952
2930 1527 2985 1572 e.

1894 1611 2015 1667 953
2059 1627 2108 1677 a,
2160 1607 2230 1665 cf.
2273 1612 2388 1666 347
2412 1626 2464 1672 c,
2511 1610 2626 1666 531
2652 1626 2709 1672 a.
2760 1610 2881 1665 571
2932 1625 2985 1670 e.

1898 1709 2010 1764 ⁷61
2037 1725 2086 1772 e,
2130 1684 2327 1771 9:3st
2372 1705 2566 1770 95⁷b‚
2610 1707 2763 1763 1001
2793 1724 2833 1762 a
2922 1704 2985 1760 in

1900 1806 1985 1862 Eo
2025 1805 2280 1863 cernitur
2319 1813 2589 1879 tanquam
2631 1803 2693 1860 in
2741 1803 2985 1878 speculo

1895 1907 2066 1963 Pater
2099 1905 2216 1961 496
2238 1922 2291 1967 a,
2321 1901 2393 1958 cf.
2416 1904 2535 1960 673
2554 1920 2587 1958 c
2606 1919 2658 1960 e.

1814 2003 1992 2061 Filius
2027 2000 2290 2057 voluntas
2335 1999 2520 2057 Patris
2553 2002 2667 2058 197
2698 1999 2737 2056 d
2765 2018 2802 2056 e
2860 2018 2982 2056 non

1894 2107 1985 2157 est
2020 2099 2209 2163 Pater,
2242 2116 2348 2174 per
2376 2096 2453 2156 Se
2491 2097 2744 2155 existens
2775 2101 2902 2158 243
2925 2097 2984 2162 d.

1895 2202 2014 2257 774
2037 2216 2091 2264 a,
2123 2199 2245 2255 930
2267 2215 2318 2261 e,
2350 2199 2465 2254 931
2489 2215 2523 2253 a
2576 2195 2722 2252 etin
2752 2214 2827 2253 eo
2855 2197 2983 2271 ipso

1895 2295 2049 2353 Patri
2082 2294 2280 2352 similis
2308 2293 2383 2353 iii.
2416 2297 2553 2359 367,
2586 2296 2727 2351 581.

1812 2393 1940 2452 Filii
1981 2391 2155 2470 opera
2180 2394 2468 2469 quomodo
2505 2413 2540 2450 a
2577 2391 2754 2450 Patre
2786 2396 2911 2451 253
2931 2410 2982 2456 e.

1895 2498 2035 2563 530,
2069 2496 2182 2553 781
2212 2495 2268 2566 d,
2301 2497 2420 2552 782
2443 2492 2554 2560 ad,
2587 2495 2706 2551 798
2737 2511 2772 2548 a
2800 2491 2871 2548 M
2901 2495 2981 2549 94

1895 2593 2022 2651 init.
2108 2611 2212 2650 sua
2276 2593 2430 2651 Patri
2497 2591 2805 2668 aliquando
2874 2610 2983 2667 per

1893 2691 2285 2749 oeconomiam
2324 2690 2528 2748 tribuit
2565 2692 2682 2748 417
2702 2689 2741 2748 b
2769 2708 2821 2754 c,
2853 2692 2983 2748 665

1893 2807 1945 2855 a,
1991 2791 2110 2846 668
2135 2806 2187 2857 c,
2235 2790 2351 2847 782
2376 2786 2413 2844 d
2435 2807 2486 2855 e,
2533 2790 2650 2846 836
2674 2806 2706 2844 e
2801 2806 2985 2862 opera

1892 2894 2088 2945 tamen
2138 2894 2273 2944 sunt
2314 2904 2348 2943 e
2393 2885 2623 2943 Natura
2665 2887 2787 2944 530
2815 2904 2848 2941 c
2878 2885 2920 2941 d
2948 2903 2982 2940 e

1894 3002 2067 3059 opera
2093 2984 2213 3041 suis
2250 2982 2323 3041 ad
2361 2982 2679 3040 faciendum
2711 2981 2829 3046 dat,
2857 3000 2980 3038 non

1891 3080 2114 3138 coelum
2143 3080 2400 3150 fundare,
2428 3097 2547 3135 non
2587 3078 2771 3135 solem
2811 3078 2979 3135 exhi-

1892 3179 2029 3237 bere
2059 3182 2179 3237 803
2202 3196 2253 3243 c,
2286 3180 2401 3236 981
2425 3177 2461 3234 b
2482 3196 2534 3234 c.

1812 3276 1987 3335 Filius
2015 3275 2242 3333 Patrem
2275 3274 2665 3351 spiritumque
2694 3272 2975 3332 Sanctum

1892 3374 1951 3432 in
1986 3373 2066 3433 Se
2094 3373 2459 3432 Naturaliter
2491 3372 2666 3430 habet
2698 3376 2817 3432 150
2838 3392 2875 3430 a
2941 3392 2977 3430 a

1890 3472 2057 3529 nobis
2083 3480 2144 3530 et
2185 3490 2220 3529 a
2248 3470 2477 3530 Sanctis
2504 3470 2739 3546 Angelis
2772 3472 2976 3530 adora·

1890 3580 1985 3629 tur
2028 3574 2146 3630 217
2171 3590 2224 3638 e,
2269 3573 2388 3629 218
2419 3589 2471 3642 a,
2515 3573 2633 3629 232
2663 3570 2723 3635 b.
2768 3574 2889 3630 304
2918 3572 2974 3640 d,

1892 3672 2012 3729 959
2036 3669 2091 3738 d,
2135 3669 2214 3727 iii.
2246 3672 2385 3734 384.
2433 3673 2568 3736 385,
2610 3672 2726 3728 498
2788 3679 2972 3728 aeter·

1890 3787 2002 3826 nus
2042 3769 2175 3844 qnia
2214 3787 2250 3826 a
2286 3767 2460 3826 Patre
2500 3777 2734 3826 aeterno
2771 3772 2892 3828 579
2920 3789 2970 3837 c,

1894 3869 2009 3924 581
2032 3887 2065 3924 a
2083 3865 2120 3923 d
2177 3865 2362 3924 Patris
2384 3865 2601 3932 Gloria,
2623 3865 2824 3923 Gloria
2850 3866 2972 3924 Filii

1891 3965 2062 4024 Pater
2081 3970 2199 4025 579
2222 3964 2259 4022 d
2278 3985 2328 4038 e,
2358 3968 2478 4024 948
2495 3965 2536 4021 b
2553 3983 2605 4034 c,
2630 3967 2751 4023 949
2768 3964 2827 4033 b,
2850 3968 2972 4024 950

1892 4063 1980 4121 ab
1998 4083 2030 4121 c
2086 4064 2223 4122 Post
2244 4062 2702 4121 lucar-nationem
2729 4063 2969 4138 gloriam

1890 4162 2111 4238 accepit
2136 4161 2316 4219 Filius
2344 4180 2380 4218 a
2405 4160 2575 4218 Patre
2603 4163 2722 4220 959
2751 4160 2791 4217 b
2818 4179 2871 4230 c,
2899 4159 2969 4217 cf.

1890 4262 2010 4319 958
2031 4260 2086 4327 d,
2118 4262 2233 4318 961
2260 4278 2314 4324 a,
2344 4262 2459 4318 971
2483 4278 2536 4325 a,
2569 4259 2629 4316 M
2665 4261 2745 4318 85
2767 4258 2866 4315 fin.
2897 4256 2967 4316 cf.

1892 4356 1956 4414 M
1978 4360 2052 4415 91
2079 4353 2160 4436 [p.
2187 4352 2361 4437 336].

1809 4454 1988 4513 Filius
2015 4456 2152 4531 qnid
2180 4455 2286 4513 sibi
2313 4455 2449 4513 velit
2476 4455 2691 4522 dicens,
2715 4455 2963 4514 Verbum

1889 4553 2075 4611 Patris
2104 4572 2270 4613 servo
2294 4558 2370 4614 33
2393 4573 2444 4622 a,
2470 4558 2589 4613 583
2662 4552 2741 4612 Se
2785 4550 2963 4610 Patris
