3269 5166
501 343 969 409 HOMILIAE
1016 342 1276 410 QUOD
1320 342 1522 408 NON
1570 342 1846 408 HOMO
1892 342 2367 408 DEIFERUS.
2505 346 2685 509 459[
2772 443 2883 494 6M
2927 444 2952 510 ]

2707 446 2769 495 ²8
2886 482 2898 496 .

1351 707 1500 784 ΙΙΙ.

218 912 362 979 Τοῦ
415 914 613 979 αὐτοῦ
662 913 846 989 ἀπίου
904 913 1216 1003 ΚυρίΛλου
1280 914 1354 978 ἐκ
1419 918 1537 980 τῆς
1594 914 1861 1003 πρὼτι-ιο
1911 916 2173 992 ὁμιλίας
2225 919 2345 982 τῆς
2398 917 2500 983 ὅτι
2555 916 2629 981 οὗ

298 1037 427 1127 χρὴ
483 1039 696 1113 λέπειν
731 1040 1081 1129 ἄνθρωπον
1121 1040 1466 1128 θεοφόρον,
1515 1039 1687 1103 ἀλλὰ
1728 1040 1895 1108 Θεὸν
1932 1039 2556 1129 ὲνανθρωῐτήσαντα.

342 1203 603 1304 Μέγας
646 1200 736 1303 ἦν
780 1203 1001 1286 ὅντως
1059 1203 1098 1281 ὁ
1153 1201 1497 1305 μακάριος
1540 1207 1900 1301 Μωῦσῆς·
1960 1203 2225 1303 ἤκουσε
2261 1200 2405 1304 γὰρ
2443 1208 2636 1281 Θεοῦ

161 1351 197 1411 5
223 1325 574 1425 λε’γοντος
650 1336 693 1372 “
724 1322 916 1404 Οἶδά
986 1359 1076 1405 σε
1140 1326 1340 1429 παρὰ
1398 1323 1696 1421 πάντας,
1752 1328 1872 1404 καὶ
1934 1322 2145 1430 χάριν
2200 1324 2393 1427 εὗρες
2460 1325 2630 1427 παρ’
2657 1341 2819 1456 Exogg

223 1459 267 1497 ‘⁴
303 1448 533 1548 ἐμοί·”
593 1449 764 1528 ἀλλ’
806 1446 893 1548 ἦν
930 1451 1025 1533 ὡς
1064 1450 1330 1547 οἰκέτης
1381 1452 1454 1528 ἐν
1501 1448 1672 1557 οἴκῳ
1721 1449 2003 1534 πιστός·
2062 1448 2509 1556 ἀξιάγαστος
2546 1448 2634 1550 ἦν
2657 1422 2946 1537 {sb-¹515}-

223 1576 264 1651 ὁ
320 1571 707 1678 προφήτης·
762 1573 1129 1672 Σαμουὴλ,
1167 1573 1335 1651 ἀλλ’
1376 1571 1465 1673 ἦν
1525 1571 1924 1676 ἐναρίθμιος
1980 1582 2026 1620 “
2053 1580 2199 1657 τοῖς
2254 1575 2633 1653 ἐπικαλου-
2657 1589 2735 1700 ¹6³⁸·
2761 1586 2926 1636 xcviii.

225 1706 270 1744 “
305 1695 548 1792 μένοις
559 1696 599 1722 ”
639 1692 767 1774 τὸν
810 1702 955 1776 τῶν
1004 1695 1199 1775 ὅλων
1235 1695 1446 1776 Θεόν·
1503 1694 1694 1797 ἅγιοι
1745 1695 2137 1799 γεγόνασιν
2187 1701 2254 1776 οἱ
2299 1694 2634 1799 μακάριοι
2693 1689 2704 1703 ’

221 1822 620 1923 προφῆται,
656 1816 854 1919 πλὴν
889 1820 1334 1919 ὁμολογοῦσι
1377 1816 1461 1899 τὸ
1499 1824 1626 1918 τῆς
1664 1820 1988 1904 δουλείας
2029 1819 2310 1923 με’τρον,
2347 1823 2464 1900 καὶ
2501 1819 2634 1922 τὴν

128 1974 201 2015 ιο
225 1941 532 2027 οἰκέταις
578 1941 1002 2044 πρέπουσαν
1038 1941 1486 2044 ἀνεπλήρουν
1518 1943 1945 2042 οἰκονομίαν,
1982 1940 2147 2026 τοὺς
2197 1944 2469 2023 ἄνωθεν
2514 1946 2633 2024 καὶ

222 2065 431 2170 παρὰ
466 2071 656 2146 Θεοῦ
711 2063 978 2167 λόγους
1031 2072 1175 2149 τοῖς
1230 2062 1315 2144 τὸ
1368 2066 1694 2166 τηνικάδε
1750 2064 2406 2169 διαπορθμεύοντες,
2442 2074 2632 2164 μᾶλ-

226 2207 371 2270 λον
428 2189 506 2269 δὲ
558 2192 674 2269 καὶ
729 2189 897 2287 ἡμῖν
935 2189 1189 2273 αὐτοῖς’
1267 2188 1777 2291 διακεκρᾶγασι
1834 2188 1975 2293 γὰρ
2031 2190 2142 2268 ἀεί
2192 2190 2382 2270 Τάδε
2438 2189 2632 2291 λε’γει

232 2313 528 2417 Κύριος·
590 2313 730 2419 ἔφη
769 2314 855 2392 δέ
879 2345 1022 2393 που
1057 2315 1173 2392 καὶ
1208 2310 1420 2396 αὐτὸς
1460 2313 1500 2390 ὁ
1536 2312 1863 2415 Χριστὸς
1897 2316 2059 2417 περὶ
2107 2321 2237 2393 τοῦ
2284 2316 2632 2417 μακαρίου

231 2442 657 2517 Βαπτιστοῦ
722 2446 767 2484 “
795 2434 1079 2538 Μείζων
1139 2438 1215 2515 ἐν
1276 2444 1637 2538 γεννητοῖς
1701 2443 2054 2539 γυναικῶν
2106 2436 2441 2518 Ἰωάννου
2503 2445 2632 2517 τοῦ
2655 2451 2710 2565 ᾖ
2727 2450 2919 2567 Ἢῡῦι·

232 2570 276 2607 κ
690 2568 722 2586 Α
838 2560 855 2586 ,
962 2561 979 2587 2
1046 2556 1067 2587 Ι
1324 2560 1384 2606 ,3,
1476 2560 1495 2586 C
1595 2558 1615 2590 ἱ
1777 2560 1795 2589 Ι
2103 2559 2124 2590 ἱ
2239 2560 2260 2587 ἶ
2371 2562 2388 2588 2
2593 2565 2626 2582 fl

132 2590 151 2629 ¹
169 2588 203 2647 5
308 2567 724 2655 βαπτιστου
779 2594 906 2639 ουκ
942 2594 1315 2663 εγηγερται
1463 2594 1504 2639 ο
1541 2562 1638 2660 δε,
1674 2595 1899 2641 καιτοι
1952 2595 2133 2642 κατα
2183 2597 2313 2661 την
2347 2566 2628 2668 αψευδη

230 2691 363 2764 τοῦ
409 2687 747 2786 Σωτῆρος
802 2683 1052 2787 φωνὴν
1105 2683 1238 2782 τὴν
1282 2685 1431 2763 ἅνω
1486 2684 1695 2791 τιίξιν
1748 2688 1824 2764 ἐν
1876 2685 2288 2792 δικαιοσύνῃ
2342 2684 2623 2790 λαχὼν,

230 2808 362 2886 οὐκ
416 2806 732 2908 ἠγνόησε
785 2806 918 2906 τὴν
963 2805 1337 2910 ὑπεροχὴν,
1375 2807 1808 2910 ὡμολόγησε
1844 2806 1974 2888 τὸν
2011 2806 2396 2909 δεσπότην,
2431 2843 2621 2911 παρ-

230 2929 560 3036 εχώρησε
623 2925 709 3009 τὸ
776 2936 972 3010 νικᾶν
1036 2935 1127 3034 τῇ
1192 2926 1372 3037 δόξῃ
1435 2934 1791 3033 Χριστοῦ·
1891 2930 2033 3036 ἔφη
2098 2929 2245 3033 γὰρ
2315 2934 2630 3031 ἐναργῶς

231 3064 275 3100 “
314 3052 556 3136 Οὗτος
609 3049 699 3152 ἦν
751 3054 914 3156 περὶ
969 3053 1053 3133 οὗ
1107 3050 1307 3133 εἷπον
1360 3053 1501 3155 ἐγῶ
1549 3055 1846 3135 Ὀπίσω
1899 3088 2039 3152 μου
2091 3053 2370 3158 ἔρχεται
2424 3052 2626 3156 ἀνὴρ,
2658 3062 2878 3188 {Mm-
2897 3065 2933 3115 ἰ·

128 3210 205 3251 20
232 3186 276 3223 “
312 3175 400 3255 οὗ
475 3178 602 3256 οὐκ
666 3179 805 3274 εἰμὶ
868 3173 1073 3280 ἄξιος
1144 3184 1369 3257 λῦσαι
1434 3174 1563 3257 τὸν
1626 3176 1888 3276 ἶμιίντα
1947 3183 2092 3257 τῶν
2158 3174 2632 3276 ὑποδημάτων
2657 3163 2930 3307 {lisinam

228 3310 277 3348 “
313 3301 597 3380 αὐτοῦ.”
673 3300 1040 3380 πλείστων
1104 3300 1231 3379 οὖν
1292 3299 1516 3401 ἁγίων
1575 3302 1652 3380 ἐν
1710 3301 1979 3384 ἑαυτοῖς
2036 3296 2452 3405 ἐσχηκότων
2506 3299 2633 3380 τὸν
2727 3294 2740 3308 ’

228 3431 360 3504 τοῦ
418 3428 610 3503 Θεοῦ
667 3420 931 3525 Λόγον,
985 3426 1148 3526 περὶ
1199 3422 1480 3507 οὐδενὸς
1534 3423 1812 3504 ἐκείνων
1866 3423 2267 3528 γέγραπται
2319 3422 2428 3504 ὅτι
2465 3435 2510 3473 “
2534 3426 2630 3505 Ὁ
2658 3423 2875 3554 {3⁸¹²-

231 3559 275 3595 “
300 3545 546 3649 Λόγος
596 3545 801 3653 σὰρξ
848 3544 1126 3647 ἐγένετο
1184 3547 1303 3632 καὶ
1364 3545 1777 3646 ἐσκήνωσεν
1838 3550 1914 3628 ἐν
1973 3549 2201 3648 ἡμῖν,”
2259 3550 2368 3628 ἐπ’
2405 3550 2633 3629 οὐδενὶ

229 3677 376 3750 τῶν
411 3671 638 3771 ἁγίων
671 3674 1068 3774 προφητῶν
1104 3667 1234 3753 τὰς
1285 3668 1433 3749 ἅνω
1470 3670 1796 3768 δυνάμεις
1843 3672 2282 3775 χορευούσας
2319 3671 2617 3773 εὑρήσο-

125 3827 204 3887 25
230 3822 391 3893 μεν·
487 3794 679 3877 τίνος
750 3790 893 3896 γὰρ
958 3792 1114 3873 εἶπέ
1175 3826 1297 3893 μοι
1368 3793 1823 3895 γεννηθέντος
1888 3805 1935 3842 “
1958 3801 2239 3894 πλῆθος
2304 3797 2631 3900 οὐρανίου
2654 3810 2705 3924 Ξ.
2720 3810 2845 3937 Ιὶιέο.

302 4008 354 4047 2.
394 3991 441 4047 F
592 3999 778 4045 entum
813 3990 915 4044 hoc
951 3988 1116 4044 edidit
1150 3989 1356 4060 primus
1393 4007 1423 4044 e
1457 3989 1687 4045 Niketae
1712 3989 1987 4046 Choniatis
2023 3991 2277 4062 Panoplia
2312 3992 2399 4047 Do
2493 3995 2629 4048 atica

231 4062 377 4133 (cod.
404 4062 468 4116 M
544 4061 748 4115 .·Laur.
779 4061 919 4115 Plut.
943 4061 1016 4114 ix.
1046 4079 1131 4128 24.
1158 4061 1250 4115 sol.
1281 4077 1382 4126 140
1400 4079 1453 4114 v.
1477 4060 1664 4116 bomb.
1687 4079 1790 4116 sec.
1815 4062 1948 4132 xiii.)
1971 4063 2029 4116 in
2059 4062 2197 4116 Bibl.
2225 4062 2382 4118 Nova
2452 4074 2627 4118 atrum

226 4135 300 4188 iii.
318 4132 425 4187 286
573 4133 616 4186 ἐ
637 4130 859 4185 Latinae
880 4131 1204 4185 clarissimus
1227 4131 1406 4185 Maius
1424 4129 1641 4202 [Migne
1659 4150 1711 4186 x.
1733 4147 1754 4184 1
1770 4131 1894 4203 109]
1916 4152 1930 4185 ε
1968 4133 2172 4187 contuli
2195 4150 2318 4187 cum
2344 4135 2628 4203 exemplari

225 4205 332 4259 alio
367 4204 426 4257 in
512 4202 606 4257 ibl.
632 4201 790 4256 Bodl.
815 4212 998 4255 nostra
1023 4200 1172 4272 (cod.
1201 4200 1313 4254 Roe
1338 4217 1424 4255 22.
1450 4201 1543 4255 fol.
1575 4200 1675 4271 176
1698 4221 1752 4257 v.
1774 4202 2000 4257 membr.
2025 4220 2130 4258 sec.
2155 4204 2246 4256 xiii
2269 4203 2377 4272 ex.)
2405 4220 2562 4275 quem
2589 4204 2625 4257 b

227 4275 268 4328 ε’
386 4273 439 4327 vi
475 4289 689 4327 necnon
725 4289 851 4325 cum
888 4271 1166 4342 Euthymii
1192 4270 1448 4339 Zigabeni
1475 4271 1728 4342 Panoplia
1755 4272 2074 4343 Dogmatica
2112 4272 2254 4343 (cod.
2282 4273 2626 4361 Musquensis

225 4291 492 4415 gffilim
516 4342 639 4413 369,
668 4360 722 4412 p.
744 4355 849 4412 305
874 4339 1057 4396 bomb.
1082 4359 1189 4397 sec.
1212 4341 1321 4395 xiii.
1338 4359 1390 4395 v.
1416 4341 1546 4410 xiv.)
1574 4359 1734 4413 quem
1758 4343 1778 4395 i
1802 4343 2026 4431 signavi.
2191 4360 2273 4398 10.
2311 4344 2567 4410 ἐπληρουν
2590 4343 2626 4395 i.

232 4434 254 4469 1
269 4433 317 4470 1.
354 4415 417 4468 τὸ
442 4423 784 4483 assumptum
804 4429 871 4466 ex
893 4412 931 4467 i.
1231 4427 1314 4477 14.
1356 4411 1502 4465 Haec
1524 4413 2066 4494 Μείζων-ἐγηγερται
2090 4423 2366 4483 assumpta
2387 4430 2451 4464 ex
2477 4412 2627 4478 img.

232 4500 317 4557 17.
352 4486 754 4554 παρακεχώρηκε
779 4483 817 4536 ἰ.
1080 4499 1163 4552 19.
1199 4481 1303 4552 ἐγὼ
1327 4478 1473 4536 εἶπον
1495 4482 1707 4537 inverso
1730 4482 1914 4539 ordme
1941 4484 1994 4539 b.
2252 4499 2336 4537 21.
2375 4481 2545 4537 αὐτοῖς
2563 4479 2626 4536 b.

227 4573 316 4624 24.
356 4559 459 4610 τῶν
480 4553 642 4625 ἁγίων
663 4554 950 4624 προφητῶν
972 4559 1306 4622 assumptum
1333 4569 1396 4607 ex
1421 4552 1457 4605 i.

1348 4656 1530 4725 3112
