3269 5166
338 430 478 497 [107
503 433 630 499 M.]

321 1025 408 1077 Pa.
427 1024 481 1075 ii.
498 1025 547 1074 8.

319 1377 369 1426 S.
383 1377 420 1427 J
422 1393 533 1427 σου.

317 1443 442 1492 xvii.
466 1442 514 1494 6.

318 2005 399 2055 lb.
428 2018 502 2056 10.

316 2248 469 2298 Paii.
497 2250 545 2301 8.

314 2869 429 2920 Bar.
450 2870 522 2920 iii.
547 2871 625 2934 38.

314 2984 502 3035 Emlxi.
520 3000 563 3049 1,
579 3002 624 3036 τι.

659 332 789 397 366
1005 333 1084 397 Β.
1129 331 1507 397 CYRILLI
1560 331 2092 401 ALEXANDR.
2151 335 2714 403 FRAGMENTA
2895 337 2936 400 i.
2962 355 3007 399 1.

772 494 1096 574 Τέθειται
1130 496 1368 576 τοίνυν
1403 498 1501 580 ὡς
1540 496 1918 601 ἅνθρωπος
1971 500 2359 607 κληρονόμος
2394 499 2655 582 πάντων
2689 506 3005 595 οἰκονομι-

660 624 821 713 κῶς,
856 617 971 697 ἵνα
1025 616 1286 699 λοιπὸν
1321 622 1419 704 ὦς
1467 621 1659 727 αὐτῷ
1712 620 2180 725 προσήκοντά
2222 657 2301 703 τε
2334 627 2452 704 καὶ
2489 624 2662 705 ’ίδιον
2692 622 3015 726 ἀνασώσῃ

660 745 929 844 κλῆρον
963 739 1130 825 τοὺς
1168 744 1284 822 ἐπὶ
1320 746 1448 842 τῆς
1484 747 1642 845 γῆς,
1680 746 1992 829 ἀνοσίως
2027 745 2601 849 διηρπασμένους
2637 747 2773 828 ὑπό
2803 781 2875 826 τε
2905 753 3018 825 τοῦ

659 864 1007 960 διαβόλου
1053 869 1172 945 καὶ
1223 872 1370 944 τῶν
1418 865 1561 945 σὺν
1607 868 1799 975 αὐτῷ
1857 868 2223 966 δυνάμεων
2275 878 2632 973 πονηρῶν.
2701 873 2816 950 καὶ
2862 876 3020 970 γοῦν

658 988 799 1095 ἔφη
833 988 1014 1091 πρὸς
1053 986 1269 1068 αὑτὸν
1318 989 1358 1067 5
1397 987 1583 1072 Θεὸς
1620 992 1737 1069 καὶ
1774 989 2033 1095 Πατήρ
2091 1003 2135 1040 “
2164 991 2478 1093 Α’ίτησαι
2521 995 2688 1096 παρ’
2729 994 2876 1089 ἐμοὶ
2918 992 3018 1070 καὶ
3042 1017 3072 1076 5

661 1123 705 1160 “
739 1111 957 1193 δώσω
1005 1147 1131 1192 σοι
1165 1111 1333 1211 ἔθνη
1369 1111 1502 1211 τὴν
1539 1114 2018 1216 κληρονομίαν
2054 1149 2196 1196 σου
2215 1117 2254 1144 ”
2314 1120 2433 1196 καὶ
2469 1116 2663 1224 ἑξῆς·
2743 1117 2825 1197 οὗ
2857 1114 3021 1217 πρὸς

655 1237 877 1340 πέρας
938 1236 1420 1338 ἐνηνεγμένου,
1475 1235 1659 1339 πρὸς
1732 1235 1861 1317 τὸν
1932 1240 2183 1319 ἑαυτοῦ
2248 1239 2544 1343 Πατέρα
2613 1243 2778 1342 περὶ
2844 1239 3023 1337 ἡμῶν

658 1369 890 1466 φησιν
943 1369 987 1407 “
1016 1359 1171 1443 Οὓς
1225 1358 1534 1443 δέδωκάς
1584 1394 1710 1459 μοι
1764 1361 1842 1439 ἐκ
1890 1370 2016 1454 τοῦ
2072 1362 2374 1461 κόσμου,
2409 1366 2534 1442 σοὶ
2590 1360 2786 1462 ἦσαν
2838 1362 3024 1455 κάμοὶ

657 1494 701 1531 “
736 1481 988 1567 αὐτοὺς
1035 1482 1404 1566 δέδωκας.”
1481 1482 1681 1584 ἄθρει
1731 1481 1817 1583 δὴ
1873 1485 2001 1563 οὖν
2056 1484 2248 1570 ὅπως
2302 1491 2400 1569 εἰς
2454 1484 2581 1566 τὸν
2634 1484 3028 1590 ὑπάρχοντα

655 1607 847 1714 αὐτῷ
899 1615 1219 1686 πλοῦτον
1256 1604 1437 1685 κατὰ
1491 1604 1723 1705 φύσιν
1758 1604 1992 1687 ἄνεισι
2030 1612 2148 1688 καὶ
2200 1608 2384 1708 μετὰ
2436 1608 2736 1713 σαρκός·
2793 1614 2852 1688 εἰ
2900 1603 3027 1709 γὰρ
3051 1634 3108 1674 10

651 1727 846 1829 ἦσαν
900 1732 968 1808 οἱ
1022 1732 1098 1808 ἐν
1134 1726 1390 1837 κόσμῳ
1444 1738 1572 1809 τοῦ
1609 1730 1924 1831 Πατρὸς,
1961 1729 2148 1811 κατὰ
2202 1732 2359 1810 τίνα
2403 1730 2492 1832 δὴ
2547 1731 2820 1835 τρόπον
2871 1764 3023 1829 νοη-

652 1857 835 1931 θεΐεν
911 1850 1002 1931 ἂν
1071 1860 1202 1932 τοῦ
1277 1853 1955 1951 συμβασιλεύοντος
2031 1855 2224 1961 αὐτῷ
2298 1853 2547 1957 Λόγου
2576 1888 2598 1951 3
2688 1853 3030 1957 τοιγάρτοι

654 1979 771 2054 καὶ
821 1976 1138 2079 ἔφασκεν
1176 1973 1288 2055 ὅτι
1337 1985 1380 2023 “
1405 1973 1647 2055 πάντα
1682 1973 1775 2055 τὰ
1807 1974 1943 2075 ε’μὰ
1977 1977 2084 2056 σά
2126 1980 2285 2057 ἐστι
2321 1981 2436 2058 καὶ
2471 1976 2567 2059 τὰ
2599 1977 2709 2058 σὰ
2744 1977 2895 2077 ε’μά,
2927 1977 3029 2056 καὶ

653 2108 699 2144 “
736 2098 1176 2205 δεδόξασμαι
1232 2101 1307 2178 ἐν
1352 2099 1651 2183 αὐτοῖς.”
1721 2106 1875 2182 πῶς
1925 2100 2051 2179 οὖν
2086 2104 2303 2180 αἰτεῖν
2344 2100 2892 2203 προστάττεται,
2926 2101 3029 2178 καὶ

654 2224 928 2327 δέχεται
983 2222 1115 2320 μὲν
1170 2227 1266 2306 εἰς
1324 2223 1806 2323 κληρονομίαν
1870 2222 2062 2323 ἔθνη,
2117 2222 2563 2328 κατάσχεσιν
2618 2225 2698 2304 δὲ
2753 2230 3030 2306 ποιεῖται
3055 2243 3112 2302 ¹5

651 2348 770 2423 καὶ
810 2344 901 2424 τὰ
945 2345 1220 2447 πέρατα
1257 2349 1383 2444 τῆς
1417 2349 1600 2448 γῆς;
1664 2344 2308 2448 ἀποσκιρτήσαντα
2358 2346 2503 2450 γὰρ
2538 2346 2886 2454 ἐξιτήλως
2920 2345 3031 2426 τὸν

651 2467 1030 2570 ἄνθρωπον
1065 2468 1390 2552 δουλείας
1444 2472 1572 2568 τῆς
1629 2467 1767 2550 ὑπὸ
1806 2471 1975 2576 Θεῷ
2031 2474 2394 2550 διασῶσαι
2446 2469 2776 2571 θελήσας
2817 2474 2859 2551 5
2900 2476 3031 2550 τῶν

650 2591 844 2671 ὅλων
915 2592 1415 2695 γενεσιουργὸς
1489 2596 1607 2672 καὶ
1674 2592 1953 2696 Πατὴρ,
2015 2595 2399 2700 πέπομφεν
2468 2600 2564 2679 εἰς
2642 2593 2850 2676 τόνδε
2915 2594 3032 2674 τὸν

649 2713 928 2814 κόσμον
978 2713 1105 2796 τὸν
1147 2719 1527 2818 Μονογενῆ
1567 2714 1760 2797 Θεὸν
1798 2716 2045 2818 Λόγον
2078 2718 2196 2797 ἵνα
2242 2715 2621 2820 γενόμενος
2673 2717 2882 2827 σὰρξ
2925 2721 3030 2799 καὶ

648 2844 794 2924 τοῖς
831 2839 1232 2942 ἀνθρώποις
1278 2843 1911 2945 συναναστραφεὶς
1949 2842 2046 2924 ὡς
2090 2841 2488 2944 ἄνθρωπος,
2525 2843 2830 2949 κηρύξαι
2876 2847 3022 2945 αἰχ·
3053 2869 3113 2911 ²0

646 2963 1008 3063 μαλώτοις
1054 2963 1185 3060 μὲν
1220 2963 1509 3068 ἄφεσιν,
1547 2969 1856 3069 τυφλοῖς
1903 2960 1980 3043 δὲ
2017 2962 2450 3068 ἀνάβλεψιν,
2488 2965 2775 3071 καλώ-ῃ
2813 2965 2888 3046 δὲ
2928 2966 3032 3044 καὶ

647 3086 963 3167 ἐνιαυτὸν
1002 3086 1270 3192 Κυρίου
1326 3083 1596 3166 δεκτόν.
1675 3087 1927 3166 οὐκοῦν
1976 3083 2112 3166 κάν
2157 3092 2218 3166 εἰ
2271 3086 2558 3189 λέγοιτο
2612 3094 2876 3184 λαβεῖν
2926 3090 3031 3167 καὶ

646 3214 1005 3290 τεθεῖσθαι
1066 3208 1507 3311 κληρονόμος
1565 3209 1682 3289 διὰ
1735 3209 1821 3291 τὸ
1876 3211 2346 3311 ἀνθρώπινον,
2402 3212 2530 3290 οὐκ
2585 3211 3033 3313 ἀγνοήσομεν

645 3330 779 3430 τὴν
835 3333 1263 3430 οἰκονομίαν·
1348 3341 1492 3413 ποῦ
1546 3331 1691 3435 γὰρ
1747 3332 1938 3418 ὅλως
1991 3333 2462 3438 ἐπτώχευσεν,
2518 3339 2577 3414 εἰ
2631 3333 2737 3434 μὴ
2793 3337 3029 3437 γέγονε

648 3455 816 3533 καθ’
859 3456 1063 3554 ἡμᾶς,
1099 3456 1472 3536 τουτέστιν
1511 3458 1889 3559 ἅνθρωπος
1924 3455 2106 3556 μετὰ
2141 3465 2269 3536 τοῦ
2304 3464 2535 3556 με’ὰιαι
2563 3457 2802 3553 Θεός;
2860 3460 3030 3539 οὕτω
3053 3482 3113 3542 25

646 3582 935 3683 φρονεῖν
970 3578 1153 3677 ἡμᾶς
1189 3580 1590 3659 ἀναπείθων
1627 3581 1668 3658 5
1704 3579 2088 3663 θεσπέσιος
2128 3585 2425 3665 Παῦλος
2460 3581 3032 3685 προσεπήνεγκεν

645 3699 1045 3799 ἀναγκαίως
1100 3701 1186 3783 τό
1225 3709 1337 3782 Δι’
1382 3700 1451 3783 οὗ
1511 3712 1631 3783 καὶ
1691 3701 1836 3790 τοὶς
1894 3703 2143 3789 αἰῶνας
2197 3704 2485 3798 ἐποίησε.
2565 3709 2725 3788 πῶς
2773 3707 2900 3786 οὖν
2950 3702 3030 3784 ἀν

645 3821 918 3924 γένοιτο
973 3828 1088 3903 καὶ
1141 3833 1354 3906 τοῦτο
1407 3827 1672 3925 ἀληθές
1706 3859 1728 3923 3
1795 3832 1853 3906 εἰ
1908 3825 2053 3927 γὰρ
2102 3828 2177 3906 ἐν
2213 3826 2548 3930 ἐσχάτοις
2600 3835 2732 3907 τοῦ
2789 3835 3030 3911 αἰῶνος

645 3953 908 4048 καιροῖς
955 3945 1234 4028 τέτοκεν
1278 3948 1446 4047 ἡμῖν
1484 3948 1528 4048 ἡ
1568 3949 1743 4049 ἁγία
1792 3948 2143 4052 παρθένος
2193 3946 2321 4030 τὸν
2353 3950 2851 4051 Ἐμμανουὴλ,
2888 3956 3030 4034 πῶς

646 4063 733 4147 δι’
774 4070 991 4149 αὑτοῦ
1026 4068 1175 4159 τοὺς
1214 4071 1461 4158 αἰῶνας
1497 4073 1941 4172 πεποιῆσθαί
1981 4078 2217 4177 φησι;
2277 4077 2394 4152 καὶ
2428 4071 2633 4171 μάλα
2667 4074 2921 4176 ὀρθῶς.
2991 4075 3111 4161 530

645 4191 786 4295 γὰρ
821 4193 898 4272 ἐκ
934 4200 1123 4275 Θεοῦ
1161 4193 1450 4299 Πατρὸς
1477 4193 1718 4297 Λόγος
1754 4197 1794 4275 5
1833 4193 1976 4298 πρὸ
2011 4193 2281 4280 παντὸς
2317 4200 2570 4281 αἰῶνος
2611 4202 2729 4276 καὶ
2767 4198 3024 4302 χρόνου

722 4408 803 4460 14.
840 4393 1235 4463 προστάσσεται
1259 4393 1513 4450 mendose
1539 4392 1632 4449 Cr.
2049 4409 2134 4448 20.
2169 4392 2362 4466 κηρύξῃ
2388 4411 2660 4465 perperam
2689 4397 2920 4451 correxit
2942 4393 3026 4449 Cr.

647 4478 733 4533 23.
766 4465 1084 4535 κληρονόμον
1111 4462 1202 4519 Cr.
