3269 5166
633 319 764 382 230
968 319 1047 384 B.
1092 316 1471 383 CYRILLI
1524 317 2057 382 ALEXANDR.
2113 315 2680 381 FRAGMENTA
2813 314 2899 375 ix.
2935 331 3041 378 21.

336 415 446 481 [38
466 416 589 480 M·}
633 488 851 573 ὅλως·
932 493 1151 570 ἐκεῖνο
1206 488 1633 586 δεμᾶλλον
1690 489 2051 569 ἀναπείθει
2117 495 2428 594 φρονεῖν,
2491 487 2600 566 ὅτι
2663 482 3032 565 διαπλάτ-

632 614 883 691 τονταί
920 647 1102 698 τινες
1150 611 1267 692 οἷά
1315 646 1453 714 περ
1505 611 1732 710 σκεύη
1789 610 2153 714 κεραμικὰ,
2202 611 2251 692 ἃ
2298 610 2419 717 μὲν
2471 619 2562 696 εἰς
2611 645 2823 714 τιμην,
2864 607 2912 687 ἃ
2966 602 3040 687 δὲ

634 743 728 820 εἰς
783 738 1086 839 &rapiar
1162 738 1282 815 καὶ
1334 733 1463 815 τόν
1499 769 1582 836 γε
1625 743 1755 814 τοῦ
1788 736 2366 838 παραδείγματος
2412 733 2680 836 τρόπον
2715 735 2795 812 ἐκ
2839 766 3028 832 προ-

636 865 959 961 φητικῶν
1025 859 1194 959 ἡμῖν
1263 859 1725 939 πεπαίδευται
1787 858 2057 959 λόγων·
2145 860 2304 938 τίνα
2367 859 2493 937 οὖν
2551 891 2694 1004 αρα
2760 854 3038 957 τρόπον

635 978 1200 1063 διαπλαττονταί
1244 1016 1448 1078 τινες,
1486 979 1602 1060 οἷά
1653 1016 1791 1083 περ
1845 984 1922 1060 ἐκ
1977 981 2350 1084 κεραμέως,
2404 986 2469 1059 οὶ
2520 979 2640 1085 μὲν
2695 987 2787 1064 εἰς
2842 975 3038 1082 rap-cb
3067 997 3106 1058 5

636 1101 832 1186 οἰὸἒ
889 1114 983 1190 εἰς
1038 1109 1317 1211 ἀτιμίαν
1367 1109 1484 1184 καὶ
1533 1107 1650 1184 ἐπὶ
1693 1105 1926 1188 ποίαις
1981 1106 2259 1194 αἰτίαις,
2317 1106 2524 1204 εἰδείη
2590 1136 2696 1185 τις
2744 1100 2842 1181 ἀν
2887 1108 3039 1185 τοῖς

304 1240 449 1353 {ig-
474 1239 613 1288 mii.
634 1228 975 1399 Ιερεμίου
1024 1227 1272 1329 λόγοις
1313 1228 1651 1331 ἐντυχών·
1721 1228 2120 1330 γέγραπται
2170 1227 2246 1308 δε
2297 1262 2518 1310 ουτως
2575 1225 3038 1324 “Ἀνα’στηθι

635 1355 831 1431 “itai
865 1350 1221 1450 κατάβηθι
1266 1358 1361 1434 εἰς
1396 1352 1526 1430 τὸν
1561 1349 1757 1431 οἰκον
1792 1360 1921 1431 τοῦ
1971 1351 2345 1454 κεραμέως,
2381 1353 2500 1431 καὶ
2555 1353 2701 1430 ἐκεῖ
2747 1347 3036 1453 ἀκούσῃ

635 1473 878 1559 “robs-
915 1472 1178 1576 λόγους
1215 1503 1377 1572 μου·
1457 1480 1574 1553 καὶ
1609 1474 1920 1576 κατέβην
1956 1482 2051 1559 εἰς
2084 1473 2212 1555 τὸν
2249 1472 2444 1555 οἰκον
2481 1481 2610 1554 τοῦ
2648 1471 3034 1572 κεραμέως,

634 1607 679 1643 “
717 1600 833 1677 καὶ
888 1597 1040 1677 ἰδοὺ
1094 1597 1305 1681 αὐτὸς
1360 1598 1577 1678 ἐποίει
1625 1599 1840 1701 ἔργον
1875 1602 1991 1680 ἐπὶ
2025 1605 2172 1678 τῶν
2207 1599 2456 1678 λίθων·
2535 1598 2652 1676 καὶ
2690 1596 2909 1676 ἔπεσε
2948 1595 3032 1676 τὸ
3059 1621 3134 1662 10

635 1732 679 1768 ‘⁴
712 1723 1004 1820 ἀγγεῖον
1054 1719 1095 1801 ὃ
1147 1719 1356 1805 αὐτὸς
1410 1722 1624 1801 ἐποίει
1672 1724 1749 1800 ἐν
1793 1729 1946 1805 ταῖς
2002 1728 2254 1826 χερσὶν
2308 1724 2540 1801 αὐτοῦ’
2624 1722 2744 1799 καὶ
2800 1719 3032 1799 πάλιν

636 1854 680 1891 ‘⁶
717 1843 928 1929 αὐτὸς
963 1844 1299 1944 ἐποίησεν
1333 1844 1505 1925 αὐτὸ
1543 1848 1835 1948 ἀγγεῖον
1867 1845 2127 1949 ἕτερον,
2164 1845 2399 1929 καθὼς
2436 1844 2695 1947 ἤρεσεν
2729 1842 3035 1923 ἐνώπιον

636 1978 679 2013 “
717 1968 934 2048 αὐτοῦ
970 1976 1099 2048 τοῦ
1135 1972 1453 2068 ποιῆσαι·
1529 1971 1647 2049 καὶ
1683 1967 1979 2068 ἐγένετο,
2017 1970 2237 2073 φησί,
2281 1966 2504 2067 λόγος
2543 1969 2816 2067 Κυρίου
2851 1965 3037 2068 πρὸς

635 2101 680 2137 “
718 2088 805 2187 μὲ
842 2091 1079 2193 λέγων
1120 2098 1212 2171 Εἰ
1249 2095 1345 2175 ὡς
1382 2094 1423 2171 ὃ
1460 2092 1800 2194 κεραμεὺς
1836 2093 2041 2175 οὗτος
2084 2093 2168 2171 οὗ
2213 2089 2612 2192 δυνήσομαι
2645 2098 2776 2169 τοῦ
2812 2095 3030 2187 ποιῆ-

637 2227 680 2260 “
715 2248 847 2293 σαι
903 2217 1083 2312 ὑμᾶς
1138 2211 1327 2298 οἰκος
1379 2214 1741 2316 Ἰσραήλ;
1831 2213 1983 2295 ἰδοὺ
2038 2216 2135 2298 ὦς
2188 2213 2424 2314 πηλὸς
2480 2220 2609 2292 τοῦ
2671 2213 3032 2313 κεραμέως
3063 2251 3134 2308 15

637 2348 681 2383 “
719 2339 908 2432 ὑμεῖς
958 2339 1125 2417 ἐστε
1176 2339 1252 2417 ἐν
1286 2345 1440 2421 ταῖς
1477 2338 1697 2441 χερσί
1739 2367 1903 2436 μου·
1961 2337 2180 2442 περας
2226 2335 2540 2436 λαλήσω
2577 2338 2694 2416 ἐπὶ
2743 2335 2954 2421 ἔθνος
2989 2336 3035 2436 ἦ

639 2471 682 2504 “
717 2461 831 2538 ἐπὶ
886 2462 1272 2553 βασιλείαν
1323 2468 1453 2540 τοῦ
1506 2460 1754 2566 ἐξᾶραι
1809 2460 2087 2546 αὐτούς·
2167 2464 2281 2540 καὶ
2346 2459 2879 2565 ἐπιστρέφουσι
2950 2459 3037 2539 τὸ

640 2593 685 2628 “
721 2581 921 2665 ἔθνος
955 2583 1176 2662 ἐκεῖνο
1213 2582 1359 2664 ἀπὸ
1394 2582 1687 2664 πάντων
1723 2593 1866 2665 τῶν
1902 2591 2140 2665 κακῶν
2169 2586 2426 2683 αὐτῶν,
2454 2587 2573 2665 καὶ
2607 2585 3040 2684 μετανοήσει)

640 2714 684 2751 “
720 2707 881 2806 περὶ
932 2711 1077 2784 τῶν
1118 2714 1355 2786 κακῶν
1398 2705 1499 2787 ὧν
1540 2709 1992 2811 ἐλογισάμην
2045 2717 2174 2787 τοῦ
2228 2713 2529 2807 ποιῆσαι
2583 2710 2842 2793 αὐτοῖς·
2922 2713 3040 2789 καὶ

642 2838 686 2875 “
717 2829 939 2929 πέρας
987 2828 1304 2928 λαλήσω
1342 2832 1456 2911 ἐπὶ
1506 2832 1708 2915 ἔθνος
1744 2832 1860 2911 καὶ
1898 2834 2011 2911 ἐπὶ
2060 2832 2447 2926 βασιλείαν
2482 2841 2608 2912 τοῦ
2658 2835 3033 2913 ἀνοικοδο-
3065 2872 3140 2912 ιο

642 2963 686 2998 “
719 2958 1011 3050 μεῖσθαι
1048 2956 1164 3033 καὶ
1202 2963 1329 3034 τοῦ
1365 2954 2000 3060 καταφυτεύεσθαι·
2050 2958 2168 3035 καὶ
2203 2956 2599 3056 ποιήσουσι
2632 2953 2726 3034 τὰ
2752 2956 3042 3058 πονηρὰ

641 3087 685 3124 “
722 3077 1039 3157 ἐναντίον
1073 3113 1213 3177 μου
1268 3086 1397 3157 τοῦ
1451 3077 1552 3177 μὴ
1591 3082 1900 3159 ἀκοῦσαι
1952 3084 2081 3179 τῆς
2135 3084 2383 3185 φωνῆς
2435 3114 2596 3178 μου,
2632 3085 2751 3159 καὶ
2804 3115 3034 3178 μετα-

643 3212 685 3246 “
724 3200 966 3299 νοήσω
1002 3205 1162 3305 περὶ
1211 3207 1356 3281 τῶν
1392 3204 1686 3302 ἀγαθῶν
1721 3199 1823 3281 ὧν
1856 3201 2196 3303 ἐλάλησα
2230 3212 2359 3284 τοῦ
2395 3207 2694 3302 ποιῆσαι
2731 3204 3037 3289 druis?

642 3325 813 3428 ὁρᾷς
869 3331 1023 3407 πῶς
1079 3324 1527 3406 πλάττονταί
1579 3359 1764 3410 τινες
1828 3332 1924 3409 εἰς
1987 3326 2200 3426 τιμήν
2265 3360 2342 3407 τε
2407 3330 2523 3406 καὶ
2584 3328 2898 3425 ἀτιμίαν,
2956 3362 3044 3408 ου

644 3444 872 3548 φύσιν
908 3445 1253 3549 λαχόντες
1305 3446 1437 3549 τὴν
1471 3446 1608 3528 ὧδε
1655 3449 2165 3549 πεποιημένην,
2206 3452 2376 3529 ἀλλ’
2418 3448 2520 3534 οἷς
2565 3446 2654 3528 ἃν
2690 3449 3043 3553 δράσειαν
3067 3486 3142 3544 25

643 3565 776 3664 τὴν
812 3572 1132 3669 ἰσοπαλῆ
1187 3577 1304 3651 καὶ
1356 3571 1781 3675 πρέπουσαν
1822 3575 2187 3653 ἀντίδοσιν
2224 3570 2660 3675 κομιζόμενοι
2693 3606 2714 3669 ;
2781 3574 3044 3656 οὐκοῦν

644 3695 702 3769 εἰ
736 3690 1017 3793 κολάζει
1057 3699 1203 3773 τῶν
1239 3694 1433 3774 ὅλων
1468 3696 1507 3775 ὁ
1541 3696 1837 3796 ποιητὴς
1882 3695 2010 3777 τὸν
2045 3699 2123 3776 ἐκ
2170 3693 2457 3800 τρόπων
2488 3698 2784 3798 ἀγαθῶν
2813 3731 3037 3795 μετα-

414 3844 502 3898 39
528 3840 621 3898 11.
648 3820 1009 3919 φοιτῶντα
1053 3816 1234 3918 πρὸς
1282 3818 1374 3897 τὰ
1422 3820 1709 3923 αἰσχίω,
1746 3824 1863 3899 καὶ
1908 3817 2033 3900 τᾶν
2076 3823 2154 3900 ἐκ
2198 3827 2344 3899 τῶν
2378 3817 2773 3925 αἰσχιόνων
2807 3856 3029 3920 μετα-

644 3947 1019 4042 χωροῦντα
1055 3938 1239 4042 πρὸς
1272 3939 1364 4019 τὰ
1398 3943 1670 4036 βελτίω
1718 3951 1954 4043 τιμαῖς
1996 3951 2369 4049 στεφανοῖ,
2404 3950 2558 4027 πῶς
2608 3945 2735 4023 οὐκ
2773 3945 3044 4039 ἀληθὲς

715 4203 769 4250 4.
804 4185 1074 4254 πεποίηται
1098 4203 1196 4256 pro
1217 4188 1547 4242 πεπαίδευται
1571 4188 1641 4242 A.
1748 4192 1944 4259 τρόπον
1965 4190 2066 4258 ἄρα
2089 4190 2299 4243 inverso
2323 4188 2508 4245 ordine
2533 4190 2602 4244 A.
2863 4191 2921 4245 8.
2959 4193 3042 4246 καὶ

644 4255 894 4322 κατάβηθι
919 4266 971 4309 et
994 4256 1097 4310 ἐκεῖ
1119 4266 1394 4329 assumpta
1416 4276 1481 4312 ex
1508 4260 1573 4312 A.
1600 4261 1684 4313 καὶ
1707 4262 1956 4329 κατάβηθι
1980 4259 2187 4314 addidit
2210 4262 2263 4328 (o
2289 4260 2420 4314 Maii
2443 4259 2809 4351 adnotatione)
2832 4260 3042 4331 Migne.

652 4342 733 4380 10.
769 4325 954 4380 ἔπαισε
978 4326 1102 4396 (sic)
1125 4329 1193 4381 A.
1465 4344 1549 4383 11.
1585 4330 1739 4386 αὐτὸς
1763 4331 1830 4384 A.
1857 4332 1982 4384 αὐτὸ
2009 4330 2109 4385 Ed.
2372 4347 2454 4386 12.
2490 4331 2650 4385 ἐποίει
2677 4332 3042 4387 Α.8η1.ἰω

644 4397 770 4451 αὐτὸ
776 4412 902 4483 ..om'
928 4397 998 4451 A.
1095 4397 1310 4453 ἐνώπιον
1329 4398 1512 4470 αὐτοῦ]
1538 4400 1677 4490 αὐτῷ
1703 4402 1771 4456 A.
2004 4418 2086 4472 13.
2121 4403 2259 4471 φησι
2283 4418 2393 4456 om.
2420 4402 2486 4456 A.
2725 4404 2810 4456 18.
2845 4401 3040 4474 αὐτ-ὒν]

643 4468 801 4522 αὐτοῦ
826 4467 893 4522 A.
1183 4485 1371 4539 19-23.
1407 4469 1495 4523 Ab
1518 4471 1691 4526 αὐτοις
1714 4471 1781 4525 ad
1806 4472 1979 4529 αὐτοῖς
2001 4472 2232 4527 transilit
2256 4472 2324 4527 A.
2621 4487 2710 4540 25.
2746 4472 2812 4528 ἂν
2839 4491 2950 4529 om.
2974 4476 3044 4529 A·

647 4553 733 4609 27.
769 4540 1159 4611 μεταφοιτῶντα
1183 4553 1304 4609 post
1328 4539 1519 4611 αἰσχίω
1543 4542 1843 4611 transponit
1869 4544 1933 4596 A.
