3269 5166
192 316 335 385 xix.
364 320 602 388 16-18.
793 324 910 391 IN
971 326 1039 393 S.
1089 327 1607 394 JOANNEM.
1699 327 1895 394 LIB.
1941 327 2106 393 XII.
2544 325 2631 396 79

195 482 458 591 ὥσπερ
496 487 938 578 ἀπολύοντες
974 492 1265 598 αὐχένα.
1348 500 1563 574 τοῦτο
1599 490 1745 597 γὰρ
1780 490 1873 593 ἦν
1908 494 2229 596 ἐναργῶς
2264 489 2351 571 τὸ
2387 492 2628 594 λέγειν
2651 525 2690 571 ο

195 613 359 692 Οὐκ
407 610 651 716 ἔχομεν
686 614 1008 708 βασιλέα.
1052 624 1105 699 εἰ
1152 616 1248 725 μὴ
1294 621 1644 728 Καίσαρα.
1748 619 1918 699 ἀλλ’
1959 616 2360 721 εὑρήσομεν
2397 614 2629 698 πάλιν

194 737 317 814 καὶ
396 733 560 816 τότε
634 737 768 839 μὲν
842 742 959 822 ἐπὶ
1031 747 1136 848 τῷ
1205 747 1490 846 Σωτῆρι
1553 748 1864 852 Χριστῷ
1931 742 2130 847 παρὰ
2205 749 2352 823 τῶν
2420 748 2626 822 λαῶν

194 859 681 963 γεγενημένην
745 863 878 965 τὴν
951 865 1331 973 εὐφημίαν,
1394 864 1596 970 παρὰ
1672 865 1749 950 δὲ
1823 870 1952 968 τῆς
2025 873 2172 948 τῶν
2242 865 2625 972 ἀρχιερέων

126 1005 167 1067 5
196 986 654 1081 δυσβουλίας
750 991 868 1069 καὶ
962 989 1234 1093 ταύτην
1320 1000 1476 1079 ταῖς
1568 991 1839 1077 ἄλλαις
1927 990 2633 1095 προστετολμῆσθαί

196 1117 448 1215 φαμεν
502 1109 636 1212 τὴν
689 1112 1086 1216 καταβοήν.

459 1372 628 1440 Τότε
682 1369 797 1442 οὖν
850 1374 1239 1466 παρέδωκεν
1293 1370 1518 1443 αὐτοῖς
1572 1374 1775 1444 αὐτὸν
1828 1374 1937 1442 ἵνα
1993 1378 2368 1466 σταυρωθῇ.
2653 1382 2726 1439 16

313 1550 497 1629 Ταῖς
546 1552 693 1626 τῶν
726 1547 1095 1630 Ἰουδαίων
1132 1547 1465 1653 ἀκράτοις
1515 1550 1765 1654 ὀργαῖς
1815 1549 2155 1648 ἀπονέμει
2205 1543 2468 1629 λοιπὸν
2503 1548 2621 1627 καὶ

194 1671 336 1776 οὐχ
383 1668 565 1751 ἑκὼν
601 1673 642 1751 ὁ
684 1670 1009 1758 Πιλάτος
1056 1670 1190 1775 τὴν
1228 1680 1324 1759 εὶς
1372 1681 1520 1756 πᾶν
1555 1676 1792 1756 ὁτιοῦν
1829 1676 1946 1755 καὶ
1997 1679 2142 1755 τῶν
2188 1673 2330 1780 ἔξω
2381 1669 2622 1772 νόμων

91 1829 172 1870 10
195 1794 643 1897 ἀποδρομὴν,
717 1799 834 1877 καὶ
910 1795 1047 1898 τὴν
1117 1806 1266 1883 τοῖς
1340 1796 1709 1902 δικάζουσι
1781 1798 2209 1903 πρέπουσαν
2279 1796 2632 1905 ἐξουσίαν

195 1919 524 2025 ἀφελὼν,
562 1921 1005 2021 ἀταμιεύτοις
1059 1921 1197 2024 ἤδη
1254 1921 1603 2027 φέρεσθαι
1658 1931 1809 2009 τοῖς
1864 1929 2112 2024 θυμοῖς
2162 1919 2621 2025 ἀνεγκλήτως
2646 1929 2693 1995 d

195 2044 471 2149 ἐφίησι,
511 2054 876 2150 σταυροῦν
917 2047 1313 2153 ἐπιτρέψας
1361 2045 1489 2127 τὸν
1535 2048 1644 2128 ἐπ’
1685 2049 1912 2128 οὐδενὶ
1962 2046 2095 2146 μὲν
2129 2053 2276 2126 τῶν
2313 2044 2621 2153 φαύλων

197 2165 479 2249 ἁλόντα
551 2177 947 2269 παντελῶς,
1023 2170 1136 2252 ὅτι
1202 2169 1281 2251 δὲ
1355 2171 1579 2271 μόνον
1638 2170 1820 2253 Υὶὸν
1882 2172 2136 2253 ἑαυτὸν
2210 2172 2351 2277 ἔφη
2427 2176 2620 2251 Θεοῦ
2710 2171 2895 2306 {25¹3

194 2291 643 2398 παραλόγως
721 2293 1157 2399 κρινόμενον.
1255 2294 1625 2381 Ἰουδαίοις
1697 2292 1829 2397 μὲν
1903 2298 2030 2378 οὖν
2105 2295 2191 2377 τὸ
2269 2302 2418 2376 πᾶν
2489 2303 2619 2375 τοῦ

98 2449 118 2487 ι
131 2445 168 2504 5
197 2415 667 2517 τολμήματος
729 2420 1133 2529 ἐπιγράψω
1200 2454 1309 2507 τις
1375 2419 1488 2519 ἂν,
1544 2423 1665 2502 καὶ
1727 2419 1862 2522 τὴν
1925 2426 2055 2522 τῆς
2117 2420 2618 2525 πρωτουργίας

193 2538 486 2629 εἰκότως
541 2542 631 2624 ἂν
685 2538 879 2646 οἶμαι
935 2548 1055 2627 καὶ
1110 2552 1352 2633 καλῶς
1416 2545 1711 2647 ἀναθείη
1775 2545 2094 2653 γραφήν·
2203 2546 2406 2627 αὐτοὶ
2469 2543 2615 2648 γὰρ

192 2666 549 2770 γεγόνασι
602 2673 728 2769 τῆς
784 2667 966 2751 κατὰ
1021 2675 1355 2776 Χριστοῦ
1420 2672 1856 2765 δυσσεβείας
1915 2670 2128 2778 ἀρχή·
2199 2670 2332 2771 τὴν
2390 2670 2478 2750 δέ
2526 2704 2616 2772 γε

200 2797 272 2872 Π
279 2790 536 2874 ιλάτου
589 2793 921 2900 κεφαλὴν
974 2799 1101 2895 τῆς
1160 2796 1443 2876 ἐκείνων
1496 2793 1966 2897 ἀνοσιότητος
2031 2799 2161 2877 οὐκ
2225 2796 2623 2898 ἀμοιρῆσαί
2638 2814 2675 2858 Θ

196 2923 463 3021 φαμεν,
500 2918 673 2998 ἀλλ’
714 2916 890 2999 εἶναι
943 2926 1092 3004 τοῖς
1143 2919 1469 3022 δράσασι
1520 2922 2011 3019 συνυπαίτιον,
2048 2921 2333 3022 ἐπείπερ
2369 2918 2611 3021 ἐκρύε-

90 3079 170 3119 20
196 3041 386 3121 σθαί
431 3075 510 3122 τε
564 3046 683 3124 καὶ
738 3044 1112 3149 διασώζειν
1157 3044 1326 3152 ἐξὸν
1370 3048 1497 3145 τῆς
1549 3052 1697 3125 τῶν
1734 3045 2129 3153 φονῶντων
2163 3042 2439 3141 μανίας,
2480 3042 2618 3148 οὐχ

193 3166 393 3251 ὅπως
431 3166 746 3275 ἐξείλετο
788 3166 1032 3269 μόνον,
1070 3167 1273 3250 ἀλλὰ
1324 3173 1442 3251 καὶ
1494 3170 1907 3275 παρέδωκεν
1940 3170 2076 3276 οὐχ
2124 3170 2403 3265 ἁπλῶς,
2439 3168 2611 3247 ἀλλ’

190 3290 306 3373 ‘lm
343 3293 832 3403 σταυρώσειαν.

191 3542 585 3633 Παρὲλαβον
648 3539 764 3610 οὖν
820 3545 934 3610 τὸν
977 3544 1253 3628 Ἰησοῦν,
1309 3545 1417 3612 καὶ
1481 3546 1815 3637 βαστάζων
1866 3546 2089 3633 ἑαυτῷ
2149 3546 2264 3613 τὸν
2327 3547 2609 3637 σταυρὸν
2641 3571 2711 3636 17

294 3668 569 3738 ἐξῆλθεν
614 3665 708 3734 εἰς.
761 3669 839 3737 τὸ
892 3673 1245 3748 λεγόμενον
1291 3672 1556 3762 κρανίου
1610 3673 1838 3756 τόπον,
1873 3674 1911 3740 ὃ
1966 3672 2226 3749 λὲΓεται
2269 3671 2610 3763 Ἑβράἳστί

92 3801 168 3864 ²5
299 3794 614 3878 ΓολΓοθᾶ,
659 3797 827 3864 ὅπου
882 3797 1081 3865 αὐτὸν
1125 3799 1577 3890 ἐσταύρωσαν,
1616 3799 1724 3865 καὶ
1769 3800 1899 3877 μετ’
1948 3799 2148 3867 αὐτοῦ
2191 3798 2436 3865 ἄλλους
2489 3797 2607 3865 δύο
2639 3807 2712 3865 18

290 3923 590 3989 ἐντεῦθεν
647 3923 754 3988 καὶ
805 3924 1123 4006 ἐντεῦθεν,
1176 3927 1375 4002 μέσον
1431 3925 1505 3992 δὲ
1559 3925 1674 3993 τὸν
1718 3926 1993 3993 Ἰησοῦν.

298 4092 721 4197 Ἀπάγουσι
769 4092 901 4195 μὲν
938 4099 1033 4181 ὡς
1086 4094 1606 4204 τεθνηξόμενον
1650 4099 1790 4200 ἤδη
1829 4097 1957 4179 τὸν
1994 4101 2122 4198 τῆς
2159 4098 2338 4202 ζωῆς
2376 4100 2600 4204 ἀρχη·
2629 4131 2941 4191 2105'7A.

187 4217 343 4322 γὸν,
411 4218 805 4326 ἐπράττετο
866 4220 942 4301 δὲ
978 4225 1096 4303 καὶ
1154 4230 1369 4303 τοῦτο
1429 4219 1603 4328 ὑπὲρ
1660 4222 1889 4325 ἡμῶν,
1951 4221 2244 4324 δυνάμει
2300 4228 2391 4330 τῇ
2452 4225 2606 4331 θείᾳ

262 4462 349 4503 22.
387 4448 689 4517 σταυρώσει
715 4445 781 4501 Ε.
997 4464 1084 4519 23.
1119 4447 1422 4520 παρέλαβον
1446 4450 1503 4504 δὲ
1529 4452 1619 4504 τὸν
1642 4449 1851 4519 Ἰησοῦν
1874 4451 1957 4505 καὶ
1982 4453 2180 4521 ἤγαγον
2199 4448 2272 4505 εἷς
2297 4450 2358 4502 τὸ
2381 4451 2605 4517 πραιτώ-

189 4539 302 4657 ςιὸορν
316 4518 717 4661 {agada-ngat
739 4519 833 4573 τὸν
855 4520 1085 4590 σταυρὸν
1107 4520 1266 4576 αὐτοῦ
1293 4520 1334 4575 F
1358 4539 1470 4594 mg.
1498 4520 1602 4579 Ed.
1627 4539 1740 4593 mg.
2124 4536 2212 4588 24.
2250 4517 2307 4590 ὃ]
2335 4517 2392 4578 ὃς
2421 4519 2462 4574 F
2491 4536 2604 4591 mg.
