3269 5166
237 317 400 397 ις...
428 339 563 402 sqq.
653 316 762 382 IN
812 318 945 383 ΕΡ.
990 317 1047 381 1.
1101 318 1229 381 AD
1282 316 1871 382 CORINTHIOS.
1946 318 2122 385 LIB.
2167 319 2287 383 1v.
2515 320 2643 383 283

2747 415 2778 467 6
2898 454 2910 467 .

239 483 363 560 καὶ
422 479 723 584 ὁριστὴν
783 480 912 561 τὸν
963 485 1091 581 τῆς
1148 480 1438 586 φύσεως
1498 479 1770 581 νόμον,
1853 480 2163 586 ἀνδράσι
2216 482 2347 579 μὲν
2401 480 2545 586 γὰρ
2601 482 2644 581 ἡ
2696 417 2721 483 [
2781 430 2812 480 3
2835 416 2959 482 M]

238 606 617 708 παῤῥησία
669 604 1260 707 πρεπωδεστάτη,
1303 606 1586 707 γυναικὶ
1640 603 1867 707 γεμὴν
1923 604 2008 686 τὸ
2062 604 2647 708 ἐγκαλύπτεσθαι

240 725 549 825 κόσμος·
626 728 882 808 οὐκοῦν
937 729 1141 830 ὕβρις
1197 733 1295 811 εἰς
1351 726 1436 808 τὸ
1496 727 1900 832 ἀρχέτυπον
1959 728 2063 828 εἴη
2123 727 2212 809 ἂν
2267 732 2384 809 καὶ
2440 728 2645 828 μοίλα

242 849 551 948 εἰκότως,
588 853 717 949 τῆς
753 848 1019 935 εἰκόνος
1060 849 1145 930 τὸ
1181 850 1517 935 ἀκαλλές·
1593 855 1654 930 εἰ
1689 850 1834 954 γάρ
1869 854 2071 932 ἐστιν
2107 853 2256 960 οἰνῆρ
2295 850 2481 935 εἰκῶν
2523 859 2643 933 καὶ
2670 892 2771 926 vor-
2803 884 2846 939 7·

176 1008 217 1069 5
245 968 415 1081 ὤξα
453 976 649 1064 Θεοῦ,
684 974 1060 1075 πεποίηται
1113 971 1259 1076 γὰρ
1313 971 1499 1054 κατὰ
1550 971 1681 1059 τὰς
1734 974 2025 1083 γραφὰς
2077 978 2322 1074 οὕτως,
2360 975 2645 1080 σωζέτω

246 1101 421 1205 Θεῷ
463 1094 597 1196 τὴν
648 1096 1072 1200 πρέπουσαν
1124 1099 1559 1201 παρῤησίαν,
1595 1096 2223 1180 ἀκατακάλυπτον
2279 1099 2463 1205 ἔχων
2516 1098 2650 1199 τὴν

250 1217 608 1326 κεφαλὴν,
652 1223 770 1300 καί
814 1223 943 1301 οὐκ
1001 1221 1438 1322 ἐπιτιμῶσης
1495 1222 1691 1329 αὐτῷ
1740 1225 1871 1322 τῆς
1925 1220 2216 1329 φύσεως
2271 1221 2369 1307 εἵς
2423 1255 2508 1324 γε
2563 1221 2648 1302 τὸ

243 1340 827 1424 ἐκκαλύπτεσθαι
861 1348 1032 1424 δεῖν·
1089 1344 1465 1448 ἐλεύθερον
1500 1343 1645 1447 γὰρ
1681 1343 1766 1425 τὸ
1802 1350 1991 1426 θεῖον
2028 1348 2144 1425 καὶ
2180 1344 2363 1449 πέρα
2397 1344 2651 1444 μώμου

244 1464 543 1565 παντὸς,
578 1466 722 1574 ἰδίᾳ
757 1500 836 1546 τε
883 1466 1064 1573 δόξῃ
1111 1476 1664 1549 καταπλουτοῦν
1697 1470 1815 1548 καί
1850 1469 2463 1569 τεθαυμασμένον.
2535 1475 2652 1548 καὶ

138 1637 222 1680 10
246 1589 447 1694 εἴπερ
490 1593 692 1670 ε’στίν
726 1592 773 1691 ἡ
807 1589 989 1693 γυνὴ
1039 1593 1207 1672 καθ’
1258 1592 1606 1692 ὁμοίωσιν
1642 1591 1921 1694 ἀνδρὸς,
1959 1596 2075 1673 καί
2123 1589 2331 1671 εἰκὼν
2367 1590 2651 1688 εἰκόνος,

246 1717 369 1794 καί
420 1713 640 1821 δόξης
682 1712 883 1822 δόξα,
924 1721 1294 1815 νομοθετεῖ
1338 1714 1415 1797 δὲ
1447 1717 1630 1820 αὐτῇ
1679 1717 1797 1795 καὶ
1831 1716 1917 1795 τὸ
1953 1722 2183 1815 κομᾶν
2219 1715 2262 1813 ἡ
2302 1716 2545 1822 φύσις,
2582 1717 2660 1795 τί

244 1835 337 1918 τὸ
388 1844 681 1941 πρῶτον
734 1844 1131 1945 φιλονεικεῖ
1174 1837 1261 1918 τὸ
1318 1838 1684 1943 ὑστερίζον
1727 1841 1805 1919 ἐν
1848 1838 2132 1945 χάριτι;
2208 1841 2359 1920 κατ’
2419 1837 2653 1918 εἰκόνα

245 1959 383 2061 μὲν
417 1959 561 2064 γὰρ
597 1966 715 2042 καί
753 1964 934 2061 αὕτη
962 1965 1080 2043 καὶ
1117 1964 1465 2062 ὁμοίωσιν
1494 1968 1709 2061 Θεοῦ,
1735 1961 1933 2063 πλὴν
1970 1967 2066 2049 ὡς
2103 1961 2222 2042 διὰ
2259 1963 2489 2063 μέσον
2523 1971 2653 2042 τοῦ

247 2083 538 2187 ἀνδρὸς,
598 2082 787 2166 ὥστε
844 2083 1028 2165 κατά
1080 2120 1150 2166 τι
1203 2083 1713 2190 παραλλάττοι
1766 2086 2006 2191 βραχὺ
2060 2085 2193 2185 τὴν
2237 2085 2490 2192 φύσιν·
2570 2086 2654 2164 οὐ

143 2246 224 2305 ¹5
248 2207 638 2314 γράψομαι
670 2213 861 2290 αἰδοῖ
886 2204 1542 2312 περιοτὲλλουσαν,
1579 2212 1678 2294 ὦς
1713 2209 1833 2307 ἔνι,
1871 2210 1956 2289 τὸ
1992 2208 2172 2316 ζῷον
2208 2211 2323 2288 καὶ
2361 2212 2647 2314 στεφα·

249 2338 530 2411 νοῦσαν
576 2336 669 2437 τῇ
709 2329 916 2437 κόμῃ·
973 2332 1058 2412 τὸ
1113 2331 1260 2436 γάρ
1306 2366 1418 2412 τοι
1465 2331 2104 2436 παρῤησιάζεσθαι,
2150 2332 2479 2440 γυναιξὶν
2526 2332 2654 2410 οὐκ

248 2452 573 2556 ἀζήμιον.
649 2456 905 2535 οὐκοῦν
963 2454 1618 2537 κατακαλυπτέσθω
1675 2457 1865 2559 φησί
1921 2450 2040 2536 ὃιέι
2079 2454 2226 2540 τοῦς
2274 2455 2651 2557 ἀγγέλους,
2678 2496 2783 2530 ver.
2806 2495 2879 2529 10.

251 2580 482 2678 δῆλον
519 2577 596 2658 δὲ
633 2576 743 2659 ὅτι
789 2575 954 2665 τοὺς
1001 2588 1158 2664 ταῖς
1203 2579 1619 2680 ἐκκλησίαις
1676 2577 2159 2682 ἐνιδρυμένους
2201 2578 2402 2682 παρὰ
2439 2583 2652 2661 Θεοῦ.

250 2701 390 2807 οὐχ
445 2700 555 2781 ὅτι
607 2699 995 2807 πάσχουσί
1042 2737 1113 2782 τι
1167 2705 1245 2783 ἐν
1285 2705 1389 2811 τῷ
1443 2705 1618 2805 ὁρᾶν
1664 2709 2029 2806 γυναῖκας·
2106 2702 2472 2805 ἅνθρωποι
2525 2701 2657 2801 μὲν

147 2867 229 2910 20
253 2824 401 2928 γὰρ
446 2824 532 2906 τὸ
573 2825 772 2931 παχῦ
807 2824 896 2926 δὴ
930 2835 1144 2907 τοῦτο
1197 2829 1314 2907 καὶ
1359 2824 1506 2907 ἀπὸ
1552 2830 1688 2930 γῆς
1739 2825 2017 2931 ἔχοντες
2055 2831 2296 2926 σῶμα,
2335 2829 2449 2905 καί
2501 2833 2655 2909 ταῖς

248 2947 596 3056 ε’μφύτοις
644 2949 928 3049 ἡδοναῖς
970 2946 1154 3053 πρὸς
1199 2946 1293 3028 τὰ
1336 2949 1599 3055 αἰσχίω
1655 2950 2197 3048 κατωθούμενοι,
2234 2948 2529 3029 πάθοιεν
2564 2945 2657 3028 ἂν

250 3070 339 3151 τὸ
396 3069 704 3170 βλάβος,
744 3078 898 3156 ταῖς
937 3071 1249 3174 γυναίων
1295 3070 1510 3175 ὥραις
1558 3074 1671 3178 ἐφ’
1711 3069 1761 3151 ἃ
1808 3071 1910 3171 μὴ
1946 3073 2312 3174 πρόσηκεν
2360 3068 2658 3174 ἐρεθιζό-

250 3225 479 3296 μενοι·
556 3199 720 3298 περὶ
772 3194 859 3274 δέ
898 3230 982 3298 γε
1019 3201 1165 3275 τῶν
1201 3195 1427 3297 ἁγίων
1462 3195 1823 3297 ἀγγέλων,
1858 3197 1934 3275 τί
1964 3195 2054 3274 ἄν
2088 3229 2197 3279 τις
2230 3194 2380 3298 ἔχοι
2416 3201 2648 3274 τοιοῦ-

251 3353 384 3398 τον
432 3318 478 3418 ἢ
531 3327 714 3399 νοεῖν
767 3316 815 3420 ἢ
867 3318 1153 3424 φράσαι
1186 3351 1209 3416 3
1287 3315 1479 3420 ἅγιοι
1541 3316 1684 3420 γάρ
1742 3322 1883 3398 εἰσι
1939 3321 2056 3398 καί
2108 3318 2339 3423 ῥύπου
2387 3315 2660 3402 παντὸς

150 3490 184 3529 2
190 3486 227 3546 5
253 3443 581 3542 ἀμείνους
626 3441 736 3521 ὅτι
783 3444 900 3521 καὶ
936 3440 1077 3548 ἔξω
1112 3440 1384 3545 σαρκὸς
1433 3448 1723 3525 λεπτοῖς
1760 3475 1835 3520 τε
1875 3446 1991 3521 καὶ
2029 3447 2305 3541 νοητοῖς
2351 3444 2468 3521 καί
2512 3447 2658 3525 τοῖς

255 3564 434 3668 ὑπὲρ
491 3573 659 3645 νοῦν
712 3561 839 3645 τὸν
893 3564 1343 3666 ἀνθρώπινον
1398 3565 1814 3669 κεχρημένοι
1873 3564 2245 3663 σώμασιν·
2328 3564 2497 3643 ἀλλ’
2549 3564 2661 3643 ὅτι

255 3692 718 3794 δυσφοροῦσι
780 3688 949 3768 λίαν
1003 3693 1063 3766 εἰ
1119 3691 1456 3787 ἀμελοῖτο
1512 3685 1694 3791 πρός
1747 3721 1936 3773 τινος
1987 3691 2027 3767 ὃ
2078 3697 2207 3768 τοῦ
2262 3685 2659 3790 πρέποντος

255 3811 498 3910 νόμος.
578 3809 833 3912 πρέποι
879 3808 956 3890 δὲ
1007 3809 1295 3917 γυναιξὶ
1347 3807 1431 3890 τὸ
1470 3808 2176 3891 κατακαλύπτεσθαι·
2253 3813 2370 3889 καὶ
2407 3809 2661 3889 τούτου

252 3934 529 4038 μάρτυς
565 3935 612 4034 ἦ
648 3933 898 4040 φύσις·
968 3937 1004 4028 ἦ
1046 3934 1189 4037 γὰρ
1239 3936 1412 4040 κόμη
1457 3935 1692 4040 φησὶν
1728 3939 1868 4013 ἀντὶ
1917 3936 2356 4042 περιβολαίου
2394 3927 2657 4013 δέδοται
2685 3972 2787 4006 ver.
2816 3967 2892 4017 15.

325 4205 380 4259 3.
419 4187 485 4243 ἂν
506 4203 617 4242 om.
643 4187 711 4241 A.
1009 4199 1091 4256 17.
1132 4183 1246 4238 luc.
1271 4204 1335 4238 κυ
1370 4184 1523 4239 ι’λλου
1545 4185 1665 4309 Ἠοῖ
1688 4185 1927 4257 ἅγγελων
1950 4184 2310 4256 praemittam,
2336 4187 2659 4240 κατακαλυπ·

251 4259 429 4314 floen-
452 4258 540 4313 διὰ
565 4257 644 4313 Η.
936 4255 1018 4310 18.
1056 4256 1216 4323 δῆλον
1239 4254 1295 4307 δὲ
1384 4276 1403 4308 ι
1426 4271 1533 4310 om.
1625 4294 1639 4310 .
1921 4272 1943 4310 1
2023 4254 2108 4309 26.
2145 4256 2243 4325 οὐχ
2267 4254 2662 4321 ὅτι-σώμασιν

251 4330 414 4384 nobis
439 4346 508 4383 m
548 4326 747 4398 peditat
776 4324 852 4380 Η.
1207 4325 1292 4379 26.
1328 4327 1419 4379 τὸν
1440 4324 1539 4379 ἇνθ
1587 4327 1599 4346 ’
1652 4347 1762 4381 ινον
1783 4343 1936 4381 emen
2010 4326 2078 4381 vi.
2104 4330 2207 4379 τῶν
2229 4324 2559 4395 ἀνθρωπίνων
2586 4324 2661 4379 Η.

250 4398 377 4455 ἄλλ’
402 4399 486 4454 ὅτι
508 4347 849 4468 ἳνα-φοροῦσι
878 4393 950 4450 Η.
974 4395 1311 4464 δυσφοροῦσι
1334 4395 1437 4465 γὰρ
1463 4352 1565 4449 ΕΑ.
2017 4408 2104 4465 27.
2140 4392 2511 4463 λίαν-νόμος]
2539 4395 2663 4478 όταν

252 4474 285 4525 ὁ
306 4473 405 4526 τοῦ
426 4468 722 4538 πρέποντος
742 4466 991 4534 ἇμελοῖτο
1014 4467 1169 4534 νόμος
1197 4463 1271 4521 Η.
1784 4467 1942 4538 28-1).
1970 4466 2091 4535 284,
2124 4484 2167 4522 ι.
2205 4464 2664 4534 πρέποι-πρεπον

252 4547 600 4607 temserunt
624 4555 689 4592 ex
720 4536 795 4590 H.

1384 4637 1424 4678 O
1454 4639 1491 4679 Ο
1526 4643 1555 4682 2
