3269 5166
672 352 804 418 258
1020 353 1097 420 Β.
1142 352 1517 418 CYRILLI
1568 350 2096 418 ALEXANDR.
2147 350 2716 416 FRAGMENTA
2804 350 2899 415 iii.
2935 351 3068 429 1‚6.

366 461 477 527 [⁵⁴
502 463 627 527 Μ’]
672 517 1127 623 αυμβιβαῖσαι
1167 521 1397 625 φησὶν
1432 519 1591 598 ἀντὶ
1630 522 1759 597 τοῦ
1804 520 2062 616 νοῆσαι
2103 514 2668 619 παρασκευάσει·
2729 517 2853 595 καὶ
2889 514 3068 596 τίνες

673 637 765 719 ἂν
792 638 928 720 εἷεν
964 646 1030 721 οἱ
1067 650 1235 721 νοῦν
1269 641 1545 746 ἔχοντες
1576 640 1867 744 Κυρίου,
1892 638 2119 719 πάλιν
2153 635 2366 722 αὐτὸς
2400 638 2817 744 παρέδειξεν
2853 637 3069 718 εἰπών

670 764 914 868 Ἡμεῖς
953 762 1023 845 δὲ
1064 766 1191 844 νοῦν
1230 766 1511 872 Χριστοῦ
1550 764 1809 870 ἔχομεν,
1845 761 2172 842 τουτέστι
2211 760 2296 841 τὸ
2327 767 2626 860 Πνεῦμα
2660 760 2747 841 τὸ
2783 770 3070 842 λαλοῦν

339 898 417 947 Cf·
436 915 482 963 1>-
504 909 616 964 2572
672 890 748 967 ἐν
788 888 1036 989 ἁγίοις,
1090 889 1209 967 καὶ
1263 886 1711 967 ἐκκαλύπτον
1765 887 2003 968 αὐτοῖς
2056 883 2442 988 μυστήρια,
2484 889 2602 966 καὶ
2658 884 2855 965 θεῖόν
2908 918 3070 964 τινα

339 978 387 1028 9·
673 1018 841 1091 νοῦν
894 1014 1298 1117 ἀποφαῖνον
1355 1008 1482 1089 τὸν
1546 1011 1622 1088 ἐν
1687 1009 1942 1090 αὐτοῖς.
2016 1008 2269 1087 οὐκοῦν
2325 1005 2426 1087 ὧν
2482 1006 2912 1114 γεγράφασι
2981 1008 3070 1088 τὰ
3091 1033 3125 1092 5

672 1135 935 1232 ἀμείνω
997 1168 1073 1213 τε
1135 1136 1251 1213 καὶ
1311 1132 1753 1238 ὑψηλότερα,
1810 1137 1996 1210 νοεῖν
2054 1163 2133 1208 τε
2183 1132 2301 1208 καὶ
2358 1130 2597 1232 λέγειν
2653 1131 3070 1229 δυναμένοις

669 1258 1348 1360 συμμεμετρήκασιν
1408 1259 1863 1354 οἰκονομικῶς
1921 1260 2076 1336 ταῖς
2139 1259 2285 1333 τῶν
2346 1255 3071 1357 μυσταγωγουμένων

669 1379 868 1486 ἕξεσι
905 1379 1036 1480 τὴν
1075 1377 1471 1486 ὑφήγησιν.

339 1645 492 1724 Κεφ.
518 1642 596 1727 γ’.
675 1645 790 1710 Καὶ
832 1646 983 1727 ἑΓὼ,
1030 1645 1330 1732 ἀδελφοὶ,
1375 1644 1492 1710 οὐκ
1547 1642 1877 1709 ἠδυνήθην
1922 1650 2202 1708 λαλῆσαι
2252 1639 2397 1720 ὑμῖν
2442 1643 2537 1708 ὡς
2580 1641 3067 1723 πνευματικοῖς,

1072 1770 1210 1835 ἀλλ’
1264 1771 1359 1837 ὡς
1407 1764 1757 1859 σαρκικοῖς,
1805 1768 1899 1832 ὡς
1956 1767 2211 1833 νηπίοις
2256 1769 2329 1834 ἑν
2378 1771 2654 1858 Χριστῷ.
3095 1791 3156 1832 ιο

779 1940 946 2044 Ούχ
1000 1939 1099 2025 ὧς
1151 1943 1443 2044 ἀπορῶν
1480 1947 1608 2019 τοῦ
1657 1936 1886 2039 λόγου
1932 1936 2114 2042 πρὸς
2167 1940 2447 2019 τελείαν
2481 1946 2760 2044 γνῶσιν
2799 1942 3064 2020 ἀνακο-

664 2061 882 2165 μίζειν
919 2062 1300 2168 ἰσχύοντος
1334 2062 1704 2163 ἐκωλύθην
1742 2063 1905 2161 ὑμῖν
1941 2065 2272 2161 λαλῆσαι
2306 2061 2400 2142 τὰ
2437 2060 2868 2166 τελειότερα,
2897 2064 3065 2141 ἀλλ’

662 2183 902 2285 ἐπειδὴ
957 2186 1203 2287 νήπιοί
1247 2190 1414 2266 ἐστε
1470 2185 1603 2288 τὴν
1647 2186 1798 2292 ἕξιν
1845 2190 1964 2266 καὶ
2009 2189 2408 2292 ἀνασφαλῆ
2463 2184 2591 2267 τὸν
2633 2194 2808 2267 νοῦν
2852 2188 3068 2293 ἔχετε,

660 2306 764 2408 μὴ
798 2311 1306 2413 προβεβηκότα
1342 2308 1524 2414 πρὸς
1555 2310 1831 2409 εἴδησιν
1864 2315 2010 2389 τῶν
2046 2307 2538 2414 τελειωτέρων,
2575 2313 2693 2391 καὶ
2732 2312 2820 2390 οὐ
2857 2309 3068 2391 δυνά-

661 2467 875 2529 μενον
910 2441 1166 2539 χωρεῖν
1202 2433 1373 2519 τέως
1408 2431 1793 2537 μυστήρια.
3093 2467 3153 2522 15

603 2668 639 2723 ⁶
1566 2678 1581 2698 '
1602 2676 1748 2752 ΕΓὼ
1801 2677 2149 2764 ἐφύτευσα.

776 2847 1181 2954 Ἐφύτευσε
1235 2847 1366 2947 μὲν
1421 2854 1739 2947 Παῦλος,
1795 2849 1837 2927 ὁ
1893 2847 1968 2928 δὲ
2022 2849 2395 2935 Ἀπολλὼς
2448 2849 2768 2947 ἔπὸτισεν,
2826 2850 3063 2931 ἐκάλει

665 2967 847 3075 πρὸς
900 2971 1210 3078 αὔξησιν
1247 2974 1437 3059 Θεὸς.
1516 2972 1620 3056 τίς
1676 2973 1803 3052 οὖν
1838 2973 1884 3071 ἡ
1925 2972 2270 3079 φύτευσις·
2311 2970 2357 3072 ἢ
2414 2971 2499 3051 τὸ
2550 2974 2626 3051 ε’ν
2683 2974 2880 3078 ἀρχῇ
2940 2978 3064 3070 τῆς

662 3093 996 3192 πίστεως,
1033 3097 1150 3175 καὶ
1187 3095 1298 3176 ὅτι
1340 3102 1484 3177 τῶν
1521 3095 1718 3176 ὅλων
1756 3096 2018 3200 Κύριος
2056 3099 2098 3176 ὁ
2137 3094 2323 3180 Θεὸς
2375 3096 2767 3197 ἐπιγνῶναί
2811 3130 2894 3176 τε
2949 3098 3060 3176 καὶ

662 3222 924 3313 εἶπεῖν;
1006 3218 1114 3301 τίς
1177 3216 1253 3298 δὲ
1314 3221 1355 3299 ὃ
1413 3217 1774 3318 ποτισμὸς
1834 3217 1880 3318 ἢ
1939 3225 2084 3298 τῶν
2143 3221 2223 3299 ἐκ
2282 3218 2752 3303 διδασκαλίας
2813 3219 3060 3323 λόγων
3083 3255 3149 3297 20

661 3342 871 3420 οἱονεὶ
917 3340 1291 3443 καταβολὴ
1328 3346 1445 3423 καὶ
1487 3342 1835 3446 ἐπίχυσις,
1871 3341 2245 3448 τρέφουσα
2279 3341 2461 3445 πρὸς
2497 3342 2901 3445 εὐρωστίαν
2937 3342 3060 3423 τὸν

659 3471 789 3543 τοῦ
841 3465 1364 3549 πιστεύσαντος
1420 3473 1588 3546 νοῦν
1646 3466 1761 3545 ἵνα
1820 3467 2147 3574 φαίνοιτο
2202 3466 2318 3546 καὶ
2374 3462 2890 3568 καρποφόρος;
2955 3467 3058 3549 τίς

662 3584 737 3666 δὲ
791 3587 837 3686 ἦ
893 3587 1195 3695 αὔξησις
1232 3588 1278 3687 ἡ
1314 3588 1512 3691 παρὰ
1546 3594 1878 3692 Χριστοῦ
1927 3588 1973 3690 ἢ
2030 3588 2149 3669 διὰ
2189 3588 2607 3687 Πνεύματος
2660 3590 3056 3690 στερέωσις

326 3729 457 3792 Eph.
473 3729 540 3779 iv.
558 3744 631 3794 13·
662 3713 780 3788 καὶ
829 3719 872 3758 “
894 3716 991 3795 εἰς
1037 3709 1264 3813 ἄνδρα
1307 3708 1631 3792 τέλειον”
1690 3711 2057 3815 ἀναδρομὴ
2113 3709 2491 3813 ἀναλόγως
2543 3717 2698 3794 ταῖς
2741 3711 3056 3792 ἑκάστου

659 3835 1011 3919 σπουδαῖς
1046 3867 1123 3913 τε
1160 3836 1278 3913 καὶ
1314 3835 1736 3938 προθυμίαις
1773 3835 2265 3941 χορηγουμένη
2293 3867 2313 3928 ;
3079 3882 3106 3922 2
3113 3878 3144 3936 5

732 4075 779 4114 1.
815 4061 1137 4128 συμβιβάσει
1176 4061 1380 4133 Migne.
1491 4064 1895 4131 παρασκευάσω
1949 4064 1999 4116 01
2034 4062 2092 4117 δὲ
2128 4064 2219 4117 τὸν
2252 4064 2373 4117 νοῦν
2407 4062 2613 4149 ἔχοντες
2855 4067 2878 4081 “
2850 4063 3054 4119 vaf-nl

657 4128 792 4184 εἶσιν
814 4131 864 4183 οἶ
887 4132 947 4184 τὸ
969 4134 1167 4198 πνεῦμα
1191 4132 1447 4257 ἕχοντεςΗ
1422 4135 1484 4186 τὸ
1506 4136 1707 4187 λαλοῦν
1723 4133 1821 4221 (3)
1850 4132 1922 4188 H.
2226 4151 2277 4199 4.
2315 4130 2635 4203 ε’γκαλύπτον
2664 4083 2741 4188 fi.
2768 4133 3052 4189 ἐπαλέα-τον

658 4198 781 4269 (εἰς)
809 4200 877 4253 A.
983 4199 1181 4273 αὐτοις]
1215 4209 1272 4266 -Ι-
1302 4204 1366 4256 τὰ
1610 4202 1845 4275 υστῆρια·
1883 4204 2007 4258 αὐτὸ
2032 4204 2128 4272 γάρ
2155 4202 2271 4259 ἐστι
2295 4204 2356 4257 τὸ
2379 4207 2576 4270 πνεῦμα
2599 4203 2717 4257 τὸ’
2687 4210 2909 4273 ερευυῦν
2928 4205 3048 4273 (sic)

658 4270 743 4324 καὶ
777 4271 841 4324 τὰ
873 4270 1045 4361 βάθη
1046 4275 1141 4326 τοῦ
1177 4276 1329 4328 Θεοῦ.
1387 4273 1525 4342 βάθη
1561 4226 1618 4327 δι
1657 4276 1794 4328 Θεοῦ
1830 4276 1915 4342 (ut
1948 4290 2112 4343 supra
2147 4291 2200 4344 p.
2230 4286 2350 4344 257,
2380 4288 2407 4344 7
2515 4274 2712 4328 iterum
2747 4274 3046 4341 exhibeat).

658 4339 869 4396 Deinde
892 4341 1076 4395 οὐκοῦν
1098 4340 1165 4395 ad
1190 4341 1284 4397 fin.
1310 4343 1496 4398 scholii
1520 4354 1857 4403 accesserunt
1879 4363 1945 4399 ex
1973 4344 2049 4399 H.
2337 4360 2389 4413 9.
2536 4344 2685 4398 olion
2709 4344 2816 4400 hoc
2840 4344 3048 4415 duoque

656 4428 792 4535 ggae
811 4419 1473 4536 ἓοιέἐιιιιιὲιέᾶειςςοεςςιιιιιῐ
1496 4432 1561 4468 ex
1590 4413 1665 4470 H.
1932 4431 2018 4469 20.
2055 4412 2085 4483 ἦ
2111 4412 2407 4469 emendavi.
2430 4412 2461 4481 ἦ
2488 4411 2627 4468 eod.
2731 4474 2740 4481 ‚
2897 4430 2982 4485 ²3·
3015 4412 3044 4481 ἦ

743 4499 808 4535 en
848 4499 878 4536 a
972 4503 1002 4550 η
