3269 5166
234 361 347 404 xx.
377 340 481 419 26,
509 353 615 423 27.
705 340 823 405 IN
884 336 953 407 S.
1000 337 1516 408 JOANNEM.
1608 340 1803 408 LIB.
1850 343 2016 411 XII.
2084 345 2296 411 CAP.
2326 343 2389 412 Ι.
2522 328 2650 408 143

234 540 451 587 πινον
485 506 948 607 πλαττομένη
999 511 1275 613 σχῆμα,
1315 512 1430 589 καὶ
1464 512 1593 607 τῆς
1642 507 1987 613 ἡμετέρας
2019 510 2206 596 ἶδέας
2241 510 2651 618 ψευδομένη

237 629 410 715 τοὺς
480 634 958 735 χαρακτῆρας,
1024 633 1184 713 οὔτε
1258 632 1425 732 μὴν,
1490 635 1587 716 ὡς
1658 633 1915 737 ἑτέροις
1989 634 2232 743 ἔδοξεν
2292 634 2653 718 ἀσυνέτως

241 758 487 851 εἰπεῖν,
526 760 746 852 σῶμα
779 754 1280 855 πνευματικὸν,
1317 757 1646 837 τουτέστι
1684 759 2114 864 λεπτομερές
2147 791 2228 840 τε
2265 762 2383 839 καὶ
2419 760 2647 863 ἀερῶ-

243 882 364 961 δες
423 880 541 957 καὶ
600 877 837 983 ἔτερόν
889 913 960 959 τι
1012 876 1214 982 παρὰ
1267 879 1400 981 τὴν
1453 879 1718 986 σάρκα.
1804 885 2001 963 δοκεῖ
2050 882 2194 986 γὰρ
2252 884 2437 963 οὕτω
2501 885 2652 961 τισὶ
2674 906 2714 952 ο

178 1021 218 1085 5
246 1008 434 1083 νοεῖν
465 1036 545 1082 τε
581 1006 697 1081 καὶ
740 1001 1081 1107 δέχεσθαι
1113 1002 1200 1084 τὸ
1236 1004 1736 1105 πνευματικόν.
1815 1005 2051 1106 ἐπειδὴ
2103 1006 2179 1088 δὲ
2228 1006 2400 1092 ὅλος
2451 1007 2655 1106 ἡμῶν

244 1130 379 1224 τῆς
428 1127 715 1209 ἐλπίδος
752 1127 792 1206 ὁ
830 1129 1057 1230 λόγος,
1102 1133 1220 1207 καὶ
1254 1128 1299 1228 ἦ
1334 1133 1465 1229 τῆς
1498 1126 1944 1231 ἀνεγκλήτου
1990 1132 2306 1214 πίστεως
2361 1130 2657 1228 δύναμις

246 1250 433 1349 μετὰ
487 1251 618 1351 τὴν
669 1252 1066 1354 ὁμολογίαν
1123 1253 1252 1351 τῆς
1307 1254 1518 1355 ἁγίας
1579 1255 1697 1333 καὶ
1758 1254 2144 1351 ὀμοουσίου
2193 1253 2503 1357 Τριάδος
2561 1260 2658 1338 εἷς

248 1371 339 1454 τὸ
402 1376 565 1478 περὶ
626 1377 754 1474 τῆς
815 1374 1089 1480 σαρκὸς
1152 1375 1550 1479 μυστήριον
1614 1376 2009 1479 τέτραπταί
2067 1410 2144 1457 τε
2205 1381 2321 1457 καὶ
2379 1377 2658 1472 βλέπει,

251 1497 776 1602 χρησιμώτατα
822 1499 991 1580 λίαν
1029 1503 1146 1579 καὶ
1201 1498 1374 1579 αὐτὸ
1411 1498 1500 1601 δὴ
1538 1502 1735 1580 τουτὶ
1774 1506 1921 1584 τοῖς
1958 1500 2197 1581 ὀπίσω
2244 1501 2663 1607 κεφαλαίοις

138 1655 226 1698 ιο
251 1623 693 1727 συντέταχεν
744 1625 787 1702 ό
834 1621 1179 1728 μακάριος
1235 1623 1813 1726 Εὖαγγελιστής.
1894 1625 2023 1705 θέα
2076 1622 2221 1728 γὰρ
2277 1625 2474 1710 ὅπως
2527 1627 2664 1733 οὐχ

252 1748 514 1831 ἀπλῶς
568 1750 740 1827 ἰδεῖν
794 1749 1126 1847 ἐπιθυμεῖ
1181 1746 1310 1827 τὸν
1370 1747 1641 1850 Κύριον
1697 1749 1737 1828 ὁ
1795 1753 2087 1847 Θωμᾶς,
2145 1748 2337 1853 ζητεῖ
2384 1747 2462 1830 δὲ
2515 1745 2665 1836 τοὶς

252 1870 508 1957 τύπους
569 1869 691 1952 uzu
756 1873 948 1970 ἥλων,
1016 1874 1367 1970 τουτέστι,
1436 1869 1530 1951 τὰ
1590 1875 1755 1977 περὶ
1816 1870 1947 1973 τὴν
2010 1873 2252 1977 σᾶρκα
2314 1869 2667 1977 γεγονότα
2688 1878 2735 1946 (1

251 1994 653 2099 τραύματα.
720 1994 1143 2077 πιστεύσειν
1175 1994 1320 2100 γὰρ
1358 1997 1582 2080 οὕτως
1625 1997 1703 2077 εὖ
1745 1995 1951 2095 μάλα
1994 1996 2497 2103 διισχυρίζεται
2548 2000 2666 2077 καὶ

255 2118 709 2200 συναινέσειν
771 2125 918 2204 τοῖς
977 2119 1258 2215 ἄλλοις,
1325 2120 1571 2223 ὅτιπερ
1636 2123 1926 2221 ἀληθῶς
1987 2122 2250 2217 ἀνεβίω
2309 2120 2661 2225 Χριστός·

148 2266 230 2328 ¹5
259 2243 528 2338 ἀνεβίω
573 2241 651 2323 δὲ
696 2240 1031 2344 δηλονότι
1073 2242 1257 2324 κατὰ
1311 2243 1445 2345 τὴν
1489 2245 1754 2347 σάρκα.
1829 2243 1914 2326 τὸ
1961 2242 2108 2350 γάρ
2163 2280 2276 2326 τοι
2332 2245 2670 2346 τεθνηκὸς

258 2370 777 2470 παλινδρομεῖν
833 2366 924 2446 ἂν
966 2365 1254 2455 εἶκότως
1311 2376 1542 2450 νοοῖτο
1592 2367 1777 2472 πρὸς
1824 2367 2029 2473 ζωὴν,
2067 2372 2182 2449 καὶ
2232 2374 2397 2473 περὶ
2448 2369 2488 2450 ὃ
2541 2370 2664 2472 γε’-

261 2524 477 2593 γονεν
513 2492 554 2570 ὁ
591 2491 916 2592 θάνατος,
953 2494 1115 2597 περὶ
1153 2494 1373 2573 ἐκεῖνο
1408 2490 1497 2594 δὴ
1530 2491 1820 2577 πάντως
1858 2496 1973 2574 καὶ
2011 2494 2055 2595 ἡ
2093 2491 2523 2577 ἀνάστασις.

266 2735 389 2801 Καὶ
442 2735 586 2812 μεθ’
646 2737 900 2827 ἡμέρας
954 2735 1134 2805 ὀκτὼ
1188 2737 1388 2804 πάλιν
1442 2736 1579 2805 ἔσω
1626 2732 1796 2805 ἦσαν
1849 2736 1911 2804 οἶ
1965 2736 2250 2817 μαθηταὶ
2299 2737 2522 2818 αὐτοῦ,
2561 2737 2669 2803 καὶ
2700 2742 2780 2802 26

368 2860 619 2938 Θωμᾶς
687 2863 825 2941 μετ’
889 2863 1126 2928 αὐτῶν·
1214 2863 1477 2952 ἔρχεται
1540 2863 1576 2933 ὁ
1640 2863 1889 2931 Ἰησοῦς
1948 2864 2083 2930 τῶν
2145 2863 2361 2952 θυρῶν
2427 2877 2674 2929 κεκλει-
2698 2922 2735 2968 Θ

156 3013 241 3054 20
371 2987 654 3068 σμὲνων,
699 2988 804 3054 καὶ
861 2989 1015 3054 ἔστη
1068 2985 1165 3054 εἰς
1215 2988 1292 3057 τὸ
1344 2989 1548 3065 μέσον
1599 2988 1706 3056 καὶ
1755 2983 1940 3058 εἶπεν
1993 2985 2235 3077 Εἰρήνη
2294 2984 2459 3064 ὑμῖν.
2531 2981 2671 3053 εἶτα
2704 3001 2778 3066 27

370 3113 550 3186 λέπει
618 3115 716 3197 τῷ
775 3113 982 3207 Θωμᾷ
1048 3114 1221 3202 Φέρε
1280 3112 1396 3180 τὸν
1460 3113 1784 3183 δάκτυλόν
1849 3136 1966 3182 σου
2026 3110 2165 3179 ὧδε
2225 3112 2332 3180 καὶ
2396 3108 2499 3178 ἴδε
2555 3112 2678 3180 τὰς

374 3234 597 3328 χεῖράς
640 3260 786 3320 μου,
823 3240 932 3305 καὶ
967 3241 1132 3329 φέρε
1176 3238 1299 3308 τήν
1340 3236 1526 3331 χεῖρά
1577 3263 1693 3308 σου
1743 3238 1843 3306 καὶ
1893 3242 2054 3320 βάλε
2091 3235 2188 3304 εἰς
2228 3239 2348 3304 τὴν
2385 3239 2676 3329 πλευράν

372 3387 522 3446 μου,
576 3363 680 3430 καὶ
732 3367 821 3442 μή
880 3364 1055 3441 Γίνου
1108 3365 1384 3433 ἄπιστος
1438 3365 1610 3432 ἀλλὰ
1667 3365 1917 3433 πιστός.

386 3537 830 3644 Ἐπέλαμψε
884 3536 1111 3619 πάλιν
1164 3543 1314 3621 τοῖς
1370 3537 1622 3617 ἑαυτοῦ
1685 3543 2037 3637 μαθηταῖς
2103 3534 2530 3644 παραδόξως
2585 3536 2683 3620 ὡς

170 3677 250 3740 ²5
278 3660 492 3744 Θεός.
562 3663 645 3740 οὗ
689 3661 834 3764 γὰρ
870 3660 957 3762 δὴ
1005 3663 1168 3743 καθ’
1210 3663 1394 3763 ἡμᾶς
1439 3660 1846 3763 ἀνοιγνύναι
1882 3659 2011 3744 τὰς
2049 3660 2270 3763 θύρας
2308 3661 2499 3768 αὐτῷ
2535 3662 2679 3740 διε-

278 3785 681 3866 κελεύσατο
721 3785 904 3888 πρὸς
952 3783 1037 3865 τὸ
1074 3785 1222 3865 ἔσω
1258 3784 1642 3888 βαδίζοντι,
1679 3780 1807 3864 τὸν
1845 3784 1920 3864 δὲ
1956 3789 2048 3890 τῇ
2100 3792 2227 3864 τοῦ
2262 3779 2688 3889 πράγματος

280 3911 508 4020 φύσει
564 3910 935 4013 πρέποντα
1001 3909 1382 4013 μονονουχὶ
1459 3910 1575 3987 καὶ
1638 3905 1998 4007 ἀτιμάσας
2066 3908 2313 4011 λόγον,
2377 3907 2550 3987 εἵσω
2613 3941 2690 3988 τε

277 4033 537 4137 γέγονε
594 4040 742 4115 τῶν
800 4038 1037 4137 θυρῶν
1092 4035 1209 4113 καὶ
1274 4029 1458 4112 κατὰ
1516 4028 1751 4131 μέσην
1804 4030 2167 4132 ἀδοκήτως
2228 4030 2693 4137 ἀναφαίνεται
2717 4065 2753 4106 a
2769 4049 2934 4107 1104
2944 4046 3028 4105 A.

278 4156 417 4259 τὴν
475 4158 746 4256 ἑστίαν,
812 4154 939 4238 τὸν
1003 4156 1170 4237 ἴσον
1237 4159 1334 4241 ὡς
1395 4155 1575 4235 ἔοικε
1637 4162 1766 4235 τοῦ
1830 4152 2192 4252 θαύματος
2249 4152 2517 4257 τρόπον
2576 4158 2693 4234 καὶ

170 4324 256 4384 30
281 4284 481 4392 αὐτῷ
534 4280 977 4384 δωρούμενος
1030 4286 1135 4391 τῷ
1189 4280 1518 4388 μακαρίῳ
1564 4283 1827 4387 Θωμᾷ.
1910 4277 2049 4358 ἔδει
2104 4274 2248 4381 γάρ
2301 4277 2440 4359 ἔδει
2496 4286 2688 4385 φαρ-

278 4403 521 4508 μάκου
544 4411 649 4514 τῷ
685 4402 1018 4505 μάλιστα
1043 4401 1435 4486 πεπονθότι
1472 4406 1586 4484 καὶ
1622 4401 2046 4511 βραχυτέρῳ
2076 4403 2236 4505 περὶ
2263 4401 2397 4502 τὴν
2422 4403 2694 4484 πίστιν.

356 4611 414 4667 5.
450 4594 581 4650 ὅλος
606 4592 665 4649 F.
694 4591 801 4648 Ed.
828 4608 939 4664 mg.
965 4590 1102 4649 ὅλος
1127 4590 1232 4661 E(e
1255 4589 1385 4660 sil).
1412 4588 1518 4647 Ed.
1693 4605 1782 4644 22.
1817 4589 1992 4655 βάλλε
2018 4587 2085 4642 Ε.
2242 4603 2332 4657 30.
2368 4587 2537 4642 αὐτῶν
2560 4585 2625 4641 Ε.
