3269 5166
615 342 702 407 14
1224 341 1301 407 Β.
1350 341 1773 409 CYRILLI
1834 342 2418 410 ALEXANDR.
2666 344 2842 411 xviii.
2877 365 2933 425 1,
2960 364 3022 413 2.

730 513 822 589 Ei
887 506 964 587 δὲ
1038 508 1314 610 ἀληθὴς
1379 509 1420 590 5
1479 508 1705 611 λόγος
1772 512 1888 589 καὶ
1953 507 2475 618 ἀναμφιλόγως
2547 508 3022 613 παραδεκτὸν,

614 632 725 714 ὅτι
780 637 1018 736 Πατρὶ
1073 631 1203 733 μὲν
1253 635 1294 714 5
1343 631 1540 731 Υἱὸς,
1586 632 1765 718 Υἱὸς
1823 632 1900 713 δὲ
1951 634 2042 714 αὖ
2102 632 2331 715 πάλιν
2380 639 2483 742 τῷ
2541 638 2777 739 Πατρὶ
2829 668 3014 715 συν-

614 756 883 836 νοεῖταί
947 790 1027 837 τε
1092 761 1209 839 καὶ
1268 758 1805 861 συνεισάγεται,
1859 760 1977 838 καὶ
2040 758 2534 864 συνειστρέχει
2593 760 2679 841 δι’
2748 761 3023 865 ἀμφοῖν

611 879 659 980 ἡ
708 879 1040 983 ἑκατέρου
1092 887 1390 984 γνῶσις·
1471 888 1629 966 πῶς
1685 882 1788 963 ἔτι
1841 882 2117 982 ποίημα
2172 880 2357 964 κατά
2414 916 2611 966 τινας
2666 889 2811 963 τῶν
2854 886 3026 964 ἀνο-

549 1022 590 1089 b
615 1005 799 1086 σίων
849 1007 1049 1086 ἐστὶν
1099 1008 1140 1085 5
1189 1005 1412 1103 Υἱόςς
1488 1005 1671 1087 ’Υἱὸν
1730 1006 1861 1106 μὲν
1907 1006 2049 1109 γὰρ
2106 1005 2175 1087 εἴ
2220 1041 2328 1093 τις
2380 1007 2610 1110 λέγοι,
2667 1005 2799 1108 τὴν
2858 1012 3021 1112 περὶ
3047 1042 3094 1105 5

616 1127 909 1233 Πατρὸς
946 1130 1226 1232 ἐνέθηκε
1264 1137 1541 1234 γνῶσιν
1575 1137 1726 1217 τοῖς
1762 1130 2261 1236 ἀκροωμένοις·
2327 1133 2602 1232 ποίημα
2638 1130 2713 1212 δὲ
2749 1132 3022 1230 ὀνομά-

612 1289 758 1340 σας
810 1262 908 1340 εἷς
962 1255 1237 1337 ἔννοιαν
1291 1258 1630 1362 ἀναφέρει
1686 1263 1813 1336 τοῦ
1866 1254 2311 1356 ποιήσαντος
2368 1253 2568 1336 αὑτό.
2646 1255 2885 1356 ἐπειδὴ
2943 1257 3023 1337 δὲ

615 1379 909 1483 Πατέρα
965 1388 1176 1463 καλεῖ
1222 1377 1351 1461 τὸν
1407 1381 1598 1462 Θεὸν
1646 1381 1687 1460 5
1722 1378 1920 1476 Υἱὸς,
1971 1380 2056 1458 οὐ
2107 1378 2412 1482 ποιητὴν
2464 1377 2511 1481 ἦ
2563 1377 3025 1483 δημιουργὸν,

610 1501 756 1585 οἶδε
796 1504 1130 1606 δηλονότι
1166 1506 1485 1609 γέννημα
1519 1503 1706 1586 κατὰ
1741 1502 2088 1605 ἀλήθειαν
2124 1502 2378 1585 ἑαυτὸν
2413 1505 2848 1611 ὑπάρχοντα.
2907 1503 3019 1586 διὸ

614 1630 879 1709 νοεῖταί
905 1664 983 1710 τε
1021 1633 1137 1710 καὶ
1172 1629 1375 1710 ἔστιν
1410 1630 1450 1709 5
1488 1628 1667 1715 ’Υἱὸς
1704 1627 1872 1727 υἱὸς,
1909 1633 2028 1710 καὶ
2064 1630 2148 1709 οὐ
2179 1630 2453 1730 ποίημα
2488 1628 2642 1710 κατ’
2681 1631 3011 1714 ἐκείνους·
3051 1675 3133 1716 ιο

612 1754 699 1832 δι’
740 1750 781 1834 5
835 1752 1133 1855 ποιητὴς
1170 1755 1211 1835 5
1260 1761 1488 1835 ποιῶν
1538 1756 1658 1835 καὶ
1709 1753 1941 1835 οὐκέτι
1993 1753 2257 1858 πατήρ.
2325 1753 2650 1855 ἀδικήσει
2688 1753 2763 1834 δὲ
2812 1754 3022 1864 οὐδὲν

612 1875 744 1975 τὴν
796 1886 925 1959 τοῦ
989 1878 1218 1981 λόγου
1278 1879 1598 1980 δύναμιν,
1654 1879 1739 1961 τὸ
1800 1883 1918 1960 καὶ
1976 1880 2089 1986 ἐφ’
2136 1877 2339 1977 ἡμῶν
2395 1876 2735 1984 τετάχθαι
2793 1877 3018 1984 τυχὸν

548 2026 586 2072 0
612 2000 695 2082 τὸ
731 2007 860 2103 τῆς
904 2001 1331 2106 γεννήσεως,
1367 2003 1524 2104 ἤτοι
1578 2002 1665 2085 τὸ
1722 2008 1850 2103 τῆς
1902 2002 2227 2104 υἱότητος
2275 2001 2522 2103 ὄνομα.
2596 2001 2689 2084 τὰ
2724 2000 2869 2107 γάρ
2903 2038 3017 2084 τοι

605 2128 865 2229 κυρίως
908 2163 985 2209 τε
1023 2132 1138 2210 καὶ
1190 2133 1425 2214 ἱδικῶς
1462 2126 1885 2227 ἀνακείμενά
1939 2162 2016 2209 τε
2072 2130 2190 2208 καὶ
2244 2129 2622 2232 προσόντα
2669 2133 2774 2237 τῷ
2830 2127 3016 2208 κατὰ

605 2249 837 2358 φύσιν
900 2259 1075 2363 Υἱῷ,
1142 2263 1369 2334 ταῦτα
1441 2255 1556 2333 καὶ
1629 2252 1746 2361 ἐφ’
1813 2253 1998 2353 ἡμᾶς
2073 2254 2579 2354 κατεκομίσθη,
2652 2253 3013 2339 πολλάκις
3049 2291 3124 2348 15

604 2377 1219 2484 κατακεχρημένης
1263 2378 1428 2459 ἔσθ’
1491 2376 1609 2458 ὅτε
1663 2381 1790 2476 τῆς
1837 2378 2046 2479 ἁγίας
2101 2382 2390 2484 γραφῆς
2447 2381 2564 2459 καὶ
2622 2384 2771 2462 τοῖς
2830 2378 3014 2460 κατὰ

603 2502 810 2583 θέσιν
849 2508 1019 2589 υἱοῖς
1055 2501 1150 2583 τὰ
1194 2510 1323 2583 τοῦ
1372 2499 1553 2582 κατὰ
1604 2502 1835 2610 φύσιν
1869 2501 2350 2607 περιτιθείσης
2396 2502 2560 2585 ἔσθ’
2600 2500 2744 2585 ὅτε.
2824 2509 3005 2583 θαυ-

599 2626 891 2726 μαστὸν
925 2626 1001 2709 δὲ
1047 2627 1269 2726 οὐδὲν,
1308 2632 1366 2708 εἰ
1403 2632 1522 2708 καὶ
1564 2626 1699 2728 τὴν
1748 2636 1876 2708 τοῦ
1932 2626 2371 2730 γεννήματος
2427 2627 2786 2735 ε’λοίχομεν
2821 2633 3004 2729 κλῆ-

598 2786 745 2852 σιν,
801 2756 879 2834 ἐκ
945 2753 1492 2861 φιλανθρωπίας
1547 2757 1741 2833 Θεοῦ
1803 2756 2106 2852 τιμῆσαι
2156 2751 2626 2853 θελήσαντος,
2679 2753 2829 2834 ἐπεὶ
2889 2755 3010 2832 καὶ

598 2875 799 2964 θεοὺς
836 2877 1171 2978 ὠνόμασε
1207 2877 1374 2962 τοὺς
1408 2873 1554 2959 ἀπὸ
1589 2881 1725 2980 γῆς
1759 2877 1971 2961 ὄντας
2009 2878 2626 2979 ὁμολογουμένως.
3038 2900 3120 2942 20

528 3043 573 3108 d

260 3136 416 3215 Κεφ.
443 3126 520 3214 ιηζ
595 3130 819 3197 Ταῦτα
874 3128 1080 3198 εἰπὼν
1132 3128 1172 3199 5
1216 3130 1472 3199 Ἰησοῦς
1523 3130 1760 3200 ἐξῆλθε
1813 3131 1929 3199 σὺν
1986 3125 2120 3197 τοῖς
2171 3125 2495 3209 μαθηταῖς
2548 3130 2747 3197 αὐτοῦ
2795 3133 3005 3220 πὲραν

695 3263 809 3323 τοῦ
865 3258 1219 3347 χειμάρῤου
1272 3257 1407 3324 τῶν
1462 3256 1738 3348 κὲδρων,
1792 3260 1960 3325 ὅπου
2016 3253 2096 3323 ἦν
2153 3264 2378 3338 κῆπος,
2426 3254 2522 3323 εἰς
2573 3257 2650 3324 ὃν
2705 3254 3005 3323 εἰσῆλθεν

529 3409 561 3448 2
697 3382 896 3449 αὐτὸς
952 3383 1060 3447 καί
1114 3379 1177 3447 οἶ
1213 3383 1504 3459 μαθηταὶ
1556 3383 1781 3449 αὐτοῦ·
1842 3382 1988 3475 ᾔδει
2040 3382 2115 3450 δὲ
2170 3384 2278 3450 καὶ
2320 3383 2577 3451 Ἰούδας
2629 3383 2667 3451 5
2721 3382 3003 3474 παραδι-

691 3506 845 3573 δοὺς
899 3506 1098 3574 αὐτὸν
1152 3506 1267 3574 τὸν
1319 3509 1544 3590 τόπον,
1597 3505 1700 3576 ὃτι
1756 3511 2077 3576 πολλάκις
2130 3510 2414 3598 συνήχθη
2470 3510 2507 3578 5
2553 3508 2812 3576 Ἰησοῦς
2864 3505 3005 3575 ἐκεῖ

686 3633 853 3711 μετὰ
905 3633 1041 3701 τῶν
1093 3632 1407 3713 μαθητῶν
1462 3634 1686 3707 αὑτοῦ.
3034 3656 3111 3717 25

703 3798 1248 3907 Καταφωτίσας
1303 3796 1470 3885 τοὺς
1521 3798 1850 3902 μαθητὰς
1905 3803 2021 3882 καὶ
2076 3803 2174 3885 εἷς
2211 3799 2486 3881 ἕκαστα
2520 3807 2670 3881 τῶν
2704 3800 3003 3880 τελούν-

586 3959 732 4006 των
767 3930 864 4009 εἱς
895 3923 1153 4029 ἀρετὴν
1190 3931 1337 4009 τοῖς
1374 3923 1812 4026 καθήκουσιν
1842 3925 2376 4029 ἀποτορνεύσας
2415 3924 2687 4027 λόγοις,
2713 3927 3001 4004 ἀστειο-

587 4046 809 4152 τάτην
845 4046 920 4130 δὲ
956 4048 1254 4156 σφόδρα
1291 4052 1407 4131 καὶ
1445 4055 1752 4159 θεοφιλῆ
1788 4051 2162 4131 πολιτείαν
2198 4048 2495 4131 ἐλῶ-θαι
2529 4048 2993 4157 προστάξας,

585 4176 704 4256 καὶ
741 4172 924 4278 πρὸς
960 4174 1234 4259 τούτοις
1284 4174 1386 4255 ἔτι
1439 4181 1939 4275 πνευματικῶν
1974 4174 2426 4275 ἀναπλήσειν
2463 4173 2720 4257 αὐτοὺς
2775 4208 2987 4281 χαρι-

524 4350 560 4396 0
586 4300 889 4399 σμοῖτων
947 4298 1440 4406 ὑποσχόμενός
1495 4335 1572 4380 τε
1630 4297 1867 4398 αὐτὸς,
1924 4302 2040 4380 καὶ
2095 4297 2224 4384 τάς
2280 4299 2554 4379 ἄνωθεν
2614 4302 2733 4379 καὶ
2791 4298 2993 4403 παρὰ
3025 4338 3106 4395 30

657 4493 706 4530 2.
744 4477 775 4529 5
798 4491 906 4529 om.
932 4473 998 4530 E.
1234 4493 1287 4546 9.
1324 4471 1432 4530 κατ’
1460 4473 1667 4545 Migue.
1912 4489 1995 4528 10.
2034 4474 2209 4542 νοῆται
2236 4471 2301 4528 Ε.
2559 4484 2747 4543 17-19.
2787 4473 2990 4527 κατὰ-

576 4547 1106 4691 φέλαὲεθέφωᾶιὲιξςὲω.
1134 4546 1199 4602 Ε.
1433 4561 1517 4600 22.
1553 4540 1774 4615 κέδρων]
1802 4543 2027 4615 δένδρων
2053 4544 2118 4599 E.
2352 4556 2548 4612 23—25.
2587 4561 2697 4598 ver.
2725 4560 2756 4599 π
2782 4561 2893 4599 om.
2924 4545 2991 4600 Ε.
