3269 5166
350 429 612 496 [sum]

434 1021 537 1054 vel*-
560 1019 635 1055 22.

324 1261 488 1325 Supra
508 1276 612 1311 ver.

330 1339 407 1392 19.

323 2366 375 2415 S·
390 2366 429 2415 J
430 2381 544 2417 oan-

322 2446 409 2481 xx.
435 2444 514 2481 22.

327 2748 442 2799 Gal.
459 2748 528 2800 iv.
552 2765 625 2816 ¹9·

436 3619 522 3674 87
546 3616 641 3672 M.

328 3858 380 3906 S.
396 3858 544 3907 Joan.
569 3858 639 3907 iii.

332 3935 413 3986 33·

662 333 794 396 326
969 332 1046 395 B.
1091 329 1466 395 CYRILLI
1512 329 2048 395 ALEXANDR.
2098 328 2656 394 FRAGMENTA
2736 328 2776 391 i.
2802 345 2868 393 21
2893 348 3001 411 sqq.

664 506 707 543 ‘⁴
744 492 893 597 βάρ
941 492 1172 593 Ἰωνᾶ,
1207 495 1318 575 ὅτι
1354 493 1562 602 σὰρξ
1593 498 1710 575 καὶ
1746 493 1926 594 αἷμα
1956 495 2086 577 οὐκ
2121 493 2593 600 ἀπεκάλυψέν
2625 526 2762 590 σοι,
2793 492 2942 572 ἀλλ’
2973 494 3006 571 5

663 630 707 665 “
749 617 1009 721 Πατήρ
1062 654 1202 715 μου
1243 620 1283 698 5
1333 621 1410 699 ἐν
1450 627 1599 705 τοῖς
1659 619 2050 722 οὐρανοῖς.”
2118 618 2359 719 ἐπειδὴ
2415 617 2558 721 γὰρ
2610 617 3011 718 παμμέγεθες

662 741 745 822 τὸ
796 743 1215 846 μυστήριον,
1278 744 1479 824 δέοιτ’
1539 741 1629 823 ἀν
1691 742 1973 826 εἰκότως
2036 743 2551 846 μυσταγωγίας
2607 746 2732 842 τῆς
2782 742 3014 821 ἄνωθεν

663 870 780 946 καὶ
814 866 1015 971 παρὰ
1053 864 1364 967 Πατρός·
1420 870 1720 962 βεβαιοῖ
1760 875 2144 970 τοιγαροῦν
2182 870 2369 974 ἡμᾶς
2406 866 2619 950 αὐτὸς
2654 874 2743 952 εἷς
2781 861 3015 972 Χριστὸν

665 1000 694 1071 ὁ
736 999 856 1073 καὶ
896 990 1462 1098 σφραγισάμενος
1498 995 1682 1098 ἡμεῖς
1723 1001 1842 1072 καὶ
1880 991 2134 1099 χρίσας
2162 994 2337 1078 Θεὸς
2377 999 2495 1071 καὶ
2537 985 2683 1077 θοὸς
2718 992 2814 1070 τὸν
2847 992 3019 1095 ἀῤῥιι-
3038 1018 3067 1076 5

663 1113 856 1208 βιῖἱνα.
903 1117 1015 1196 τοῦ
1054 1114 1467 1220 Πνεῦματος.
1551 1115 1655 1217 εἴη
1711 1116 1783 1196 δ’
1834 1114 1926 1195 ἀν
1979 1116 2108 1195 οὐκ
2157 1114 2581 1222 ἀσυμφανές
2635 1117 2746 1194 καὶ
2799 1111 2910 1191 διά
2950 1143 3020 1210 γε

665 1237 938 1319 τούτων
971 1238 1159 1338 ἡμῖν,
1197 1238 1308 1320 ὅτι
1349 1236 1451 1338 μὴ
1488 1239 1786 1342 γέγονεν
1823 1240 1863 1320 5
1900 1237 2077 1325 Υἱὸς
2129 1250 2172 1287 “
2199 1242 2315 1320 ναὶ
2360 1243 2477 1319 καὶ
2533 1239 2688 1318 οὕ·”
2745 1235 2917 1320 Θεὸς
2959 1232 3022 1314 δὲ

661 1370 952 1462 μᾶλλον
1003 1360 1362 1463 ἀληθινὸς,
1442 1367 1558 1443 καὶ
1614 1365 1729 1469 ἐφ’
1789 1361 2025 1444 ἅπασι
2084 1371 2234 1449 τοῖς
2298 1365 2598 1464 ἀγαθοῖς
2662 1372 2708 1409 “
2733 1363 2806 1440 ἐν
2859 1360 3024 1464 αὐτῷ

660 1498 706 1534 “
740 1486 828 1567 τὸ
865 1484 1041 1567 ναί·”
1120 1490 1313 1566 Θεοῦ
1360 1484 1505 1589 γὰρ
1543 1486 1728 1585 ἡμᾶς
1779 1486 2200 1593 σφραγίσαι
2252 1519 2335 1565 τε
2381 1489 2499 1566 καὶ
2548 1485 2795 1590 χρῖσαι
2842 1494 3027 1584 λεγο-

659 1612 892 1710 μένου,
951 1608 1196 1693 δόντος
1249 1643 1325 1689 τε
1378 1607 1479 1692 τὶν
1534 1610 1894 1719 ἀῤῥωβῶνα.
1947 1612 2060 1690 τοῦ
2120 1608 2537 1715 Πνεόματος,
2589 1607 2906 1711 Χριστὸς
2953 1602 3028 1683 ἂν
3052 1636 3108 1677 ιο

661 1733 766 1833 εἴη
819 1731 1046 1814 πάλιν
1100 1736 1141 1813 5
1196 1740 1424 1814 ταῦτα
1475 1740 1780 1835 πληρῶν
1826 1737 1903 1814 ἐν
1947 1735 2144 1833 ἡμῖν,
2206 1737 2341 1839 οὐχ
2398 1735 2857 1836 ὑπουργικῶς,
2894 1731 3031 1809 οὔτε

658 1856 805 1957 μὴν
840 1858 1204 1965 ἀλλοτρίῳ
1245 1859 1649 1963 καταχρίων
1687 1892 1762 1937 τε
1798 1859 1984 1959 ἡμᾶς
2032 1861 2149 1938 καὶ
2201 1858 2633 1965 σφραγίζων
2674 1862 2745 1936 Π
2753 1855 3032 1950 νεύματι,

659 1979 832 2061 ἀλλ’
870 1981 1061 2087 αὐτῷ
1113 1985 1217 2086 τῷ
1272 1983 1425 2090 ἰδίῳ
1462 1983 1579 2061 καὶ
1615 1987 1720 2088 τῷ
1763 1990 1893 2062 τοῦ
1934 1980 2247 2084 Πατρός·
2315 1983 2393 2061 ἐν
2446 1979 2589 2084 γὰρ
2649 1983 2914 2084 ἀμφοῖν
2960 1974 3033 2054 τὸ

663 2110 958 2204 Πνεῦμα
1008 2103 1092 2184 τὸ
1117 2103 1380 2206 Ἀγιον
1415 2103 1532 2183 διὰ
1580 2102 1714 2205 τὴν
1756 2107 2158 2204 ταυτότητα
2211 2109 2339 2199 τῆς
2389 2105 2645 2188 οὐσίας
2697 2106 2781 2183 οὐ
2834 2135 3027 2203 μεμε·
3199 2114 3200 2165 ¹

657 2229 1030 2330 ρισμένως,
1069 2231 1236 2309 ἀλλ’
1276 2232 1372 2311 ὡς
1406 2230 1483 2309 ἐκ
1525 2227 1815 2331 Πατρὸς
1853 2228 1941 2307 δι’
1969 2235 2151 2309 Υὶοῦ
2186 2233 2429 2329 διῆκον
2466 2230 2580 2308 ἐπὶ
2622 2227 2759 2327 τὴν
2796 2227 3029 2305 κτίσιν·
3059 2247 3115 2308 15

658 2350 1065 2456 ἐνεφύσησε
1139 2350 1283 2453 γὰρ
1354 2359 1504 2436 τοῖς
1576 2352 1805 2453 ἁγίοις
1879 2350 2321 2436 ἀποστόλοις
2384 2350 2626 2453 λέγων
2705 2362 2749 2399 “
2777 2349 3037 2442 Λάβετε
3201 2344 3202 2355 ’

664 2486 708 2524 “
748 2481 1046 2575 Πνεῦμα
1089 2474 1392 2577 Ἅγιον·”
1466 2478 1551 2556 δι’
1613 2477 1832 2555 αὐτοῦ
1888 2511 1964 2556 τε
2020 2479 2136 2555 καὶ
2195 2479 2271 2556 ἐν
2331 2477 2521 2583 αὐτῷ
2578 2474 2768 2579 πρὸς
2826 2471 3040 2553 εἰκόνα

663 2601 1352 2706 κατεσφραγίσμεθα
1405 2598 1537 2700 τὴν
1585 2601 1781 2680 θείαν
1825 2603 1941 2680 καὶ
1998 2600 2277 2701 νοητήν·
2359 2600 2500 2704 ἔφη
2550 2599 2698 2702 γὰρ
2755 2596 2958 2682 αὐτὸς
3004 2596 3039 2673 ὅ

663 2729 846 2808 θεῖος
898 2722 1312 2807 ἀπόστολος
1372 2724 1736 2809 Γαλάταις
1801 2723 2260 2805 ἐπιστέλλων
2323 2734 2368 2774 “
2403 2724 2674 2804 Τεκνία
2724 2758 2883 2824 μου,
2934 2718 3042 2802 οῦς

665 2857 708 2895 “
742 2844 968 2928 πάλιν
1004 2849 1252 2947 ὠδίνω,
1287 2848 1493 2953 ἄχρις
1537 2847 1620 2927 οὗ
1668 2849 2027 2953 μορφωθῇ
2064 2845 2391 2949 Χριστὸς
2441 2849 2515 2927 ἐν
2554 2848 2801 2944 ὖμῖν·”
2878 2851 2934 2924 εἶ
2974 2839 3041 2922 δὲ
3063 2876 3123 2919 20

662 2976 759 3056 εἶς
795 2970 1123 3075 Χριστὸν
1177 2970 1684 3078 μορφούμενοι,
1729 2968 1857 3051 τὸν
1912 2976 2098 3051 θεῖον
2154 2971 2231 3049 ἐν
2284 2970 2555 3054 ἑαυτοῖς
2608 2977 3044 3067 πλουτοῦμεν

662 3093 1091 3194 εἶκονισμὸν,
1113 3091 1323 3178 αὖτδς
1360 3095 1501 3197 ἄρα
1537 3097 1738 3174 ἐστὶν
1777 3095 1820 3192 ἠ
1856 3092 2061 3173 εἰκὼν
2096 3101 2225 3174 τοῦ
2249 3098 2442 3173 Θεοῦ
2471 3095 2586 3173 καὶ
2613 3091 2909 3196 Πατρὸς
2943 3093 3044 3171 καὶ

663 3218 709 3316 ἡ
766 3219 1063 3322 ἀκριβὴς
1120 3217 1473 3325 ἐμφέρεια,
1544 3221 1662 3297 καὶ
1735 3218 1820 3297 οὐ
1883 3215 2202 3321 καθάπερ
2269 3217 2465 3316 ἡμεῖς
2528 3216 2718 3297 κατὰ
2783 3214 3044 3322 μέθεξιν

663 3342 1030 3443 ἀγιασμοῦ
1075 3341 1256 3442 πρὸς
1307 3340 1692 3442 ὁμοιότητα
1744 3342 2192 3440 κεκλημένοι,
2239 3339 2460 3448 φύσει
2495 3339 2571 3422 δέ
2618 3349 2914 3439 μᾶλλον
2945 3339 3046 3417 καὶ

661 3466 1046 3549 οὖσιωδῶς·
1119 3464 1303 3550 Θεὸς
1340 3464 1484 3568 γὰρ
1521 3467 1560 3544 5
1598 3465 1820 3573 φύσει
1855 3464 2040 3568 πρὸς
2076 3463 2204 3544 τὸν
2240 3465 2464 3572 φύσει
2500 3499 2578 3544 τε
2617 3470 2740 3545 καὶ
2779 3466 3045 3564 ἀληθῶς
3068 3491 3126 3553 25

665 3589 856 3669 Θεὸν
893 3591 1009 3668 καὶ
1044 3590 1122 3669 ἐκ
1164 3594 1291 3689 τῆς
1341 3590 1559 3670 αὐτοῦ
1610 3588 2081 3692 γεγενημένον
2119 3589 2390 3686 οὐσίας,
2428 3588 2630 3669 οὐδὲν
2671 3588 2762 3670 ἂν
2797 3589 2939 3693 ἔχοι
2972 3581 3043 3664 τὸ

665 3711 1009 3797 ἀπεοικός·
1077 3712 1572 3818 ἐσφραγίσθαι
1638 3709 1712 3792 δὲ
1776 3716 1895 3793 καὶ
1959 3710 2177 3793 αὐτὸν
2241 3712 2442 3816 παρὰ
2509 3722 2641 3794 τοῦ
2700 3720 2893 3793 Θεοῦ
2945 3712 3046 3789 καὶ

670 3834 980 3939 Πατρὸς,
1033 3834 1369 3936 Ἰωάννης
1429 3838 1660 3944 φησὶν
1726 3838 1766 3917 5
1824 3834 2281 3942 σοφώτατος·
2355 3846 2401 3883 “
2435 3837 2535 3916 Ὁ
2600 3836 2863 3932 λαβὼν
2921 3832 3046 3937 γὰρ

667 3971 709 4009 “
746 3960 964 4039 αὐτοῦ
1038 3956 1171 4058 τὴν
1242 3960 1641 4063 μαρτυρίαν
1716 3958 2171 4067 ἐσφράγισεν
2244 3959 2354 4040 ὅτι
2417 3962 2457 4040 5
2525 3958 2717 4047 Θεὸς
2793 3953 3047 4059 ἀληθής

735 4226 788 4280 9·
812 4209 1163 4280 γὰρ-δόντος
1198 4209 1281 4282 τε]
1321 4210 1378 4264 δέ
1410 4213 1445 4264 λ
1540 4208 1697 4280 μένου
1733 4211 1819 4293 σφ
1923 4211 2033 4265 ι’σαι
2067 4210 2197 4281 ἡμᾶς
2233 4211 2317 4265 καὶ
2351 4211 2536 4283 χρῖσαι
2568 4212 2652 4266 καὶ
2683 4209 2952 4266 δεδωκέναι
2984 4204 3048 4259 Η.

670 4294 752 4334 12.
788 4281 889 4348 μὴν
911 4297 1019 4335 om.
1047 4281 1121 4335 H.
1197 4279 1390 4335 Statim
1520 4282 1702 4351 οτρίως
1726 4280 1865 4353 (mc)
1923 4282 1969 4336 1.
2314 4298 2503 4352 12-23.
2547 4272 3046 4353 κατηχρίων-κοτὸ]

663 4351 827 4421 χρίων
847 4350 1093 4419 πνεύματι
1116 4350 1257 4405 ἀλλὰ
1279 4355 1352 4423 τῷ
1385 4351 1497 4422 ἷδίφ
1522 4353 1832 4423 σφραγίζων
1854 4351 1919 4406 δι’
1946 4351 2007 4407 οὗ
2030 4355 2161 4421 πρὸς
2196 4351 2364 4406 εἰκόνα
2398 4353 2493 4420 τὴν
2526 4353 2668 4407 θείαν
2705 4354 3049 4420 nav-ammoy!-

666 4420 853 4488 ζόμεθα
878 4424 960 4475 καὶ
982 4420 1324 4493 μορφοῦμεθιι
1347 4423 1473 4475 κατὰ
1504 4421 1575 4475 Η.
1905 4439 1992 4490 24.
2029 4423 2336 4492 κεκλημένος
2365 4424 2488 4489 (εἰσ)
2514 4435 2567 4476 et
2591 4424 2767 4493 pergit
2789 4423 2837 4475 εἷ
2858 4423 2956 4492 γὰρ
2976 4415 3051 4470 καὶ

664 4493 816 4548 αὐτὸς
839 4495 868 4546 ὁ
892 4495 1119 4561 Χριστὸς
1153 4493 1360 4562 λέγεται
1395 4491 1757 4562 έσφραγίσθαι
1793 4495 1920 4576 κατὰ
1956 4495 2016 4547 τὸ
2045 4492 2325 4565 εἰρημένον,
2361 4496 2391 4548 ὁ
2427 4495 2609 4560 λαβὼν
2642 4494 2805 4548 αὐτοῦ
2840 4493 2956 4562 (29)
2984 4487 3051 4543 H·

667 4562 752 4617 26.
781 4560 1142 4635 γεγενημένον]
1173 4559 1553 4633 legendumne
1575 4567 1978 4634 γεγεννημενοςῗ
