3269 5166
223 330 264 395 i.
296 332 373 396 18
404 354 534 417 sqq
625 332 733 398 IN
782 334 915 400 ΕΡ.
959 333 1056 398 11.
1109 336 1238 401 AD
1290 335 1880 404 CORINTHIOS.
1953 340 2128 405 Lm.
2175 341 2231 404 1.
2485 338 2615 402 323

221 503 433 601 φορεῖ
471 498 709 599 λε’γων
742 499 832 580 O
870 500 1081 603 λόγος
1124 500 1299 606 ἡμων
1336 510 1366 582 ὁ
1380 539 1570 649 awfms·
1617 505 1814 610 ὑμας
1855 510 1972 585 οὐκ
2024 502 2269 607 ἐγενετο
2327 537 2430 584 ναι
2490 537 2611 583 και
2666 438 2780 502 [84
2804 438 2929 502 Μ’]

222 620 308 699 οὔ·
362 621 730 704 τουτέστιν
772 625 902 704 οὐκ
945 623 1158 708 αὐτὸς
1188 627 1415 733 ἑαυτῷ
1463 624 1871 730 μαχόμενος
1921 630 2038 707 καὶ
2089 660 2491 726 νενοσηκως
2527 625 2616 706 τὸ

218 744 662 846 ἆσύμβατον,
713 747 886 829 ποτὲ
940 747 1072 848 μὲν
1125 758 1339 829 τοῦτο
1393 752 1720 847 ἐπαινεῖν,
1764 750 1937 831 ποτὲ
1992 751 2068 830 δὲ
2123 749 2398 857 ψεγειν,
2436 747 2609 829 ἀλλ’

218 870 585 968 ἀληθεύων
639 872 715 951 ἐν
769 875 872 980 τῷ
908 871 1330 975 κηρύγματι·
1406 876 1654 961 mcv-{25
1691 876 1816 954 οὖν
1853 877 2054 955 ἐστιν
2089 885 2119 956 ὁ
2158 876 2352 965 Θεὶς,
2390 908 2601 955 τουτ-

162 1012 194 1070 5
218 994 413 1073 ἐστιν
449 994 772 1100 ἀψευδής
806 1031 884 1076 τε
919 1001 1036 1076 καὶ
1073 998 1375 1099 ἀληθής.

322 1118 709 1219 Ἑλλήνων
742 1124 808 1199 οἱ
854 1119 1159 1223 λογάδες
1207 1124 1369 1225 περὶ
1407 1127 1552 1201 τῶν
1584 1124 1752 1224 παρ’
1796 1123 2030 1207 αὐτοῖς
2071 1120 2612 1221 ὑπειλημμένων

217 1248 393 1321 θεῶν
449 1242 856 1348 δοξάσουσι
912 1243 1292 1350 διαφόρως,
1332 1248 1447 1328 ναί
1493 1280 1572 1325 τε
1629 1255 1748 1327 καὶ
1801 1245 1872 1327 οὔ
1919 1246 2275 1349 λε’γοντες·
2336 1247 2420 1325 οῦ
2467 1246 2612 1347 γάρ

214 1367 364 1444 ἐστι
398 1364 571 1471 παρ’
608 1369 843 1453 αὐτοῖς
881 1368 926 1468 ἡ
963 1366 1267 1468 ἀλήθεια
1301 1367 1503 1448 ἀλλὰ
1536 1376 1831 1467 μᾶλλον
1866 1369 1952 1449 τὸ
1988 1373 2281 1475 ψεῦδος·
2348 1367 2458 1448 διὸ
2492 1372 2611 1448 καὶ

215 1489 580 1595 διαφόροις
635 1493 1069 1572 σαλεύονται
1124 1491 1391 1600 δόξαις·
1457 1494 1498 1572 6
1535 1493 1610 1572 δὲ
1649 1495 1939 1593 ἀληθῶς
1990 1498 2105 1573 καὶ
2155 1490 2337 1572 κατὰ
2380 1493 2614 1601 φύσιν

124 1635 193 1676 10
214 1611 382 1698 Υἱὸς
416 1624 549 1695 τοῦ
595 1613 834 1696 πάντα
885 1615 1260 1720 ἰσχύοντος
1301 1621 1512 1727 Θεοῦ,
1548 1624 1704 1701 πῶς
1755 1617 1843 1695 ἂν
1878 1618 2153 1719 γένοιτο
2193 1611 2291 1696 m}
2334 1624 2454 1697 καὶ
2493 1615 2605 1710 οὕς

318 1800 336 1818 .
377 1802 394 1818 .
431 1739 836 1840 ἀναγκαίως
872 1739 946 1819 δὲ
983 1742 1098 1819 καὶ
1137 1742 1177 1820 6
1213 1740 1302 1848 ἐξ
1334 1742 1551 1829 αὐτοῦ
1588 1738 1771 1820 κατὰ
1808 1738 2038 1845 φύσιν
2069 1738 2245 1825 Υἱὸς
2283 1748 2312 1821 ὁ
2351 1741 2410 1820 ἑν
2457 1744 2605 1846 ὑμῖν
2630 1780 2732 1815 ver.
2766 1779 2842 1830 19·

214 1860 290 1942 δι’
345 1862 527 1966 ἧμὶὖν
586 1861 920 1971 κηρυχθεὶς
976 1860 1055 1944 δι’
1068 1865 1284 2015 ..g-'¹⁴⁰3
1314 1872 1433 1945 καὶ
1492 1866 1856 1950 Σιλουανοῦ
1915 1874 2035 1944 καὶ
2091 1860 2430 1968 Τιμοθέου,
2487 1868 2606 1944 οὐκ

211 1984 457 2088 ἐγένετο
507 2023 608 2067 νοιι
661 2023 779 2068 και
831 1985 922 2067 οὔ·
999 1994 1141 2072 πᾶς
1195 1988 1338 2091 γὰρ
1376 1989 1483 2069 ἐπ’
1523 1988 1717 2097 αὐτῷ
1752 1987 1976 2090 λόγος
2014 1985 2290 2084 ἀληθὴς
2328 1983 2446 2065 διὰ
2479 1990 2608 2086 τῆς

209 2117 348 2189 τῶν
412 2109 782 2213 θεηγόρων
846 2110 1094 2213 γε’γονε
1157 2116 1426 2218 φωνῆς.
1523 2115 1642 2191 καὶ
1703 2112 1857 2191 ’ὄσ-αι
1927 2110 2016 2211 δή
2073 2118 2305 2216 φησιν
2361 2112 2600 2213 ἐπαγ·
2631 2151 2735 2184 ver.
2758 2148 2834 2184 πο.

123 2266 189 2325 15
213 2236 444 2334 γελῖοιι
497 2237 613 2314 τοῦ
648 2236 838 2331 Θεοῦ,
878 2236 937 2317 ἑν
984 2235 1165 2342 αὐτῷ
1217 2272 1287 2316 το
1320 2272 1466 2380 Αναι,
1513 2234 1845 2316 τουτέστι
1873 2233 2316 2351 φιλοτιμίαν
2363 2268 2440 2314 τε
2491 2268 2609 2316 και

213 2357 614 2463 ὑπόσχεσιν
672 2354 967 2438 ἅπασαν
1024 2359 1098 2438 ἐν
1163 2360 1355 2468 αὑτω
1429 2394 1629 2462 παρα
1686 2364 1814 2439 τοῦ
1875 2363 2068 2438 Θεοῦ
2138 2361 2255 2437 καὶ
2319 2354 2607 2460 Πατρος

209 2480 635 2588 ἐσχήκαμεν·
694 2485 807 2561 καὶ
847 2490 1058 2562 τοῦτο
1096 2484 1174 2561 ε’ν
1209 2488 1310 2590 τῷ
1348 2490 1515 2580 Ναὶ,
1553 2482 1927 2562 τουτέστιν
1961 2483 2037 2561 ἐν
2071 2481 2395 2588 ἀληθεία·
2458 2479 2609 2579 ἥκει

210 2605 344 2707 γὰρ
404 2614 637 2687 ταῦτα
697 2605 880 2707 πρὸς
941 2607 1161 2710 πέρας
1220 2604 1338 2686 διὰ
1401 2611 1760 2706 Χριστοῦ·
1858 2617 1902 2655 “
1938 2605 2297 2705 κατεπόθη
2361 2602 2503 2707 γὰρ
2564 2606 2606 2684 6
2633 2615 2794 2745 ἔξω·
2821 2632 2903 2666 xv.

211 2739 251 2777 ‘⁶
282 2730 595 2816 θάνατος
641 2765 738 2815 εις
782 2733 1029 2829 νῖκος,”
1078 2766 1193 2810 και
1236 2765 1320 2810 το
1368 2734 1496 2830 τῆς
1532 2737 1813 2838 φθορᾶς
1849 2730 2280 2830 κατεσείσθη
2316 2726 2600 2831 κράτος,

122 2883 187 2923 20
209 2854 563 2935 παύσεται
614 2853 689 2935 δὲ
739 2890 854 2935 και
895 2852 980 2935 τὸ
1018 2854 1277 2935 ἅναλκι
1316 2857 1432 2935 καὶ
1467 2889 1652 2956 προς
1692 2854 1969 2938 τούτοις
2004 2855 2049 2953 ἡ
2088 2853 2355 2951 ἀτιμία·
2419 2851 2606 2931 καθὰ

207 2976 339 3082 ἔφη
384 2982 505 3058 καὶ
544 2980 588 3059 6
623 2976 1053 3083 σοφώτατος
1094 2984 1393 3062 Παῦλος
1445 2980 1562 3059 καὶ
1608 2981 1684 3058 ἐν
1719 2983 1809 3083 τῇ
1850 2976 2167 3082 προτέρᾳ
2216 2977 2598 3080 ἐπιστολῇ·

207 3102 765 3204 ἀποδεδείγμεθα
815 3103 891 3183 δὲ
939 3105 1057 3183 καὶ
1106 3104 1324 3201 αι’σῆς
1375 3106 1504 3202 τῆς
1552 3109 1699 3182 τῶν
1737 3102 1961 3204 ἁγίων
1995 3098 2378 3195 βασιλείας
2414 3107 2599 3197 κλη-

204 3225 491 3324 ρονόμοι
554 3228 673 3305 καὶ
735 3226 1045 3331 με’τοχοι·
1136 3227 1280 3328 ἐρεῖ
1332 3225 1475 3329 γὰρ
1540 3225 1710 3325 ἡμῖν
1775 3223 1987 3308 αὐτὸς
2049 3225 2164 3303 ἐπὶ
2225 3229 2355 3301 τοῦ
2415 3222 2607 3301 θείου

204 3348 529 3447 βήματος
587 3349 627 3428 6
669 3351 729 3431 ἐν
766 3346 824 3458 ᾧ
873 3388 946 3431 το
994 3353 1103 3430 ναοί
1144 3359 1199 3397 “
1222 3355 1450 3429 Δεῦτε
1507 3352 1573 3429 οἱ
1628 3347 2092 3451 εὐλογημένοι
2146 3354 2273 3426 τοῦ
2312 3344 2604 3448 Πατρός
2627 3364 2896 3494 ξκέίᾞῆ·

119 3490 183 3548 ²5
207 3480 247 3517 “
279 3508 438 3571 μου,
503 3470 1100 3574 κληρονομήσατε
1172 3471 1307 3572 τὴν
1379 3473 1915 3573 ἡτοιμασμένην
1990 3473 2155 3569 ὑμῖν
2217 3471 2604 3566 βασιλείαν

206 3604 247 3641 “
280 3597 425 3676 ἀπὸ
452 3600 872 3695 καταβολῆς
910 3593 1262 3692 κόσμου.”
1324 3597 1585 3676 οἰκέται
1621 3595 1755 3694 μὲν
1791 3594 1934 3698 γὰρ
1958 3595 2154 3693 ἡμεῖς
2190 3593 2275 3674 τό
2311 3629 2393 3696 γε
2430 3594 2606 3695 ἧκον

206 3724 295 3803 εἷς
342 3719 478 3821 τὴν
538 3722 792 3822 φύσιν·
862 3721 1033 3798 ἀλλ’
1087 3719 1233 3800 ἀπὸ
1289 3718 1574 3800 δούλων
1629 3725 1726 3804 εἷς
1782 3718 2153 3821 ἐλεύθερον
2206 3710 2606 3818 ἐκλήθημεν

206 3842 488 3950 ἀξίωμα
535 3844 621 3922 δι’
663 3844 907 3941 αὑτοῦ,
948 3842 1094 3924 ἀπὸ
1133 3848 1411 3949 φθορᾶς
1463 3851 1560 3929 εἰς
1603 3844 2044 3950 ἀφθαρσίαν,
2084 3843 2229 3923 ἀπὸ
2267 3850 2394 3922 τοῦ
2429 3846 2599 3921 δου-

207 3969 433 4048 λεύειν
476 3970 585 4075 τῷ
640 3968 964 4078 διαβόλῳ
1018 3965 1574 4070 ἀπαλλάγημεν.
1654 3974 1861 4047 πᾶσα
1914 3967 2153 4047 τοίνυν
2207 3965 2605 4069 ἐπαγγελία

281 4233 328 4271 1.
364 4216 587 4306 ἦμῶν]’
563 4223 704 4286 υμῶν
726 4216 864 4273 cod.
1294 4218 1398 4289 γάρ
1416 4234 1520 4343 gro
1544 4215 1637 4273 ουν
1664 4217 1739 4271 Η.
2077 4229 2128 4284 5.
2164 4214 2361 4284 ἀληθής
2383 4213 2579 4270 deal!

209 4285 363 4342 6-10.
400 4290 499 4342 ἕλλ
502 4290 791 4357 tyrow—ml
814 4292 876 4343 οὔ
900 4289 1055 4344 nobis
1081 4240 1386 4360 suppeditat
1859 4304 1879 4342 1
1894 4303 2047 4357 1-13-
2085 4285 2519 4357 ἀναγκαίως-και
2544 4289 2607 4339 οὔ

211 4356 441 4414 desunt'
430 4377 489 4413 nu
502 4311 596 4421 ¹¹,ss
622 4359 814 4414 retinui
838 4378 902 4413 ex
927 4358 1033 4414 Ed.
1221 4375 1303 4429 13.
1338 4356 1468 4430 γὰρ]
1497 4366 1553 4422 -1-
1584 4361 1615 4413 ὁ
1643 4357 1743 4414 Ed.
1928 4374 2009 4425 14.
2046 4359 2224 4427 φωνῆς
2248 4356 2360 4411 des.
2390 4355 2483 4419 H„
2510 4354 2604 4410 sed

210 4426 395 4499 incipit
418 4428 487 4483 de
513 4446 657 4484 novo
678 4432 780 4487 πᾶς
802 4429 900 4485 ἐπ’.
1019 4428 1454 4485 ὅσαι-τουτέστι
1477 4446 1586 4484 om.
1618 4428 1692 4484 H.
2190 4441 2272 4497 15.
2308 4448 2364 4480 τε
2389 4442 2499 4479 om.
2532 4424 2605 4480 H.

217 4447 401 4624 ¹7-36.
438 4499 823 4569 ἥκει-κόσμου
847 4517 956 4555 om.
984 4498 1063 4554 H.
1450 4499 1644 4572 26—29.
1680 4497 2310 4569 οἷκέται-ἇπαλλάγημεν
2332 4502 2610 4564 assumpta

209 4585 269 4622 ex

1281 4625 1453 4719 'rtz⁸
