3269 5166
661 356 791 418 370
1010 352 1089 415 Β.
1131 348 1509 414 CYRILLI
1561 345 2093 412 ALEXANDR.
2148 344 2716 410 FRAGMENTA
2923 344 2957 407 ἰ.
2973 364 3028 422 4.

341 458 365 524 [
396 469 486 520 ¹0⁷
512 456 637 523 M.]
666 527 709 564 ‘⁸
745 516 956 620 χάριν
988 523 1116 594 τοῦ
1158 514 1431 616 Κυρίου
1481 513 1682 611 ἡμῶν
1716 510 1968 611 Ἰησοῦ
2003 515 2336 612 Χριστοῦ
2385 508 2495 588 ὅτι
2548 509 2901 590 πλούσιος
2945 505 3034 585 ῶν

665 649 710 687 “
746 637 1157 742 ἐπτώχευσε
1201 638 1294 717 δι’
1342 637 1551 736 ἡμᾶς,
1592 636 1677 715 ἵν’
1730 635 1930 735 ἡμεῖς·
1978 640 2069 739 τῇ
2123 634 2341 712 αὐτοῦ
2394 632 2761 738 πτωχείᾳ”
2822 643 3030 711 πλου-

665 761 1026 861 τήσωμεν.

603 1021 639 1075 4
1052 997 1368 1083 Τοσούτῳ
1423 997 1735 1086 κρείττων
1790 997 2136 1074 Γενόμενος
2188 997 2322 1063 τῶν
2376 997 2688 1071 ἀΠ-ἑλων.

780 1166 891 1248 Τὸ
928 1167 1058 1266 μὲν
1093 1164 1237 1271 γάρ
1258 1165 1630 1271 Ἄγγελος,
1671 1168 1896 1267 ὄνομα
1933 1169 2378 1270 λειτουργιάς
2413 1169 2572 1247 ἐστὶ
2602 1163 3050 1262 σημαντικὸν,
3074 1197 3106 1257 5

667 1290 1003 1370 οἰκετικόν
1037 1324 1114 1369 τε
1171 1292 1340 1391 ἡμῖν
1384 1293 1806 1396 ὐπεμφαίνει
1860 1292 2139 1394 με’τρον·
2215 1290 2299 1370 τὸ
2350 1289 2438 1370 δέ
2470 1323 2557 1392 γε
2590 1287 2788 1384 Υἱὸς,
2823 1285 2952 1386 τὴν
2981 1290 3054 1367 ἐκ

672 1414 962 1516 Πατρὸς
1029 1415 1339 1520 ὕπαρξιν
1402 1415 1717 1514 οὐσιώδη
1783 1418 1902 1493 καὶ
1968 1414 2285 1521 φυσικὴν
2346 1417 2578 1512 δηλοῖ·
2685 1409 2805 1490 διὰ
2857 1415 3054 1490 τοῦτο

667 1547 846 1637 γοῦν
886 1535 1044 1617 οὐδὲ
1100 1543 1574 1641 συγκριτικῶς
1629 1537 1860 1640 ε’ίρηκε
1915 1536 2168 1639 μείζων
2225 1534 2271 1636 ἢ
2329 1537 2760 1638 τιμιώτερος,
2795 1535 2913 1613 ἵνα
2961 1532 3056 1633 μὴ

668 1663 765 1744 ὡς
828 1663 989 1763 περὶ
1057 1663 1421 1762 ὁμογενῶν
1485 1662 1741 1741 τούτου
1798 1662 2140 1741 κάκείνων
2201 1695 2310 1744 τις
2372 1661 2788 1761 λογίσηται·
2869 1656 3061 1736 ἀλλά

670 1785 985 1889 Κρείττων
1043 1783 1334 1885 εἴρηκεν,
1379 1785 1494 1864 ἵνα
1542 1784 1626 1863 τὸ
1688 1783 2131 1865 διαλλάττον
2185 1788 2314 1883 τῆς
2370 1782 2662 1889 φύσεως
2715 1790 2845 1860 τοῦ
2889 1785 3061 1861 Υἱοῦ
3089 1816 3147 1857 ιο

668 1904 851 2008 πρὸς
906 1906 996 1985 τὰ
1035 1905 1300 2007 γενητὰ
1353 1908 1700 2012 γνωρίσῃ·
1781 1909 1900 1986 καὶ
1936 1908 2209 1988 τούτων
2245 1907 2501 2011 ε”χομεν
2537 1904 2669 2004 τὴν
2705 1903 3066 2010 ἀπόδειξιν

332 2040 417 2155 ff
433 2040 630 2091 lxxxiii.
669 2031 747 2107 ἐκ
800 2036 945 2108 τῶν
1001 2031 1208 2110 θείων
1272 2037 1609 2136 γραφῶν,
1663 2039 1793 2110 τοῦ
1850 2028 1983 2129 μὲν
2042 2033 2290 2125 Δαβὶδ
2346 2028 2774 2135 ψάλλοντος
2826 2037 2873 2074 “
2897 2027 3068 2106 Ὅτι

401 2142 416 2157 ’
674 2162 717 2200 “
753 2154 1113 2252 κρείσσων
1149 2152 1373 2256 ἡμέρα
1426 2155 1555 2253 μία
1608 2156 1685 2233 ἐν
1734 2160 1890 2238 ταῖς
1944 2156 2199 2238 αὐλαῖς
2249 2187 2390 2232 σου
2446 2152 2621 2255 ὑπὲρ
2677 2151 3066 2256 χιλιάδας,”

335 2282 488 2395 ξδ’*-
508 2281 613 2332 viii.
672 2284 801 2355 τοῦ
841 2275 914 2354 δὲ
953 2281 1430 2375 Σολομῶντος
1478 2280 2028 2383 ἀναφωνοῦντος
2075 2287 2118 2325 “
2151 2278 2543 2379 Κρείσσων
2577 2274 2812 2379 σοφία
2851 2278 3072 2355 λίθων

676 2408 718 2446 “
753 2401 1246 2478 πολυτελῶν·”
1305 2405 1459 2483 πῶς
1496 2397 1639 2501 γὰρ
1666 2401 1799 2503 οὐχ
1823 2397 2233 2501 ἑτεροούσια
2272 2402 2386 2478 καὶ
2419 2399 2622 2477 ἄλλα
2654 2396 2791 2497 τὴν
2825 2398 3070 2504 φύσιν,
3097 2425 3154 2482 15

670 2524 716 2622 ἡ
753 2523 985 2629 σοφία
1038 2524 1156 2602 καὶ
1213 2526 1279 2601 οἱ
1336 2520 1479 2603 ἀπὸ
1535 2527 1670 2625 γῆς
1719 2523 1959 2616 λίθοις
2012 2523 2184 2603 ποία
2225 2522 2299 2603 δὲ
2353 2522 2738 2624 συγγένεια
2790 2529 2953 2607 ταῖς
3004 2522 3073 2600 ἐν

672 2647 994 2749 οὐρανοῖς
1046 2646 1298 2728 αὐλαῖς
1349 2648 1465 2724 καὶ
1512 2651 1659 2729 τοῖς
1696 2648 1811 2726 ἐπὶ
1854 2650 1989 2749 γῆς
2022 2645 2236 2731 οἴκοις
2272 2680 2291 2740 ;
2352 2648 2576 2731 οὕτως
2613 2645 2754 2747 ἄρα
2790 2646 3076 2743 οὐδεμία

673 2773 1061 2874 συγγένεια
1127 2779 1252 2849 τοῦ
1315 2775 1499 2850 Υὶοῦ
1559 2768 1744 2872 πρὸς
1817 2769 1983 2853 τούς
2050 2770 2408 2873 ἀγγέλους
2469 2770 2653 2849 ἐστί·
2733 2774 3076 2868 μηδεμιᾶς

673 2894 750 2975 δὲ
806 2897 1030 2995 οὔσης
1082 2898 1211 2991 τῆς
1270 2895 1718 2995 συγγενείας,
1776 2894 1903 2973 οὐκ
1952 2892 2094 2996 ἄρα
2148 2899 2622 2996 συγκριτικῶς
2674 2891 2945 2996 ἐλέχθη
2997 2888 3076 2971 τό

678 3021 1018 3129 Κρείττων,
1078 3015 1278 3095 ἀλλὰ
1333 3019 1776 3118 διακριτικῶς
1831 3014 1950 3095 διὰ
2004 3015 2087 3097 τὸ
2145 3017 2584 3096 διαλλάττον
2639 3020 2770 3113 τῆς
2826 3015 3078 3095 τούτου
3101 3038 3164 3080 ²0

678 3142 973 3249 φύσεως
1010 3142 1129 3221 ἀπ’
1169 3140 1475 3220 ἐκείνων·
1545 3143 1662 3219 καὶ
1699 3139 1911 3224 αὐτὸς
1949 3140 2075 3220 οὖν
2112 3143 2152 3220 ὁ
2186 3138 2603 3223 ἀπόστολος
2638 3139 2724 3221 τό
2764 3142 3076 3244 Κρείττω

677 3264 1100 3366 ἑρμηνεύων,
1138 3266 1266 3345 οὐκ
1301 3267 1376 3344 ἐν
1411 3265 1620 3373 ἄλλῳ
1658 3268 1817 3357 τινὶ,
1856 3265 1903 3366 ἢ
1936 3267 2012 3345 ἐν
2048 3268 2136 3372 τῇ
2174 3268 2489 3372 διαφορᾷ
2522 3273 2651 3346 τοῦ
2687 3271 2870 3345 Υὶοῦ
2898 3261 3075 3367 πρὸς

676 3385 767 3465 τὰ
808 3386 1069 3488 γενητὰ
1105 3390 1350 3488 τίθησι
1395 3386 1629 3490 λέγων
1668 3388 1777 3468 ὅτι
1816 3390 1856 3468 ὃ
1891 3388 2044 3487 μὲν,
2081 3386 2280 3487 Υἱὸς,
2314 3388 2407 3468 τὰ
2444 3387 2539 3489 δὲ,
2575 3392 2828 3469 δοῦλα·
2885 3390 3003 3467 καὶ
3036 3386 3074 3463 ὁ

678 3507 809 3610 ’μὲν
857 3512 953 3594 ὡς
988 3508 1165 3594 Υἱὸς
1218 3510 1400 3611 μετὰ
1453 3521 1581 3591 τοῦ
1623 3511 1915 3613 Πατρὸς
1970 3515 2046 3591 ἐν
2101 3511 2302 3618 δεξιᾷ
2356 3511 2685 3611 κάθηται,
2728 3511 2823 3592 τὰ
2866 3512 2941 3593 δὲ
2984 3512 3073 3591 ὡς

681 3634 908 3712 δοῦλα
943 3633 1348 3736 παρέστηκε
1384 3639 1500 3714 καὶ
1535 3634 2071 3715 ἀποστέλλεται
2109 3638 2226 3715 καὶ
2263 3643 2683 3738 λειτουργεῖ.
3095 3644 3164 3705 25
3199 3642 3200 3645 '

794 3756 1091 3837 Τούτων
1127 3757 1203 3837 δὲ
1253 3760 1476 3841 οὕτως
1530 3757 2073 3861 γεγραμμένων,
2123 3760 2206 3838 οὐ
2257 3759 2551 3862 γενητὸς
2605 3762 2684 3839 ἐκ
2730 3760 3003 3841 τούτων
3037 3756 3075 3834 ὁ

682 3878 857 3964 Υἱὸς
912 3882 1353 3979 σημαίνεται,
1393 3876 1451 3960 ῶ
1485 3881 1840 3982 Ἀρειανοὶ,
1878 3879 2082 3960 ἀλλὰ
2133 3889 2425 3980 μᾶλλον
2476 3882 2711 3968 ἄλλος
2765 3883 2892 3982 μὲν
2937 3886 3078 3960 τῶν

350 4027 566 4078 s.Joan.
589 4026 624 4078 i.
686 4009 1024 4104 γενητῶν,
1082 4003 1252 4088 ’ίδιος
1310 4001 1388 4082 δὲ
1441 4013 1569 4084 τοῦ
1624 4003 1936 4107 Πατρός,
1993 4006 2070 4083 ἔν
2120 4011 2268 4089 τοῖς
2324 4003 2624 4090 κόλποις
2679 4004 2783 4086 ῶν
2835 4008 3074 4085 αὐτοῦ·

357 4093 432 4145 ¹8'
686 4128 803 4204 καὶ
858 4125 1001 4230 γὰρ
1053 4129 1167 4206 καὶ
1223 4128 1306 4207 τὸ
1361 4126 1857 4230 γεγραμμένον
1902 4129 2206 4208 ἐνταῦθα
2255 4128 2592 4233 Γενόμενος
2648 4131 2734 4210 οὐ
2786 4122 3082 4231 γενητὸν

687 4251 1018 4350 σημαίνει
1054 4249 1182 4331 τὸν
1215 4250 1416 4349 Υἱὸν,
1455 4248 1706 4354 ὥσπερ
1746 4253 1936 4350 ὑμεῖς
1975 4251 2311 4355 νομίζετε·
2390 4257 2449 4331 εὶ
2485 4251 2617 4351 μὲν
2652 4251 2796 4357 γὰρ
2828 4253 3082 4332 ἁπλῶς
3107 4274 3174 4334 30

757 4515 810 4564 4.
847 4496 969 4553 Hoc
995 4499 1231 4553 scholion
1260 4517 1288 4553 e
1315 4499 1463 4553 Maio
1486 4511 1540 4555 et
1567 4500 1839 4557 Cramer-0.
2035 4500 2088 4557 6.
2125 4499 2213 4573 τὸ]
2240 4504 2270 4556 ὁ
2293 4518 2568 4573 perperam
2594 4502 2650 4558 b.
2828 4519 2912 4556 ιι.
2948 4519 3082 4569 γυ·-

686 4568 827 4637 ρίσει
854 4566 908 4623 b.
1129 4586 1210 4624 12.
1243 4569 1323 4623 ὅτι
1348 4587 1453 4624 om.
1480 4570 1534 4625 b.
