3269 5166
305 1630 512 1681 chss.fi2

316 1709 395 1760 ¹3·

305 1999 555 2052 Sssnuafim

311 2082 356 2118 2.

645 335 732 400 80
1260 338 1340 403 Β.
1388 335 1812 404 CYRILLI
1870 337 2453 405 ALEXANDR.
2665 340 2796 405 xix.
2830 354 2932 425 17,
2960 339 3055 404 18.

647 505 768 582 καὶ
818 503 1035 610 τέχνῃ
1082 509 1173 610 τῇ
1224 505 1401 607 ὑπὲρ
1439 513 1608 586 νοῦν
1645 510 1741 589 εἶς
1788 503 2140 608 ἀδόκητόν
2186 541 2344 587 τινα
2393 511 2509 588 καὶ
2567 508 3060 612 ἀντίστροφον

650 632 857 707 θεσιν
906 631 1461 714 ἐκτελευτῶντος
1505 637 1636 710 τοῦ
1683 627 1980 715 πάθους·
2055 633 2274 734 παγὶς
2311 631 2453 736 γὰρ
2491 630 2741 733 ὥσπερ
2786 635 2891 737 τῷ
2933 638 3059 710 τοῦ

650 752 965 833 θανάτου
1020 752 1283 857 κράτει,
1320 751 1406 835 τὸ
1442 758 1781 857 Χριστοῦ
1828 751 2062 840 πάθος
2107 755 2545 860 ἐσκευάζετο,
2583 756 2700 835 καὶ
2738 754 3050 834 ἀνανεώ·

649 909 838 960 σεως
893 875 1081 983 ἀρχὴ
1139 882 1268 978 τῆς
1325 884 1421 964 εἷς
1484 879 1912 985 ἀφθαρσίαν
1975 883 2092 960 καὶ
2150 879 2533 981 καινότητα
2594 879 2773 983 ζωῆς
2831 880 2872 959 ὃ
2934 888 3059 959 τοῦ

651 1001 923 1103 Κυρίου
979 998 1286 1087 θάνατος
1337 999 1454 1102 ἦν.
1535 999 1621 1082 τὸ
1679 1000 1756 1081 δὲ
1812 1004 1925 1108 ἐφ’
1985 1000 2181 1111 ᾧπερ
2229 1002 2492 1103 ἔμελλε
2562 1009 3060 1107 σταυροῦσθαι
3082 1029 3112 1089 5

649 1123 880 1230 ξύλον
924 1124 1330 1223 ἐπωμάδιον
1376 1125 1562 1231 ἔχων
1614 1124 1905 1229 πρόεισι
1960 1125 2223 1208 λοιπὸν
2278 1131 2869 1231 κατακεκριμένος
2924 1129 3060 1228 ἤδη

578 1262 624 1328 b
648 1254 764 1327 καὶ
817 1247 951 1349 τὴν
1011 1249 1122 1357 ἐφ’
1184 1251 1428 1349 αἵματι
1479 1254 1744 1358 ψῆφον
1806 1252 1912 1331 ἐπ’
1968 1253 2198 1332 οὐδενὶ
2249 1259 2627 1338 παντελῶς
2679 1254 3060 1356 ὑπομείνας

648 1378 863 1481 κακῷ,
904 1377 1021 1453 καὶ
1061 1383 1275 1456 τοῦτο
1326 1376 1415 1456 δι’
1468 1376 1674 1475 ἡμᾶς.
1747 1372 1876 1459 τὰς
1923 1373 2071 1478 γὰρ
2108 1382 2256 1460 τοῖς
2291 1376 2787 1480 ἡμαρτηκόσιν
2829 1378 3052 1480 ἐπηρ·

648 1497 954 1597 τημένας
1008 1496 1327 1601 εὐλόγως
1382 1502 1461 1580 ἐκ
1514 1508 1643 1581 τοῦ
1687 1496 1909 1600 νόμου
1965 1500 2163 1585 δίκας
2215 1504 2312 1584 εἶς
2364 1499 2618 1582 ἑαυτὸν
2672 1499 3053 1603 ἐκομίζετο.

649 1620 902 1722 γέγονε
966 1620 1110 1725 γὰρ
1166 1633 1209 1671 “
1237 1621 1414 1726 ὑπὲρ
1477 1624 1681 1723 ἡμῶν
1745 1622 2083 1728 κατάρα,”
2142 1623 2328 1705 κατὰ
2385 1623 2472 1706 τὸ
2539 1625 3059 1727 γεγραμμένον,
3086 1654 3148 1696 10

652 1754 694 1792 “
730 1744 1242 1850 ἐπικατάρατος
1297 1745 1440 1852 γάρ
1497 1754 1708 1854 φησι,
1765 1755 1909 1832 πᾶς
1970 1750 2009 1827 ὁ
2071 1746 2510 1852 κρεμάμενος
2578 1750 2695 1829 ἐπὶ
2754 1746 3058 1856 ξύλου.”

648 1867 989 1974 ἐπάρατοι
1038 1869 1114 1952 δὲ
1162 1870 1424 1957 πάντες
1461 1871 1658 1973 ἡμεῖς
1664 1933 1686 1970 ,
1731 1871 1860 1954 τὸν
1896 1878 2087 1953 θεῖον
2123 1875 2599 1976 ἀποπληροῦν
2637 1874 2763 1953 οὐκ
2799 1871 3056 1978 ἀνεχό-

647 2028 848 2093 μενοι
895 1992 1134 2097 νόμον,
1175 2007 1218 2044 “
1246 1996 1499 2078 πολλὰ
1549 1995 1694 2100 γὰρ
1739 1997 2087 2096 πταίομεν
2125 1995 2493 2095 ἅπαντες,”
2536 1996 3060 2098 εὐολισθοτάτη

646 2152 726 2199 τε
778 2118 961 2224 πρὸς
1015 2129 1229 2203 τοῦτο
1285 2122 1455 2201 λίαν
1491 2120 1536 2221 ἦ
1595 2119 1981 2225 ἀνθρώπου
2036 2119 2286 2228 φύσις.
2360 2120 2601 2222 ἐπειδὴ
2637 2119 2714 2201 δὲ
2750 2118 2984 2202 πάλιν
3020 2123 3060 2201 ὃ

307 2246 422 2296 ⁶²¹»
448 2245 522 2296 iii.
592 2271 628 2317 ο
648 2249 833 2331 θεῖος
862 2245 1002 2352 ἔφη
1027 2281 1172 2329 που
1197 2245 1414 2345 νόμος
1448 2255 1493 2293 “
1521 2243 2093 2349 Ἐπικατάρατος
2122 2243 2200 2330 ὃς
2228 2246 2355 2326 οὐκ
2382 2244 2660 2346 ἐμμένει
2686 2252 2876 2326 πᾶσι
2913 2254 3060 2332 τοῖς
3085 2274 3147 2333 ¹5

310 2325 389 2374 ιο,
412 2328 441 2361 e

307 2377 467 2428 Dent.

308 2444 462 2494 xxvii.
478 2442 556 2494 26.

648 2378 690 2415 ‘⁶
726 2369 1327 2471 ἐγγεγραμμένοις
1354 2373 1429 2451 ἐν
1455 2374 1559 2479 τῷ
1585 2369 1858 2479 βιβλίῳ
1885 2378 2014 2451 τοῦ
2041 2368 2262 2469 νόμου
2289 2368 2571 2462 τούτου,
2601 2379 2731 2450 τοῦ
2756 2375 3062 2470 ποιῆσαι

647 2500 693 2538 “
729 2491 979 2572 αὖτά·”
1042 2494 1245 2594 ἡμῶν
1281 2494 1442 2599 ἄρα,
1482 2498 1598 2574 καὶ
1636 2495 1768 2599 οὐχ
1806 2492 2062 2599 ἑτέρων
2100 2494 2144 2594 ἡ
2182 2492 2344 2599 ἀρά.
2408 2492 2512 2579 οἷς
2546 2493 2692 2598 γὰρ
2728 2493 3063 2598 ἔγκλημα

648 2614 780 2713 μὲν
816 2618 862 2717 ἡ
898 2618 1340 2723 παράβασις,
1376 2618 1462 2701 τὸ
1500 2617 1578 2701 δὲ
1614 2627 1745 2700 τοῦ
1789 2618 2273 2723 διορισθέντος
2322 2618 2729 2725 ἐξολισθεῖν
2765 2620 3053 2702 εύπετέ·

647 2775 945 2841 στατον,
1000 2745 1240 2829 αὐτοῖς
1297 2741 1388 2825 ἂν
1443 2742 1546 2844 εἴη
1607 2746 1726 2823 καὶ
1786 2744 1870 2824 τὸ
1931 2744 2355 2824 εὐθύνεσθαι
2413 2742 2718 2847 πρέπον.
2802 2745 3063 2827 οὐκοῦν

645 2865 999 2970 ἐπάρατος
1054 2868 1138 2950 δι’
1178 2870 1364 2970 ἡμᾶς
1410 2870 1451 2949 ὃ
1500 2867 1602 2969 μὴ
1659 2866 1858 2952 εἰδὼς
1914 2869 2292 2972 ἁμαρτίαν,
2341 2868 2427 2947 ἵν’
2469 2869 2657 2968 ἡμᾶς
2711 2867 3062 2975 ἀπολύσῃ
3088 2896 3156 2939 ²0

646 2995 774 3091 τῆς
829 2995 1131 3100 ἀρχαίας
1186 2997 1384 3097 ἀρᾶς.
1462 2992 1743 3101 ἐξήρκει
1797 2992 1941 3097 γὰρ
1990 3000 2204 3073 τοῦτο
2249 2992 2506 3073 παθὼν
2543 2991 2719 3094 ὑπὲρ
2763 2992 3063 3074 πάντων

577 3124 620 3187 d
648 3118 688 3197 ὁ
728 3116 903 3221 ὑπὲρ
944 3118 1224 3203 πάντας
1262 3117 1469 3216 Θεὸς,
1508 3121 1626 3198 καὶ
1685 3122 1790 3226 τῷ
1843 3115 2131 3226 θανάτῳ
2181 3122 2309 3217 τῆς
2366 3117 2547 3202 ἰδίας
2601 3115 2876 3222 σαρκὸς
2930 3118 3064 3220 τὴν

647 3239 987 3322 ἁπάντων
1024 3241 1393 3347 λύτρωσιν
1430 3239 1934 3349 ἐξωνούμενος.

756 3364 1280 3468 Ἐπικομίζεται
1335 3366 1593 3463 τοίνυν,
1633 3367 1719 3445 οὐ
1772 3364 1901 3446 τὸν
1956 3366 2151 3472 αὐτῷ
2205 3364 2577 3469 πρέποντα
2632 3364 2963 3471 σταυρὸν
3018 3366 3062 3446 ὁ

644 3487 992 3591 Χριστὸς,
1028 3489 1231 3570 ἀλλὰ
1275 3486 1403 3569 τὸν
1439 3488 1607 3589 ἡμῖν
1643 3489 2130 3595 ἐπηρτημένον
2167 3525 2245 3571 τε
2279 3494 2397 3569 καὶ
2435 3489 3059 3594 χρεωστούμενον,
3091 3519 3158 3577 ²5

644 3612 827 3695 ὅσον
863 3613 1033 3715 ἧκεν
1069 3618 1288 3695 εἰπεῖν
1324 3619 1420 3699 εἶς
1475 3611 1608 3713 τὴν
1646 3613 1761 3694 διὰ
1819 3612 2038 3713 νόμου
2092 3613 2538 3717 κατάκρισιν.
2618 3611 2872 3717 ὥσπερ
2918 3614 3066 3719 γὰρ

645 3738 941 3841 γέγονεν
993 3740 1071 3818 ἐν
1125 3747 1414 3842 νεκροῖς,
1465 3739 1549 3818 οὐ
1600 3740 1686 3819 δι’
1749 3736 2021 3836 ἑαυτὸν,
2078 3737 2280 3818 ἀλλὰ
2339 3739 2426 3818 δι’
2477 3737 2697 3837 ἡμᾶς,
2751 3738 2839 3818 ἵν’
2893 3739 3066 3839 ἡμῖν

644 3860 964 3969 ἀρχηγὸς
1018 3867 1147 3963 τῆς
1196 3869 1291 3949 εἶς
1346 3869 1569 3944 αἰῶνα
1625 3862 1804 3966 ζωῆς
1850 3864 2124 3969 εὑρεθῇ,
2181 3858 2608 3947 καταλύσας
2661 3863 2747 3941 δι’
2803 3864 3066 3943 ἑαυτοῦ

642 3997 771 4068 τοῦ
811 3985 1121 4069 θανάτου
1157 3986 1241 4069 τὸ
1279 3987 1558 4091 κράτος,
1596 3988 1783 4069 οὕτω
1820 3991 1938 4067 καὶ
1974 3986 2101 4067 τὸν
2127 3987 2294 4087 ἡμῖν
2333 3985 2701 4088 πρέποντα
2736 3987 3066 4092 σταυρὸν

642 4118 740 4197 εἶς
795 4111 1047 4193 ἑαυτὸν
1104 4112 1624 4212 ἀναλαμβάνει,
1686 4111 1819 4213 τὴν
1878 4113 1955 4192 ἐκ
2020 4118 2149 4191 τοῦ
2208 4107 2431 4211 νόμου
2495 4110 2926 4215 κατάκρισιν
2983 4115 3065 4192 ἐν
3091 4139 3167 4199 30

306 4258 390 4307 Pe·
416 4256 515 4309 cvi.
583 4275 618 4318 e
647 4241 873 4346 ἑαυτῷ
908 4238 1371 4342 κατακρίνων,
1406 4235 1524 4315 ἵνα
1557 4242 1770 4317 πᾶσα
1819 4232 2077 4316 λοιπὸν
2115 4236 2375 4336 ἀνομία
2425 4233 2765 4342 ἐμφράξῃ
2808 4233 3068 4336 στόμα

302 4338 389 4390 4²·

714 4536 765 4591 6.
804 4534 1080 4604 ἐπωμίδων
1104 4553 1153 4590 a.
1290 4533 1711 4605 κατακεκριμένον
1737 4532 1943 4660 Μίἕης.
2280 4549 2301 4584 1
2318 4550 2362 4586 1.
2402 4528 2567 4620 ξύλου
2593 4529 2658 4618 EL
2684 4547 2732 4584 a.
2758 4529 2931 4618 ξύλον
2957 4531 3067 4588 Ed.

650 4625 732 4676 14.
770 4629 825 4663 τε
850 4617 1191 4678 assumptum
1216 4623 1282 4662 ex
1309 4607 1372 4661 E.
1589 4622 1675 4660 20.
1713 4602 1774 4660 ἶν’
1855 4644 1867 4658 .
1897 4625 1978 4659 ινα
2002 4600 2105 4657 Ed.
2324 4617 2412 4673 27.
2449 4624 2498 4656 ιν
2541 4602 2604 4656 Ε.
2630 4623 2710 4656 ινα
2736 4600 2845 4657 hd.
