3269 5166
261 350 327 390 1.
362 347 436 391 11
474 328 737 411 sqq.,1i.
766 346 823 390 1.
911 326 1019 390 IN
1068 326 1587 393 EPIs'roLAM
1640 328 1767 391 AD
1822 327 2288 394 ROMANOS.
2534 331 2661 395 23⁷

2850 432 2926 483 Μ.

265 502 314 541 “
348 493 535 591 ὑμῖν,
571 495 782 598 φησὶ,
825 494 941 571 καὶ
977 493 1060 571 οὗ
1094 491 1492 588 πιστεύετε,
1534 497 1688 575 πῶς
1734 490 1857 572 ε’ὰν
1893 492 2066 572 ε”ιπω
2104 496 2269 591 ὑμῖν
2304 492 2397 573 τὰ
2441 496 2652 573 ἐπου-
2712 432 2828 497 [4ο
2947 432 2974 497 1

266 627 315 663 “
349 613 558 718 ράνια
611 615 1081 696 πιστεύσετε·
1064 677 1084 711 ,
1085 617 1123 642 ”
1181 617 1588 717 προσετίθει
1644 614 1719 694 δὲ
1769 614 2042 700 τούτοις
2098 627 2141 663 “
2176 616 2415 716 Αμὴν
2469 616 2712 746 ἀμὴν
2686 631 2906 682 830811·
2924 632 2995 682 iii.

267 750 313 786 ‘⁴
352 740 550 841 λέγω
606 741 769 838 ὑμῖν
826 773 866 817 ο
912 738 1199 837 οιδαμεν
1253 748 1622 837 λαλοῦμεν
1676 742 1792 819 καὶ
1847 736 1889 817 ὃ
1941 738 2351 840 ἑωράκαμεν
2390 774 2662 852 μαρτυ-

267 871 615 966 “ροῦμεν
649 866 766 943 καὶ
808 861 942 961 τὴν
973 864 1366 965 μαρτυρίαν
1401 862 1602 961 ἡμῶν
1639 863 1863 945 οὐδεὶς
1914 859 2331 957 λαμβάνειῗ
2409 865 2664 944 οὐκοῦν
2688 872 2765 923 Of.
2785 873 2853 922 ib·
2878 885 2957 934 δ’·

204 1015 242 1074 5
270 987 741 1082 ἀβασάνιστα
795 983 889 1064 τὰ
938 984 1113 1088 ὑπὲρ
1169 985 1377 1084 ἡμᾶς·
1456 990 1516 1065 εἶ
1570 984 1715 1088 γάρ
1775 987 1975 1064 ἐστιν
2031 984 2294 1085 ἀληθὲς
2359 986 2470 1066 ὅτι
2526 1020 2663 1090 περ

269 1120 316 1156 “
353 1109 446 1190 τὰ
479 1114 557 1190 ἐν
593 1114 844 1214 χερσὶν
881 1110 1300 1211 εὑρίσκομεν
1334 1106 1517 1207 μετὰ
1543 1108 1770 1206 βίας,”
1808 1105 1992 1187 κατὰ
2025 1107 2110 1186 τὸ
2144 1109 2660 1208 γεγραμμένον,
2688 1124 2893 1189 Sap-'1¹-
2921 1124 2996 1174 ¹⁶·

268 1240 426 1318 πῶς
481 1235 610 1314 οὐκ
665 1236 1052 1335 ἀναγκαῖον
1109 1234 1390 1328 ἐννοεῖν,
1427 1235 1523 1314 ὡς
1561 1230 1638 1310 ἕν
1674 1265 1758 1332 γε
1795 1237 1942 1313 τοῖς
1991 1231 2168 1332 ὑπὲρ
2206 1229 2454 1331 λόγον,
2489 1265 2666 1335 χρη-

270 1356 651 1456 σιμωτάτη
726 1356 891 1435 λίαν
962 1354 1007 1453 ἡ
1075 1355 1341 1451 πίστις,
1407 1355 1536 1434 οὐκ
1611 1353 2154 1452 ἀκολουθούσης
2218 1353 2520 1455 ἐρεύνης,
2585 1355 2668 1432 οὐ

269 1480 633 1583 ζητήσεως
670 1480 929 1562 εἰκαίας
961 1478 1557 1580 ἔπενηνεγμένηςς
1615 1477 1907 1557 συνέσει
1944 1474 2090 1579 γὰρ
2126 1475 2219 1556 τὰ
2253 1473 2488 1556 τοιάδε
2522 1482 2669 1556 τῶν

168 1640 246 1681 ιο
270 1602 724 1706 πραγμάτων
754 1608 1040 1700 τιμᾶται
1076 1608 1449 1702 λαμπρῶς.

450 1838 592 1904 Πᾱε
643 1839 680 1904 ὀ
735 1840 1055 1904 πιστεύων
1108 1838 1204 1902 ἐπ’
1265 1838 1444 1922 αὐτῷ
1491 1838 1565 1903 οὐ
1622 1840 2240 1924 καταισχυνθήσεται
2292 1843 2506 1907 κ.τ.λ.
2700 1863 2768 1903 11
2795 1863 2917 1923 sqq.

390 1996 527 2098 Μὴ
581 1997 926 2078 ποιείσθω
981 1996 1158 2076 ἴδιον
1192 1996 1467 2097 ἀγαθὸν
1509 1995 1643 2095 τὴν
1681 1996 1797 2075 διὰ
1850 1998 2164 2082 πίστεως
2213 1995 2581 2097 σωτηρίαν
2627 1998 2669 2075 ὁ

273 2120 610 2223 Ἰσραήλ·
688 2123 840 2206 mk
888 2119 1027 2225 γᾶρ
1076 2121 1147 2204 ἲς
1197 2117 1278 2200 ἂν
1315 2117 1822 2213 ἐπικαλέσηταί
1855 2129 2045 2224 φησι
2080 2122 2155 2200 τὶ
2197 2121 2405 2225 ὄνομα.
2446 2122 2670 2225 Κυρίου
2693 2149 2797 2185 Μ’·
2822 2146 2897 2198 ¹3·

275 2242 668 2340 σωθήσεται,
703 2243 835 2323 κᾶν
871 2242 1173 2325 ἶουδαίος
1227 2239 1273 2347 ᾗ
1320 2240 1453 2321 κᾶν
1511 2239 1758 2339 ἕλλην,
1796 2240 1930 2322 κᾶν
1972 2247 2231 2326 δοῦλος
2286 2242 2417 2321 κᾶν
2454 2244 2662 2321 ἐλεύ-

173 2390 251 2451 15
279 2374 507 2472 θερος·
593 2363 999 2472 ἀδιαφόρως
1072 2365 1283 2467 σώζει
1357 2366 1397 2443 ὁ
1466 2362 1655 2448 Θεὸς
1726 2370 1872 2444 τῶν
1942 2365 2157 2464 ὅλων,
2232 2368 2451 2445 αὐτοῦ
2525 2364 2667 2467 γὰρ
2692 2389 2773 2443 41
2801 2387 2896 2445 n.

277 2493 586 2573 ἅπαντα·
685 2491 869 2569 οὕτω
925 2484 1164 2594 φαμὲν
1219 2491 1935 2594 ἀνακεφαλαιοῦσθαι
1999 2488 2090 2568 τὰ
2145 2489 2381 2570 πάντα
2437 2491 2512 2568 ἐν
2571 2490 2672 2597 τῷ
2699 2504 2830 2570 Eph.
2846 2505 2880 2556 i·
2907 2518 2983 2555 ¹0·

280 2621 611 2721 Χριστῷ.

505 2830 617 2896 Mc.
673 2829 989 2895 ἀπώσατο
1042 2829 1079 2896 ὁ
1132 2827 1298 2895 Θεὸς
1351 2816 1464 2905 τὸν
1520 2827 1682 2893 λαὸν
1738 2829 1969 2910 αὐτοῦς
2041 2828 2129 2904 μὴ
2185 2829 2454 2902 τὲνοιτο.
2705 2823 2860 2901 Κεφ.
2896 2817 2995 2883 ια’.

393 3001 823 3106 Ἐμφρόνως
857 3001 897 3079 ὁ
937 3006 1233 3083 Παῦλος
1287 3000 1511 3078 καίτοι
1555 2995 1882 3079 παθόντα
1927 2998 2055 3079 τὸν
2102 2997 2506 3093 σκοτισμὸν
2549 2999 2677 3076 οὐκ

175 3160 259 3200 20
283 3130 369 3233 ἐᾷ
424 3124 755 3228 μειζόνως
809 3123 1529 3225 κατασκληρύνεσθαι
1576 3121 1707 3202 τὸν
1755 3123 2064 3226 Ἰσραὴλ
2119 3130 2273 3206 ταῖς
2327 3129 2424 3205 εἷς
2484 3121 2679 3201 ἅπαν

280 3248 775 3350 ἀπογνώσεσι,
809 3248 1081 3345 μέτεισι
1128 3247 1203 3325 δὲ
1251 3245 1499 3348 ὥσπερ
1534 3248 1873 3351 ἐντέχνως
1923 3252 2075 3330 ταῖς
2112 3246 2675 3352 χρηστοεπείαις.

281 3374 446 3475 ἄρτι
501 3370 631 3470 μὲν
689 3371 831 3473 γὰρ
889 3374 984 3454 ὡς
1036 3372 1291 3469 ἀπειθῆ
1352 3377 1736 3476 κατῃτιᾶτο
1787 3369 1915 3449 τὸν
1973 3370 2310 3473 Ἰσραήλ·
2387 3370 2678 3454 ἐλπίδος

283 3495 513 3599 γεμὴν
546 3499 675 3594 τῆς
729 3495 1002 3576 ανωθεν
1046 3497 1174 3575 οὐκ
1222 3496 1644 3596 ἀπογυμνοι,
1683 3496 1841 3574 οὔτε
1897 3493 2041 3593 μὴν
2078 3493 2495 3596 ὀλοτρόπως
2549 3498 2673 3593 τῆς

283 3618 469 3722 πρὸς
491 3617 681 3698 Θεὸν
717 3617 1132 3717 οἰκειότητος
1159 3615 1576 3721 ἐξωσθῆναί
1606 3627 1818 3722 φησι.
1883 3621 1998 3697 καὶ
2032 3622 2244 3722 σαφῆ
2281 3626 2408 3698 τοῦ
2442 3651 2677 3720 πραγ-

178 3774 260 3836 25
283 3777 511 3842 ματος
545 3749 845 3823 ποιεῖται
880 3740 1013 3841 τὴν
1046 3741 1502 3848 ἀπόδειξιν,“
1467 3775 1717 3820 εαυτον
1751 3742 2173 3844 παραθεὶς”
2126 3776 2301 3821 οντα
2337 3743 2673 3893 Ἰσραηλί-

284 3901 408 3962 την
443 3870 563 3946 καὶ
599 3867 678 3946 ἐκ
716 3863 1102 3973 σπέρματος
1134 3863 1496 3973 Αβρααμ,
1528 3864 1982 3970 ευφυέστατά
2016 3901 2093 3946 τε
2130 3868 2245 3945 καὶ
2284 3871 2473 3945 Θεοῦ
2511 3864 2678 3945 >aab

284 3995 678 4072 ἀποκαλῶν
731 3990 854 4086 ἔτι,
912 3991 1030 4067 καὶ
1082 3992 1494 4091 προστιθεὶς
1547 3987 1628 4068 τό
1685 3990 1799 4082 Μὴ
1845 3989 2088 4090 γίνοιτο
2142 3998 2289 4074 τοῖς
2333 3993 2494 4092 περὶ
2552 3999 2679 4069 τοῦ

283 4119 660 4194 ἀπεῶσθαι
718 4111 991 4215 λόγοις.
1074 4121 1300 4192 ταῦτα
1363 4112 1438 4191 δὲ
1498 4109 1588 4211 ἦν
1652 4115 1862 4192 οἱονεὶ
1919 4115 2455 4215 περισαίνοντος
2514 4111 2678 4197 τοὺς

360 4343 709 4413 12.1nc.Mr)
733 4366 907 4399 τοινυν
927 4345 1135 4397 ποιείτω
1158 4341 1290 4411 ἴδιον
1315 4344 1382 4395 Α.
1685 4359 1766 4412 13.
1802 4344 1939 4412 φησι
1964 4361 2072 4397 om.
2099 4344 2165 4397 A.
2470 4361 2552 4409 14.
2588 4339 2681 4395 κᾶν

282 4416 474 4471 δοῦλος
497 4413 589 4470 κᾶν
608 4416 886 4483 ἐλεύθερος
909 4430 1018 4468 om.
1046 4412 1112 4466 A.
1406 4410 1485 4466 16.
1524 4415 1595 4483 τῷ
1622 4413 2351 4483 om.A.19.1ne.
2376 4412 2682 4482 Ἐμφρόνωο

280 4485 454 4541 τοίνυν
483 4493 538 4548 4-
568 4488 635 4542 A.
872 4499 956 4537 21.
997 4481 1243 4552 εὐτέχνως
1268 4484 1335 4537 A.
1580 4499 1664 4548 24.
1705 4486 1891 4553 σαφῶς
1917 4482 1984 4535 Α.
2238 4500 2320 4553 25.
2360 4483 2453 4550 τὴν
2476 4499 2584 4535 om.
2611 4482 2680 4533 A.

285 4557 371 4610 26.
410 4579 463 4611 τε
489 4574 592 4612 om.
620 4559 689 4612 A.
964 4554 1050 4607 28.
1088 4553 1327 4608 ἇπῶσθαι
1354 4554 1420 4606 Α.
