3269 5166
292 4005 459 4067 Supra

294 4072 395 4119 xiv.
414 4083 494 4134 3ο.

635 326 722 392 62
1242 327 1324 393 B.
1370 327 1795 393 CYRILLI
1855 327 2432 395 ALEXANDR.
2825 335 2958 399 xix.
2983 354 3053 414 4.

634 525 740 577 τις
778 497 896 571 καὶ
931 490 1173 587 τύπος,
1211 491 1414 572 ἀλλὰ
1461 496 1579 574 καὶ
1612 494 1659 593 ἡ
1705 501 1834 574 τοῦ
1887 502 2207 595 γέλωτος
2265 498 2458 576 αἰτία
2510 497 3049 598 προστέθειται·

634 614 1060 720 προσῄεσαν
1093 615 1237 721 γὰρ
1265 619 1619 719 λέγοντες,
1649 616 1849 723 φησί
1871 623 2075 725 Χαῖρε
2105 629 2134 700 ὁ
2165 618 2504 713 βασιλεῦς
2531 619 2654 701 τὶὖν
2682 617 3049 702 Ἰουδαίων.

746 742 1168 842 Ἐπυθόμην
1193 740 1269 823 δὲ
1296 749 1533 841 τινῶν,
1559 749 1855 842 μᾶλλον
1881 741 1958 823 δὲ
1986 743 2155 822 λίαν
2192 744 2480 846 ἀρέσκει
2517 747 2691 842 τισὶ,
2715 743 3058 853 στέφανον

633 864 765 965 μὲν
818 863 948 946 τὸν
1005 866 1077 975 ἐξ
1139 864 1442 948 ἀκανθῶν
1496 866 1632 961 τὴν
1694 872 1840 946 τῶν
1897 867 2620 971 εἶδωλολατρούντων
2667 868 2770 949 ἔτι
2828 905 3058 950 κατα-

634 990 1013 1090 σημαίνειν
1079 988 1392 1091 πληθὺν,
1458 992 2175 1095 ἀναληφθησομένην
2237 989 2493 1095 ὥσπερ
2565 1000 2661 1078 εἰς
2734 990 3056 1094 διάδημα
3083 1028 3120 1089 5

634 1120 739 1223 τῷ
796 1119 1103 1224 Χριστῷ
1176 1112 1293 1195 διά
1365 1115 1682 1198 πίστεως
1748 1118 1880 1213 τῆς
1939 1121 2038 1199 εἷς
2098 1113 2338 1214 αὐτὸν,
2400 1116 2468 1197 οἳ
2526 1119 2646 1198 καὶ
2701 1119 3056 1204 ἀκάνθαις

565 1243 608 1308 b
638 1238 922 1342 ἀγόνοις
970 1274 1048 1320 τε
1098 1243 1217 1320 καὶ
1264 1238 1659 1345 ἀχρήστοις
1696 1236 1790 1318 τά
1837 1238 2005 1339 ἔθνη
2041 1238 2550 1344 παρεικάζουσι
2587 1241 2705 1322 διὰ
2748 1240 2833 1324 τὸ
2871 1278 3056 1347 καρ-

634 1363 778 1448 πὸν
836 1365 1202 1460 εὐσεβείας
1266 1364 1454 1471 ἔχειν
1512 1364 1790 1461 οὐδένα,
1851 1363 2248 1469 πεφυκέναι
2308 1364 2384 1444 δὲ
2442 1372 2735 1465 μᾶλλον
2790 1369 3045 1469 ἐπιτη-

634 1490 826 1571 δείαν
873 1495 968 1574 εἷς
1014 1487 1240 1594 πυρὸς
1288 1497 1420 1569 τοῦ
1461 1486 1872 1593 παμφάγου
1918 1486 2224 1594 τροφὴν,
2263 1487 2589 1593 καθάπερ
2625 1488 2881 1589 ἀμέλει
2929 1496 3053 1573 καὶ

636 1614 765 1696 τὸν
799 1617 876 1694 ἐν
910 1616 1158 1718 ἀγροῖς
1200 1610 1589 1719 συρφετὸν,
1624 1612 1784 1712 ἤτοι
1834 1608 1967 1710 τὴν
1999 1611 2265 1715 ἀγρίαν
2302 1615 2419 1692 καὶ
2453 1615 2803 1719 γεωργίας
2852 1614 3050 1703 τινὸς
3079 1646 3148 1688 10

638 1740 807 1844 δίχα
869 1737 1232 1848 φυομένην
1286 1737 1630 1818 ἄκανθαν·
1707 1734 1793 1816 τὸ
1850 1734 1925 1815 δὲ
1988 1735 2338 1841 ἀλουργὲς
2396 1738 2693 1842 ἅμφιον,
2746 1738 2904 1838 ἤτοι
2961 1740 3050 1822 τὸ

636 1863 905 1971 ἱμάτιον
996 1861 1081 1945 τὸ
1160 1864 1542 1971 πορφυροῦν,
1622 1859 1759 1960 τὴν
1831 1859 2186 1961 ἐσομένην
2278 1860 2463 1941 κατὰ
2551 1861 2823 1947 παντὸς
2915 1875 3050 1948 τοῦ

634 1989 918 2089 κόσμου
952 1987 1340 2084 βασιλείαν
1376 1983 1757 2091 φάσκουσι
1793 1987 2090 2085 δηλοῦν.
2168 1985 2622 2089 παραδεκτὸν
2657 1985 2733 2067 δὲ
2770 1983 2973 2067 ἅπαν
3006 1987 3048 2069 ὃ

634 2112 737 2214 μὴ
773 2122 902 2194 τοῦ
938 2110 1176 2196 εὐθέος
1225 2109 1546 2191 ἐκπίπτει
1595 2106 1847 2211 λόγου,
1884 2105 2065 2209 μήτε
2120 2108 2267 2209 μὴν
2303 2111 2401 2194 ὡς
2453 2106 2801 2212 ἀνόνητον
2835 2111 3049 2192 ἔσται

575 2269 611 2313 ο
634 2237 1218 2337 πεπιστευμένον.
1285 2236 1413 2315 οὐκ
1448 2230 1870 2334 ἀπόβλητος
1907 2233 2147 2314 τοίνυν
2183 2236 2311 2332 τῆς
2348 2232 2644 2337 θεωρίας
2679 2235 2720 2314 6
2755 2234 3049 2340 τρόπος,
3076 2263 3100 2302 ι
3113 2260 3150 2319 5

634 2359 1108 2460 ἀστειοτάτην
1142 2360 1327 2465 ἔχων
1360 2357 1492 2459 τὴν
1528 2359 1975 2462 ε’πιτήρησιν.

575 2606 761 2684 4Καί
821 2606 1056 2674 ἐξῆλθε
1119 2606 1316 2672 πάλιν
1379 2606 1515 2674 ἔξω
1566 2606 1603 2672 ὁ
1658 2606 1964 2687 Πιλάτου,
2028 2607 2136 2671 καὶ
2199 2609 2372 2681 heret
2434 2603 2656 2673 αὐτοῖο
2709 2607 2840 2674 Ἴδε
2902 2609 3049 2684 αΤω

742 2728 888 2810 ὑμῖν
935 2731 1134 2799 αὐτὸν
1188 2731 1341 2814 ἔξω,
1393 2732 1501 2799 ἴνα
1564 2731 1772 2807 Γνῶτε
1834 2734 1935 2800 ὅτι
1995 2731 2305 2810 οὐδεμίαν
2369 2730 2582 2800 αἰτίαν
2637 2734 2921 2824 εὑρίσκω
2973 2738 3046 2802 ὲν

739 2859 941 2946 αὐτῷ.

744 3008 1155 3110 Ὁμολογεῖ
1200 3041 1333 3108 μεν
1385 3040 1470 3086 το
1519 3012 1875 3104 πταῖσμα,
1916 3008 2032 3085 καὶ
2090 3007 2218 3086 οὐκ
2273 3005 2709 3111 αἰσχύνεται.
2767 3040 3041 3106 μαστι-
3073 3053 3156 3093 20
3219 3037 3220 3104 ξ

632 3140 874 3235 γῶσαι
929 3131 1072 3236 γὰρ
1117 3132 1258 3239 ἔφη
1294 3132 1639 3230 διακενῆς,
1674 3130 2043 3237 ἐπιδείξειν
2079 3130 2156 3210 δὲ
2206 3165 2323 3211 και
2382 3132 2617 3216 αὐτοῖς
2673 3131 3042 3234 ἐπαγγέλ-

634 3267 858 3354 λεται,
908 3256 1414 3360 κατακορέσειν
1468 3289 1722 3358 ωσπερ
1777 3256 2013 3335 αὐτῶν
2066 3253 2200 3355 τὴν
2255 3257 2682 3337 ἀπ”θασον
2646 3255 2873 3360 οργὴν
2925 3255 3052 3336 διά

566 3402 612 3467 d
636 3384 764 3478 τῆς
828 3382 1053 3464 οὕτως
1116 3382 1420 3478 ε’λεεινῆς
1484 3376 1955 3479 ὑποτοπήσας
2032 3378 2217 3465 θέας·
2292 3378 2516 3479 μόνον
2574 3378 2651 3461 δὲ
2712 3382 2874 3487 οὐχι
2925 3385 3050 3461 καὶ

634 3509 1076 3584 καταιτιᾶται
1125 3501 1405 3602 λοιπὸν,
1443 3506 1539 3588 ὡς
1575 3509 1951 3610 φονῶντας
1995 3505 2278 3603 ἀδίκως,
2315 3506 2434 3584 καὶ
2484 3514 2697 3585 τοῦτο
2732 3506 2812 3586 ἐκ
2852 3507 3048 3610 παῤ·

632 3630 913 3734 ῥησίας,
953 3630 1069 3707 καὶ
1125 3625 1540 3735 ἀναφανδὸν
1596 3635 2037 3731 παρανομεῖν
2090 3626 2642 3731 ἀναγκάζοντας,
2680 3626 2906 3711 τὸν’
2849 3631 3052 3738 ιρπέρ
3079 3681 3110 3721 2
3117 3677 3154 3736 5
3213 3665 3214 3676 ¹

634 3756 794 3834 ἐστι
845 3759 991 3833 τῶν
1028 3752 1225 3834 ιδίων
1261 3748 1499 3850 νόμων
1538 3753 1666 3832 οὐκ
1713 3751 2080 3854 ἀζήμιος
2038 3789 2086 3853 η
2119 3751 2563 3856 παράβασις.
2640 3762 3052 3857 πληροῦται

636 3876 863 3978 γεμὴν
899 3880 1014 3959 ἐπὶ
1051 3879 1381 3985 Χριστῷ,
1418 3879 1535 3957 καὶ
1569 3874 1913 3976 ἀληθὲς’
1876 3877 2204 3982 υπάρχον
2240 3878 2490 3981 ὁρᾶται
2540 3914 2625 3960 το
2662 3878 3053 3982 εἰρημένον,

635 4001 745 4083 ὅτι
811 4014 855 4051 “
880 4002 1159 4108 ἔρχεται
1218 4003 1259 4081 6
1323 4000 1569 4106 ἅρχων
1643 4009 1772 4080 τοῦ
1846 3998 2129 4099 κόσμου
2203 4001 2482 4103 τούτου,
2548 4005 2667 4082 καὶ
2739 4005 2817 4082 ἐν
2888 4005 3051 4101 ἐμοὶ

634 4139 679 4176 “
715 4127 996 4230 εὑρήσει
1057 4126 1329 4207 οὐδέν.”
1409 4126 1610 4228 ἄθρει
1674 4125 1817 4229 γάρ
1881 4124 2080 4211 ὅπως
2146 4125 2295 4206 ἅνω
2363 4129 2482 4207 καὶ
2547 4124 2744 4208 κάτω
2807 4125 3054 4210 πάντα

634 4251 1070 4352 διακυκήσας
1107 4252 1148 4330 6
1184 4256 1527 4349 σατανᾶς,
1566 4247 1773 4330 οὐδὲν
1820 4248 2011 4335 ὅλως
2060 4250 2462 4353 ἀνευρίσκει
2510 4258 2660 4330 τῶν
2694 4253 3053 4353 ἐκβεβλη-
3083 4298 3160 4357 30

572 4419 607 4464 e
630 4377 865 4479 μένων
908 4373 1107 4478 παρὰ
1145 4380 1337 4455 Θεοῦ
1377 4378 1490 4454 καὶ
1530 4381 1627 4459 εἷς
1668 4373 1970 4474 δύναμιν
2007 4375 2357 4479 ἁμαρτίας
2394 4374 3054 4479 κατατεταγμένων,

710 4558 729 4595 1
747 4557 791 4594 ῐ.
828 4539 1028 4610 ὅμφιόν
1049 4561 1128 4593 τοι
1156 4539 1220 4593 Ε.
1442 4557 1522 4607 14.
1561 4539 1750 4596 εὐθέως
1777 4539 1841 4593 Ε.
2075 4540 2155 4593 16.
2194 4537 2523 4608 ἐπιτὴρησιν]
2551 4538 2878 4608 ἐπιχείρησιν
2901 4539 3050 4596 Catt-

634 4629 719 4667 21.
758 4612 841 4666 καὶ
866 4621 1205 4681 assumptum
1231 4629 1293 4665 ex
1325 4610 1386 4666 E.
1608 4629 1689 4677 24.
1731 4609 1895 4665 τούτω
1925 4610 1987 4665 Ε.
2206 4627 2294 4680 30.
2332 4631 2419 4679 γρ.
2448 4608 2800 4678 διακυκλῆσας
2827 4609 2869 4665 Ε
2892 4629 3010 4683 mg.
