3269 5166
237 378 340 420 vn
363 357 422 434 8,
448 377 509 442 9.
730 355 836 420 IN
886 352 1410 419 EPIs‘roLAM
1461 352 1589 417 AD
1644 352 2114 419 ROMANOS.
2498 356 2625 419 199

234 517 442 615 εἰδὼς,
498 521 614 599 καὶ
677 516 777 619 μὴ
841 516 1173 620 ποιήσας,
1229 516 1623 621 δαρήσεται
1680 517 1960 620 ὀλίγας.
2024 520 2281 599 οὐκοῦν
2337 517 2626 618 ἄμεινον
2650 543 2731 599 18
2761 542 2857 599 Π.

234 642 808 744 ὁμολογουμένως
863 642 948 722 τὸ
1002 645 1079 722 ἐν
1133 643 1390 749 ἀγνοίᾳ
1442 650 1921 742 πλημμελεῖν,
1980 640 2026 743 ἢ
2086 640 2170 723 τὸ
2228 644 2305 722 ἐν
2362 641 2628 743 εὶδήσει

233 763 479 864 νόμων.
548 773 604 847 εἶ
644 765 721 847 δὲ
755 766 844 867 δή
893 800 997 850 τις
1033 764 1326 869 γέγονεν
1364 764 1504 846 ὑπὸ
1555 766 1797 865 νόμον,
1833 765 1966 866 τὴν
2001 765 2144 873 ἔξω
2189 763 2413 866 νόμου
2454 763 2629 846 ποτὲ

232 886 562 990 διαζήσας
617 888 820 992 ζωὴν,
859 886 1011 970 εἶτα
1064 896 1210 970 τῶν
1252 888 1843 988 τεθεσπισμένων
1892 892 2207 996 ἀφειδεῖν
2261 890 2627 995 ᾑρημένος,

177 1025 210 1084 5
235 1012 380 1111 ἥλω
413 1020 666 1119 γραφῇ
715 1013 1065 1115 ἁμαρτίας
1102 1015 1220 1092 καὶ
1265 1011 1640 1093 πέπτωκεν
1675 1011 1814 1093 ὑπὸ
1847 1012 2081 1163 δίκην·
2141 1010 2308 1093 τότε
2345 1011 2432 1113 δὴ
2469 1012 2631 1093 τότε

233 1143 377 1221 ταῖς
428 1140 681 1218 ἑαυτοῦ
735 1137 1112 1245 ῥαθυμίαις
1154 1134 1721 1238 ἐπιστυγνάσας,
1759 1140 1875 1216 καὶ
1918 1141 2047 1236 τῆς
2092 1136 2459 1240 ἀκριβείας
2501 1144 2631 1217 τοῦ

234 1259 443 1359 νόμου
496 1296 879 1366 μονονουχι
928 1259 1527 1367 κατακεκράξεται
1578 1259 1816 1362 λεγων
1864 1258 2051 1364 Ἐγω
2098 1256 2169 1342 δὲ
2215 1261 2367 1370 ἔζων
2421 1296 2630 1365 χωρις

236 1385 415 1490 νόμου
467 1415 659 1466 ποτε·
728 1382 1039 1478 ἐλθουσης
1097 1379 1168 1465 δὲ
1222 1420 1338 1477 της
1395 1381 1655 1476 ‘'vv-0235
1694 1387 1729 1478 ἦ
1765 1387 2081 1494 ais-caprea.
2125 1383 2523 1494 ἀνέζησεν,’
2496 1419 2631 1487 εγω

236 1502 302 1587 δὲ
335 1507 676 1590 ἀπέθανον.
751 1511 810 1587 εἶ
847 1509 993 1611 γάρ
1029 1510 1233 1588 ἐστιν
1268 1509 1625 1606 ἀληθῶς
1591 1511 1909 1617 ampla.
1948 1506 2142 1618 νικρῖι
2176 1543 2380 1616 χωρις
2415 1508 2631 1614 νὸμου,

148 1657 214 1699 10
235 1637 377 1716 πῶς
428 1634 512 1712 οὐ
567 1632 874 1713 πιθανὸν
929 1635 1190 1712 ἐννοεῖν
1246 1629 1744 1733 ζωοποιεῖσθαι
1793 1628 2064 1734 τρόπον
2112 1630 2272 1712 τινὰ
2331 1629 2451 1712 διὰ
2504 1639 2635 1712 τοῦ

235 1754 443 1853 νόμου
490 1755 627 1854 τὴν
662 1757 1019 1860 ἁμαρτίαν
1052 1764 1183 1836 τοῦ
1218 1758 1337 1836 καὶ
1380 1757 1666 1862 ἐμφανῆ
1711 1752 2187 1839 καθιστάντος
2233 1753 2477 1857 αὐτὴν,
2516 1759 2634 1836 καὶ

234 1876 373 1958 οἷον
406 1878 725 1980 ἔμπνουν
762 1882 1307 1977 ἀποτελοῦντος,
1344 1881 1571 1960 καίτοι
1620 1879 1854 1963 πάλαι
1897 1877 1999 1979 μὴ
2054 1879 2535 1981 ἐγνωσμένην,
2575 1885 2634 1958 εἰ

235 2006 343 2084 καὶ
400 2001 489 2105 ἦν
545 2006 627 2084 ἐν
689 2004 905 2104 ἡμῖν,
996 2005 1082 2085 οὐ
1137 2002 1284 2106 γὰρ
1340 2002 1519 2104 ἦμεν
1579 2005 1858 2098 δίκαιοι,
1922 2002 2174 2107 ὥσπερ
2243 2004 2319 2084 δὲ
2383 2010 2634 2107 νεκρᾶς

235 2128 447 2223 οὔσης
481 2132 615 2229 τῆς
650 2129 1023 2231 ἁμαρτίας,
1051 2125 1170 2208 διά
1204 2162 1315 2208 τοι
1351 2127 1437 2207 τὸ
1470 2127 1573 2227 μὴ
1610 2123 1786 2208 εἶναι
1824 2125 2045 2232 τυχὸν
2080 2125 2209 2208 τὸν
2245 2127 2627 2209 καταδικά-

152 2273 214 2333 15
237 2248 432 2353 ζοντα
480 2249 728 2352 νόμον,
766 2254 804 2333 ἐ
839 2286 1029 2350 ωμεν
1063 2252 1260 2351 ἡμεῖς
1310 2255 1440 2349 τῆς
1488 2251 1784 2353 ἀγνοίας
1818 2246 1952 2350 τὴν
1987 2252 2427 2354 παραίτησιν
2463 2250 2630 2332 εὐά-

237 2376 598 2480 φορμον
544 2404 847 2481 εχονττς·
905 2385 950 2423 “
974 2377 1060 2456 οὗ
1110 2375 1256 2479 γὰρ
1292 2377 1421 2456 οὐκ
1456 2375 1615 2456 ἔστι
1661 2374 1898 2474 νόμος,
1938 2375 2100 2456 οὐδὲ
2148 2375 2631 2480 παράβασις,”
2660 2386 2860 2516 8212‘2
2845 2402 2913 2437 ¹*-

236 2498 411 2580 καθά
466 2508 707 2610 φησιν
761 2499 999 2586 αὐτός.
1082 2503 1269 2581 οὕτω
1322 2499 1835 2604 παρελθούσης
1889 2505 1985 2585 εἶς
2041 2501 2272 2601 μέσον
2327 2505 2456 2602 τῆς
2511 2504 2630 2582 ἐν·

235 2629 460 2723 τολῆς,
534 2626 801 2722 ἀνεβίω
871 2624 1002 2723 μὲν
1070 2623 1324 2728 ὥπερ
1393 2624 1439 2724 ἦ
1515 2626 1850 2727 ἁμαρτία,
1927 2626 2374 2728 κατηρτίσθη
2444 2624 2521 2707 δὲ
2598 2661 2639 2707 ο

237 2745 533 2834 θάνατος
572 2750 694 2828 καὶ
730 2747 872 2852 ἀρὰ
910 2750 1026 2829 καὶ
1063 2750 1224 2849 δίκη
1259 2755 1406 2829 τῶν
1441 2756 1595 2833 ταῖς
1633 2783 1739 2830 πα
1913 2746 1936 2772 ’
1991 2783 2149 2829 εσιν
2187 2748 2633 2831 ὖποπιπτόν·

152 2899 217 2940 20
238 2903 371 2950 των
430 2873 519 2980 ἐξ
568 2874 965 2957 ἀσθενείας.
1043 2877 1160 2953 καὶ
1214 2875 1294 2953 τί
1341 2872 1426 2954 τὸ
1476 2876 1846 2970 ἐντεῦθενς
1907 2874 2320 2976 πέπρακταί
2373 2908 2443 2954 τι
2497 2880 2643 2954 τῶν
2703 2920 2722 2937 ·

238 2994 513 3081 ἐλπίδος
569 2995 717 3102 ἔξω
773 3000 891 3077 καὶ
946 2995 1314 3097 ἀδοκήτων
1369 2998 1482 3104 ἐφ’
1518 2997 1713 3098 ἡμῖν·
1793 2998 2080 3097 εὕρηται
2132 2995 2278 3099 γὰρ
2336 3001 2370 3091 ἦ
2420 2998 2644 3092 ἐντολή

239 3123 458 3223 φησιν
512 3125 549 3215 ἦ
614 3124 909 3202 δοθεῖσα
965 3154 1149 3224 προς
1200 3119 1380 3230 ζωῆν,
1438 3120 1604 3214 αὕτη
1665 3128 1756 3207 εἰς
1813 3118 2111 3201 Omra-rw·
2192 3121 2444 3223 ὥσπερ
2494 3156 2640 3225 γαρ

241 3246 697 3326 κατασίνεταί
747 3278 902 3329 πως
954 3249 1084 3342 τῆς
1137 3244 1437 3344 ἡλιακῆς
1496 3247 1779 3330 ἀκτῖνος
1839 3278 1924 3324 το
1987 3250 2146 3351 φῶς
2209 3279 2375 3331 τους
2440 3244 2642 3348 οἵπερ

241 3360 322 3444 ἂν
354 3363 489 3448 εἷεν
532 3367 673 3468 τὴν
715 3366 896 3474 ὄψιν
930 3366 1527 3523 ἠῤῥωστηκότες,
1533 3370 1761 3448 καίτοι
1811 3364 2131 3474 πεφυκὸς
2181 3364 2356 3449 εἶναι
2405 3367 2642 3472 γλυκὺ

158 3520 223 3583 ²5
242 3491 350 3569 καὶ
381 3494 838 3595 τριπόθητον,
876 3494 995 3572 καὶ
1031 3492 1158 3571 οὐκ
1194 3488 1369 3572 αὐτο
1417 3489 1705 3575 πάντως
1742 3493 1900 3572 ἐστὶ
1937 3526 2021 3572 το
2058 3494 2367 3592 ἀδικοῦν,
2406 3499 2640 3573 νοοῖτο

244 3612 314 3693 δὲ
373 3623 669 3715 μᾶλλον
736 3619 862 3716 τῆς
925 3622 1072 3696 τῶν
1135 3613 1602 3696 πεπονθότων
1669 3616 2077 3720 ἀῤῥωστίας
2150 3615 2480 3718 ἔγκλημα
2554 3651 2641 3697 το

245 3739 634 3820 ἀδικεῖσθαι
685 3740 852 3841 παρ’
912 3739 1153 3818 αὐτοῦ·
1229 3737 1413 3819 κατὰ
1470 3772 1599 3820 τον
1658 3773 1820 3820 ισον
1875 3735 2069 3838 οἶμαι
2127 3738 2398 3842 τρόπον
2449 3741 2633 3843 πρό-

247 3865 469 3967 φασιν
503 3861 839 3943 διδόσθαι
887 3866 979 3968 τῇ
1028 3863 1341 3969 ἁμαρτία
1377 3865 1566 3970 φησὶ
1617 3859 1751 3962 τὴν
1785 3861 2106 3964 ἐντολὴν,
2141 3864 2651 3970 ἐξηπατῆσθαί

248 4016 316 4064 τε
351 3988 433 4066 δι’
472 3988 715 4088 αὐτῆς,
753 3990 1365 4085 κατακομισθῆναι
1417 3984 1494 4066 δὲ
1532 3987 1649 4065 καὶ
1689 3991 1786 4070 εἰς
1835 3984 2166 4069 θάνατον.
2226 3989 2406 4096 φαίη
2452 3989 2512 4068 δ’
2554 3989 2645 4067 ἅν

315 4206 366 4254 4.
398 4186 432 4259 ᾔ
497 4210 637 4262 μαψ
661 4187 788 4259 (oie)
807 4187 885 4315 8Β.
1440 4210 1470 4244 ν
1293 4187 1562 4260 ροφῆ.Α
1824 4187 1876 4243 6.
1914 4189 1999 4243 καὶ
2021 4198 2143 4279 post
2166 4190 2444 4279 μονονουχὶ
2466 4199 2642 4244 trans-

252 4259 396 4327 ponit
807 4257 1146 4328 ἃῶἐζησεν
1167 4259 1239 4314 A.
1257 4187 1558 4328 {supereum
1907 4276 1992 4314 10.
2030 4259 2223 4315 ἐννοειν
2318 4270 2369 4314 et

252 4330 544 4410 wan-ponit
565 4331 638 4385 A.
828 4347 912 4385 ια.
950 4329 1307 4388 ὸητελοῦπος
1329 4330 1399 4385 A.
1583 4344 1646 4397 15
1654 4328 2004 4401 ,εὐόφορμον
2027 4346 2091 4384 ex
2118 4331 2184 4385 A.
2279 4329 2378 4385 idit
2451 4348 2638 4385 tamer.

253 4406 303 4451 et
324 4399 396 4453 ita
418 4400 628 4471 Migne.
650 4400 953 4474 εὖόμορφον
977 4398 1125 4525 (tic)8
1130 4399 1249 4456 Cat.
1277 4401 1441 4455 altera
1464 4399 1609 4455 unde
1614 4344 1740 4454 ⁵Ed.
1913 4417 1936 4454 1
2031 4402 2123 4470 τῆς
2147 4401 2297 4455 δντολ
2299 4403 2389 4561 ἣςῖ
2382 4400 2455 4457 εἷς
2462 4400 2644 4524 μέσον

254 4465 456 4525 inverso
479 4470 669 4526 ordine
692 4471 761 4525 A.
1180 4469 1494 4595 temps-leon
1519 4472 1737 4540 Amas-⁷1
1817 4468 1904 4540 ’θη
1931 4414 2034 4526 ἐῖί.

254 4538 350 4606 ὅρα
374 4539 440 4594 Β.
466 4540 572 4596 Ed.
834 4557 922 4596 21.
959 4539 1182 4611 φησινῆ
1233 4541 1429 4611 πολι)
1415 4558 1627 4597 ωνοηο
1611 4492 1930 4596 orfflA.
2189 4554 2277 4612 25.
2317 4561 2411 4595 ουκ
2326 4470 2642 4611 qm]
2612 4541 2644 4592 ὅ

258 4608 357 4661 κατ’
381 4609 506 4665 αὐτὸ
530 4609 659 4680 (εἰσ)
684 4610 750 4666 Β.
1038 4611 1122 4666 28.
1160 4611 1406 4667 δεδόσθαι
1432 4612 1497 4666 A.
1787 4627 1871 4683 29.
1908 4608 1992 4682 δὲ]
2020 4632 2077 4666 τε
2101 4612 2169 4665 Α.
