3269 5166
370 438 628 506 [39M·]

433 1764 528 1820 40
559 1761 653 1820 Π.

677 342 807 407 232
923 341 1004 406 Β.
1049 341 1429 407 CYRILLI
1481 340 2014 407 ALEXANDR.
2068 340 2638 407 FRAGMENTA
2720 343 2805 407 ix.
2837 360 3044 425 14-24.

683 512 1009 592 Παῦλος·
1089 504 1284 589 θέλων
1318 506 1463 610 γάρ
1510 511 1745 613 φησιν
1791 516 1820 589 ὁ
1861 504 2034 592 Θαὶς
2089 501 2499 614 ἐνδείξασθαι
2555 505 2662 599 τῆν
2716 502 2912 614 ὄργῆν,
2946 507 3047 583 καὶ

677 629 770 710 τὰ
825 631 1012 738 ἑξῆς·
1069 630 1491 731 πεπλάνητο
1535 630 1581 729 ἦ
1626 630 1991 728 σύμπασα
2045 633 2142 732 γῆ
2198 627 2382 710 κατά
2435 665 2520 732 γε
2579 629 2741 714 τοὺς
2798 629 3046 709 ἄνωθεν

676 755 780 834 ἔτι
827 753 1135 858 καιρούς·
1211 759 1276 834 οἱ
1333 752 1464 853 μὲν
1498 751 1641 855 γὰρ
1676 760 1768 858 τῇ
1823 753 2051 834 κτίσει
2106 754 2696 854 λελατρεύκασιν,
2729 760 2800 834 οἱ
2852 752 2926 833 δὲ
2972 748 3045 831 τὸ

675 881 931 957 δοκοῦν
979 879 1345 958 ἐποιοῦντο
1400 877 1655 971 σε’βας·
1733 875 2071 977 κέκληται
2127 876 2207 956 δὲ
2261 874 2474 974 μόλις
2528 882 2628 962 εἰς
2680 877 3048 978 ἐπίγνωσιν

673 999 1016 1101 Ἀβραὰμ,
1072 1002 1302 1106 ἀνέφυ
1354 1035 1430 1080 τε
1489 1003 1676 1080 οὕτω
1729 1000 1815 1080 τὸ
1870 998 1960 1106 ἐξ
2009 1001 2227 1080 αὐτοῦ
2275 999 2510 1103 γε’νος,
2555 1007 2710 1086 ταῖς
2747 1006 2844 1084 εἷς
2879 997 3098 1082 Θεόνε

679 1123 1036 1225 λατρείαις
1073 1125 1615 1226 προσκείμενον.

785 1246 1081 1346 Ἐπειδὴ
1136 1246 1211 1326 δὲ
1266 1250 1383 1326 καὶ
1429 1248 1628 1326 αὐτοὶ
1671 1245 2085 1347 κατέβησαν
2121 1250 2220 1330 εἷς
2256 1246 2648 1349 Αἴγυπτον,
2688 1243 2842 1326 εἶτα
2888 1244 3039 1350 χρό-

678 1405 839 1455 νους
875 1373 952 1449 ἐν
987 1372 1165 1476 αὐτῇ
1215 1370 1712 1476 διατετρίφασι
1760 1369 2096 1472 μακροὺς,
2135 1369 2599 1450 κατῶλισθον
2634 1375 2731 1455 εἶς
2767 1370 3043 1468 ἀπάτην,

678 1498 794 1573 καὶ
844 1500 990 1577 τοῖς
1034 1494 1401 1597 ἐγχωρίοις
1445 1481 1972 1598 λελατρεύκασι
2010 1499 2218 1576 θεοῖς·
2292 1494 2463 1573 ἀλλ’
2503 1493 2850 1593 ἐμέμνητο
2883 1491 3046 1574 Θεὸς

678 1624 824 1696 τῶν
877 1623 1023 1701 τοῖς
1086 1615 1451 1719 πατράσιν
1503 1616 2080 1719 ἐπηγγελμένων·
2160 1620 2277 1697 καὶ
2337 1618 2880 1721 προκεχείριστο
2936 1613 3047 1714 μὲν
3071 1647 3126 1689 10

679 1745 774 1824 εἱς
830 1738 1252 1838 ἀποστολὴν
1307 1742 1348 1819 ὁ
1397 1743 1749 1839 Μωυσῆς,
1806 1740 1924 1819 ἵνα
1978 1743 2106 1839 τῆς
2161 1741 2485 1823 δουλείας
2542 1742 2887 1845 ἀπολύσῃ
2938 1736 3047 1818 τὸν

677 1862 1006 1966 Ἰσραήλ·
1081 1862 1250 1942 ἀλλ’
1308 1860 1398 1963 ἦν
1453 1867 1839 1966 ἀναγκαῖον
1895 1866 2013 1943 καὶ
2067 1870 2217 1948 τοῖς
2272 1863 2736 1962 καλουμένοις
2791 1869 2885 1947 εἷς
2933 1861 3045 1961 τὴν

681 1986 799 2068 ὑπ’
839 1988 1031 2095 αὐτῷ
1087 1988 1426 2089 λατρείαν
1479 1991 1596 2065 καὶ
1653 1994 1840 2067 πᾶσι
1895 1993 2043 2071 τοῖς
2085 1990 2202 2067 ἐπὶ
2249 1990 2405 2090 γῆς,
2442 1985 2527 2067 τὸ
2574 1986 2679 2087 μὴ
2717 1986 3046 2068 πυθεῖτθαι

676 2107 898 2209 μόνον
943 2110 1052 2190 ὅτι
1093 2109 1590 2216 πεφανέρωται
1629 2108 1747 2189 διὰ
1800 2109 2082 2215 χρόνων
2116 2116 2411 2214 μακρῶν
2448 2113 2489 2190 ὃ
2527 2118 2672 2191 τῶν
2708 2110 3046 2214 Ἑβραίων

681 2232 889 2331 Θεὸς,
925 2232 1127 2312 ἀλλὰ
1181 2232 1324 2336 γὰρ
1381 2235 1499 2313 καὶ
1553 2241 1711 2317 ταῖς
1770 2232 2135 2336 ὑπεράγαν
2170 2235 2705 2336 τερατουργίαις
2740 2266 3038 2338 προσεμ·
3071 2260 3126 2321 15

676 2359 1071 2436 πεδοῦσθαι
1129 2363 1225 2441 εἰς
1279 2354 1411 2457 τὴν
1448 2357 1562 2436 ὑπ’
1602 2357 1795 2464 αὐτῷ
1846 2356 2100 2437 πίστιν
2135 2361 2248 2437 καὶ
2306 2355 2547 2465 δόξαν,
2585 2356 2697 2437 ὅτι
2747 2355 2847 2456 μὴ
2888 2350 3048 2435 κατὰ

677 2478 842 2562 τοὺς
894 2479 1166 2564 ἄλλους
1213 2483 1372 2560 ἐστὶ
1428 2477 1631 2563 θεοὺς
1685 2477 1973 2587 ἄφωνός
2028 2515 2105 2560 τε
2162 2484 2278 2560 καὶ
2327 2477 2669 2579 ἀναλκής·
2754 2485 3040 2581 πηδαλι·

678 2610 877 2708 ουχεῖ
913 2602 988 2683 δὲ
1033 2611 1324 2702 μᾶλλον
1370 2604 1455 2685 τὸ
1509 2603 1813 2704 σύμπαν
1863 2603 2096 2702 αὐτὸς,
2133 2607 2251 2684 καὶ
2309 2603 2420 2685 ὅτι
2473 2612 2623 2689 τοῖς
2675 2602 3044 2707 ἀντιπράτ-

677 2760 888 2806 τουσι
936 2735 1084 2812 τοῖς
1128 2729 1345 2808 αὑτοῦ
1397 2728 1699 2826 νεύμασι
1750 2728 2387 2828 κατασκήπτουσιν
2423 2729 2658 2829 ὀργαί.
2732 2729 2901 2809 ἀλλ
2934 2725 3051 2807 ἔδει

677 2847 902 2931 πάλιν
945 2859 1439 2954 τερατουργεῖν
1487 2847 1834 2932 ἐθέλοντα
1885 2852 2014 2931 τὸν
2052 2849 2244 2931 Θεον
2290 2852 2715 2958 ευαφόρμως
2767 2855 3050 2955 ὁρᾶσθαι
3070 2879 3130 2922 ²0

677 2973 862 3078 πρὸς
915 2984 1128 3055 τοῦτο
1183 2976 1404 3057 ἰόντα·
1484 2973 1947 3081 ἑξεγήγερται
1983 2974 2222 3055 τοίνυν
2258 2977 2299 3054 ὁ
2337 2975 2606 3078 Φαραω
2647 2975 2835 3077 πρὸς
2868 2971 3045 3053 ἀντί-

676 3133 951 3178 στασιν
988 3104 1461 3197 οἰκονομικῶς,
1489 3102 1607 3178 καὶ
1643 3097 2261 3202 κατεσκληρύνετο
2295 3102 2423 3198 τῆς
2459 3101 2650 3183 θείας
2687 3095 3046 3197 δυνάμεως·

675 3222 1009 3327 ταύτῃτοι
1081 3220 1457 3323 ἐκολάζετο
1526 3223 1654 3302 οὐκ
1711 3223 1992 3307 ἀδίκως·
2084 3219 2376 3307 ἀνόσιός
2431 3256 2510 3302 τε
2574 3221 2723 3324 γὰρ
2797 3220 2886 3321 ἦν
2951 3219 3052 3297 καὶ

678 3345 1227 3449 εἰδωλολάτρης,
1258 3343 1664 3453 κατῃκίζέτό
1702 3380 1777 3425 τε
1811 3351 2029 3453 πηλῷ
2065 3348 2180 3425 καὶ
2214 3346 2549 3426 πλινθεία
2581 3345 2712 3425 τὸν
2747 3340 3052 3448 Ἰσραὴλ,

678 3470 796 3546 καὶ
850 3467 1120 3567 μισθὸν
1173 3470 1410 3552 αὐτοῖς
1466 3467 1826 3571 ἐπήρτησε
1878 3467 2126 3548 πόνον·
2208 3466 2317 3549 διο
2371 3472 2490 3548 καὶ
2542 3476 2803 3553 σκεῦος
2856 3466 3053 3569 ὀργῆς·
3074 3487 3136 3550 ²5

680 3592 1189 3694 κεχρημάτικεν
1224 3592 1650 3693 ἀναγκαίως,
1692 3594 1809 3671 καὶ
1846 3592 2285 3694 κατήρτιστο
2319 3597 2416 3677 εἶς
2452 3591 2838 3690 ἀπώλειαν,
2859 3620 3045 3671 τουτ-

680 3712 880 3793 έστιν
944 3721 1041 3799 εὶς
1113 3726 1326 3797 τοῦτο
1391 3713 1850 3821 φαυλότητος
1917 3716 2224 3816 διήλασε
2289 3715 2595 3819 τρόπων,
2658 3720 2758 3801 ὡς
2820 3720 3051 3796 σκεῦος

680 3832 854 3916 εἶναι
890 3837 1219 3920 λοιπον’
1185 3843 1405 3942 οργῆς
1442 3872 1518 3919 τε
1554 3874 1671 3919 και
1710 3841 2095 3923 ἀπωλείας.
2170 3839 2400 3947 τούτῳ
2438 3839 2624 3923 Θεὸς
2658 3832 3048 3944 προσεχρή-

680 3992 871 4038 σατο
906 3961 1086 4063 πρὸς
1125 3964 1418 4071 ενδειξιν
1454 3968 1610 4111 *1735*m
1614 3963 1916 4063 ἐνούσης
1954 3963 2207 4068 ἰσχύος
2243 3965 2433 4043 ain*
2435 4025 2455 4060 ‚
2482 3963 2598 4042 ἵνα
2628 3956 3039 4074 διαγγελῇ
2990 3994 3051 4037 το

682 4120 889 4190 ονομα
938 4086 1154 4166 αὐτοῦ
1204 4089 1263 4168 ἐν
1297 4085 1493 4177 ποία-η
1528 4123 1605 4176 τη
1640 4123 1752 4202 γη,
1788 4122 1903 4167 και
1957 4122 2069 4167 ινα
2114 4085 2368 4168 παθων
2406 4087 2618 4172 αὐτος
2670 4090 2896 4190 ορῶτο
2942 4086 3054 4163 τοῦ
3075 4108 3138 4168 30

756 4362 803 4400 1.
839 4349 870 4400 ὁ
896 4347 1013 4405 θεὸς
1034 4365 1141 4403 om.
1169 4351 1237 4406 A.
1416 4369 1465 4406 2.
1501 4350 1828 4424 πεπλάνητο]
1854 4353 2170 4422 πεπλάνηται
2196 4354 2298 4425 γὰρ
2325 4354 2392 4408 Α.
2600 4369 2682 4422 13.
2719 4351 2803 4407 ὑπ’
2828 4352 2971 4406 αὑτὸν
2990 4346 3049 4400 Α·

685 4434 767 4483 14.
804 4420 834 4471 ὀ
859 4429 1197 4508 assumptum
1221 4439 1285 4511 οξ
1311 4423 1379 4477 A.
1917 4438 1998 4495 15.
2035 4424 2167 4494 ἄγαν
2190 4428 2257 4478 Α.
2335 4422 2527 4477 Statim
2551 4421 2970 4491 θαυματουργίαις
2988 4417 3047 4470 A·

686 4486 768 4543 16.
804 4487 890 4542 ὑπ’
914 4490 1068 4545 αὑτὸν
1092 4490 1158 4544 Α.
1185 4492 1263 4547 επ’
1290 4494 1424 4565 αὑτῶ
1452 4494 1659 4581 Migne.
1895 4510 1975 4559 17.
2014 4495 2223 4551 ἄναλκις
2247 4496 2316 4548 Α.
2548 4510 2633 4560 24.
2672 4493 2894 4560 κατ-ηκιζε
2916 4488 3048 4544 ⁴rest·

679 4561 750 4629 τῷ
774 4562 924 4632 πηλῷ
952 4563 1035 4615 καὶ
1059 4564 1121 4630 τῇ
1148 4563 1216 4617 Α.
1434 4578 1518 4631 25.
1555 4564 1803 4634 επὴρτισε
1830 4567 1899 4619 Α.
2113 4581 2202 4635 30.
2239 4564 2416 4619 παθὼν
2441 4564 2507 4618 Α.
2533 4563 2717 4619 παθεῖν
2741 4563 2840 4619 Ed.
