3269 5166
254 350 292 415 i.
322 371 414 431 10,
443 372 540 439 13.
637 351 745 417 IN
788 350 1307 417 EPISTOLAM
1354 352 1408 415 Ι.
1464 351 1590 414 AD
1646 349 2276 416 CORINTHIOS..
2499 352 2624 414 251

2813 453 2888 501 M.

249 513 483 620 ἀρχὰς,
548 514 840 620 θρόνους
919 551 994 596 τε
1068 519 1180 596 καὶ
1257 516 1591 624 ἐξουσίας
1678 519 1794 594 καί
1880 515 2335 622 ἁπαξαπλῶς
2411 520 2628 594 εἰπεῖν
2677 452 2788 518 [⁴9
2916 455 2938 519 1

245 644 483 719 πᾶσαν
536 641 773 726 κτίσιν
828 641 1149 743 λογικήν.

234 862 387 931 Ἠτε
434 867 506 934 δὲ
561 871 1058 958 κατηρτισμένοι
1110 870 1181 934 ἑν
1231 871 1327 953 τῷ
1381 868 1563 953 αὐτῷ
1618 862 1720 933 νοῒ
1773 866 1878 931 καὶ
1920 867 1992 932 ἐν
2040 873 2121 957 τῷ
2168 868 2333 958 αὐτῇ
2384 866 2627 957 Γνώμη.
2665 909 2738 948 10

338 1026 512 1109 ι’Ότι
564 1029 859 1128 ὀνόματι
894 1035 998 1138 τῷ
1044 1033 1449 1137 δεσποτικῷ
1487 1028 2156 1127 κατασεμνύνεσθαι
2193 1031 2358 1125 δεῖν,
2397 1030 2628 1127 ἀναγ-

191 1191 222 1251 5
247 1159 433 1235 καῖον
479 1152 569 1254 ἦν
618 1154 768 1255 ἅμα
823 1158 941 1235 καὶ
997 1155 1239 1262 σοφὸν
1296 1156 1708 1251 ἀναπεῖσαι,
1776 1153 2013 1254 λέγων
2072 1149 2284 1236 αὐτὸς
2341 1153 2426 1231 δι’
2479 1149 2632 1235 ἑνὸς

245 1282 382 1355 τῶν
414 1279 639 1381 ἁγίων
671 1285 1071 1385 προφητῶν
1125 1288 1169 1327 “
1198 1283 1375 1362 Τοῖς
1419 1278 1495 1358 δὲ
1541 1275 1975 1358 δουλεύουσί
2017 1310 2140 1375 μοι
2189 1273 2632 1375 κληθήσεται
2659 1307 2968 1368 Ea.1xv.15‚

246 1412 287 1448 “
317 1400 539 1503 ὄνομα
594 1402 858 1502 καινὸν,
919 1402 959 1483 ὃ
1004 1400 1573 1504 εὖλογηθήσεται
1621 1404 1738 1482 ἐπὶ
1781 1405 1908 1501 τῆς
1954 1398 2155 1501 γῆς””
2234 1402 2634 1504 χριστιανοὶ
2667 1372 2741 1421 '⁶'

245 1522 377 1628 γὰρ
434 1526 947 1626 ὠνομάσμεθα,
1016 1530 1133 1606 καὶ
1208 1525 1291 1605 τὸ
1362 1524 1588 1624 ὄνομα
1665 1523 1750 1605 τὸ
1814 1523 2056 1604 καινὸν
2118 1520 2626 1623 πεπλουτήκα-

242 1683 384 1748 μεν,
419 1652 503 1731 οὗ
540 1652 824 1736 δικαίως
859 1651 1284 1754 ἐστέρηνταί
1325 1684 1507 1733 τινες
1551 1655 1699 1729 τῶν
1743 1650 1981 1751 ὀρθῶν
2027 1650 2154 1746 τῆς
2191 1648 2635 1747 Ἐκκλησιάς

157 1806 220 1846 10
243 1777 785 1882 ἀποφοιτῶντες·
883 1780 1001 1856 καὶ
1085 1775 1594 1877 προσκείμενοι
1685 1772 2050 1872 πνεύμασι
2132 1772 2437 1856 πλάνοις
2519 1772 2636 1851 καὶ
2666 1803 2686 1837 1
2715 1789 2845 1839 Tim·
2870 1790 2936 1839 iv-

242 1899 545 1981 ἀνοσῖων
624 1907 838 1980 τινῶν
913 1895 1611 2007 ψευδοδιδασκάλων
1691 1904 2168 2000 τερατισμοΐς,
2242 1894 2326 1974 τὸ
2403 1896 2637 1975 αὐτῶν
2667 1870 2708 1905 ¹⁸

242 2021 638 2128 ἐσχήκασιν
675 2024 922 2121 ὄνομα,
962 2025 1081 2104 καὶ
1132 2023 1337 2120 μάλα
1381 2019 1691 2106 εἰκότως·
1769 2022 1854 2100 οὐ
1908 2018 2052 2122 γὰρ
2088 2023 2231 2099 εἰσὶ
2281 2028 2408 2099 τοῦ
2443 2024 2628 2122 Χρι-

243 2156 441 2246 στοῦ,
500 2147 640 2249 τὴν
695 2151 846 2228 κατ’
887 2150 1105 2228 αὐτοῦ
1161 2147 1583 2249 δυσφημίαν
1626 2144 2112 2248 μερισάμενοι,
2153 2147 2266 2223 καὶ
2323 2149 2423 2228 εἰς
2477 2148 2633 2223 δια-

243 2270 497 2376 φόρους
541 2272 763 2380 δόξας
814 2307 889 2352 τε
930 2273 1047 2352 καὶ
1082 2271 1374 2373 γνώμας
1425 2269 2006 2376 κατεσχισμένοι,
2044 2270 2273 2348 καίτοι
2309 2272 2642 2370 Χριστοῦ

160 2419 220 2476 15
243 2393 396 2480 τοὺς
446 2396 666 2480 ἰδίους
722 2395 1149 2497 κεκληκότος
1205 2398 1280 2474 ἐν
1337 2392 1599 2499 εἰρήνῃ.
1678 2396 1794 2472 καὶ
1848 2391 1957 2473 ὅτι
2012 2389 2110 2475 εἷς
2157 2392 2356 2491 ἔστιν
2406 2390 2642 2489 αὐτὸς,
2665 2401 2809 2528 {gfff
2832 2400 2917 2448 ‘'fi-

244 2519 350 2598 καὶ
412 2522 495 2600 οὐ
565 2520 1014 2624 μεμέρισται·
1103 2519 1178 2600 ἓν
1244 2520 1368 2600 οὖν
1431 2525 1496 2599 οἱ
1559 2518 1826 2603 πάντες
1891 2515 2110 2615 ἐσμὲν
2172 2518 2248 2596 ἐν
2312 2520 2639 2624 Χριστῷ,
2665 2503 2810 2581 Ῑηὲῑα
2829 2546 2936 2580 ver.

245 2644 773 2746 κατηρτίσμεθά
827 2679 904 2724 τε
959 2644 1140 2748 πρὸς
1196 2653 1406 2724 τοῦτο
1456 2646 1515 2725 ἐν
1561 2652 1655 2752 τῷ
1711 2649 1890 2750 αὐτῷ
1943 2638 2028 2722 νοῗ
2088 2648 2207 2721 καὶ
2250 2640 2308 2721 ἐν
2345 2643 2423 2748 τῇ
2477 2646 2640 2752 αὐτῇ
2669 2613 2747 2662 ¹³⁰

243 2769 483 2885 γνώμῃ,
523 2767 907 2853 συνδέντος
943 2770 1129 2868 ἡμᾶς
1169 2774 1265 2852 εἰς
1304 2768 1721 2873 ὁμοψυχιάν
1757 2767 1921 2845 καθ’
1953 2765 2212 2846 ἕνωσιν
2248 2762 2381 2864 τὴν
2415 2798 2635 2846 πνευ-

243 2893 537 2993 ματικὴν
595 2901 724 2974 τοῦ
778 2897 940 2996 περὶ
996 2892 1201 2992 ἡμῶν
1244 2893 1585 2993 λέγοντος
1630 2893 1734 2998 τῷ
1771 2894 1936 2998 Θεῷ
1981 2892 2097 2968 καὶ
2141 2889 2383 2990 Πατρί
2416 2883 2638 2967 Θέλω

158 3050 220 3090 20
243 3012 480 3121 ὥσπερ
535 3016 685 3118 ἐγὼ
741 3022 856 3097 καί
912 3016 1012 3098 σὺ
1060 3017 1136 3097 ἕν
1181 3017 1425 3117 ε’σμεν,
1473 3015 1699 3099 οὕτως
1755 3024 1799 3060 “
1829 3016 1947 3092 καὶ
1988 3014 2187 3092 αὐτοὶ
2234 3015 2309 3091 ε’ν
2360 3012 2527 3110 ἡμῖν
2563 3010 2638 3091 ἓν
2665 2998 2893 3114 {355022'

245 3152 284 3187 “
316 3139 565 3223 ὦσιν.”

292 3386 699 3477 Μεμὲρισται
754 3388 790 3454 ὀ
844 3388 1169 3476 Χριστόε;
1242 3386 1330 3462 μή
1386 3385 1642 3449 Παῦλος
1695 3380 2080 3470 ἐσταυρώθη
2137 3379 2301 3469 ὑπὲρ
2356 3380 2578 3461 ὑμῶν,
2675 3406 2746 3463 13

349 3558 437 3632 Εἰ
500 3552 741 3654 ἕτερος
808 3548 934 3632 τὸν
1000 3549 1176 3653 ὑπὲρ
1243 3550 1446 3649 ἡμῶν
1504 3547 1770 3648 ἀνέτλη
1836 3545 2177 3649 σταυρὸν,
2240 3548 2457 3625 αὐτοῦ
2526 3550 2642 3624 καὶ

246 3676 642 3778 λεγώμεθα·
704 3677 817 3754 καί
869 3680 929 3754 εἰ
982 3673 1539 3770 βεβαπτῖσμεθα
1593 3669 1814 3775 τυχὸν
1850 3676 1948 3755 εἰς
2003 3668 2136 3770 τὴν
2172 3668 2409 3771 ἑτέρου
2467 3673 2641 3766 κλῆ-

160 3832 222 3891 ²5
246 3832 385 3897 σιν,
437 3803 698 3884 ἐκεῖνος
756 3798 939 3897 ἡμᾶς
991 3798 1229 3903 ἐχέτω,
1271 3800 1388 3876 καὶ
1446 3792 1663 3875 αὑτὸν
1717 3791 2287 3901 ἐπιγραψῶμεθα
2342 3796 2637 3890 σωτῆρα

247 3926 353 4002 καὶ
388 3920 785 4028 λυτρωτήν·
851 3928 911 4001 εἰ
944 3921 1029 4001 δέ
1056 3932 1101 3968 “
1126 3919 1452 4024 Χριστὸς
1489 3918 1839 4033 ἀπέθανεν
1877 3916 2053 4019 ὑπὲρ
2089 3922 2234 3995 τῶν
2269 3917 2637 4016 ἁμαρτιῶν
2663 3945 2807 3994 Infra
2829 3962 2907 3994 xv.
2931 3960 2978 4007 3.

246 4056 285 4092 ‘⁴
314 4047 569 4147 ἡμῶν,”
625 4051 740 4126 καὶ
789 4047 983 4153 αὐτῷ
1033 4047 1150 4124 καὶ
1197 4044 1393 4151 μόνῳ
1430 4041 1984 4141 συντεθάμμεθα
2029 4052 2072 4088 “
2102 4039 2218 4121 διὰ
2254 4048 2382 4118 τοῦ
2429 4048 2626 4133 βαπ-
2664 4061 2754 4114 50
2788 4057 2882 4144 M:

247 4180 286 4217 “
320 4174 666 4268 τίσματος
710 4176 804 4256 εἰς
842 4169 968 4250 τὸν
1004 4167 1373 4265 θάνατον,”
1425 4170 1854 4263 πλουτείτω,
1898 4169 2108 4272 φησὶ,
2145 4163 2313 4248 τοὺς
2367 4164 2633 4265 ἠγορα·
2667 4137 2810 4184 R⁰¹¹¹'
2835 4149 2900 4181 π
2929 4145 2978 4191 ⁴⁰

247 4294 542 4392 σμένους
578 4294 817 4379 αὐτός·
900 4294 1347 4389 σεσώσμεθα
1380 4291 1523 4395 γὰρ
1562 4292 1649 4371 δι’
1690 4292 1908 4371 αὐτοῦ
1946 4323 2020 4369 τε
2060 4293 2175 4367 καὶ
2213 4290 2377 4390 παρ’
2420 4287 2639 4365 αὐτοῦ

161 4458 223 4514 30
252 4418 624 4505 τεθεικότος
665 4418 840 4521 ὑπὲρ
879 4419 1079 4517 ἡμῶν
1116 4414 1246 4515 τὴν
1283 4417 1465 4496 ἰδίαν
1503 4413 1777 4521 ψυχήν.

696 4598 777 4653 18.
814 4594 1088 4652 συνθέντος
1112 4595 1271 4650 babet
1296 4596 1363 4650 A.
1391 4595 1697 4652 συνδέοντος
1721 4591 1966 4649 emendat
1993 4591 2198 4661 Migne.

1341 4698 1383 4741 x
1417 4679 1460 4742 k
1493 4697 1528 4743 2
