3269 5166
629 359 761 424 216
856 358 932 424 Β.
982 357 1358 425 CYRILLI
1402 357 1930 424 ALEXANDR.
1981 357 2546 424 FRAGMENTA
2632 357 2766 424 viii.
2800 378 2899 445 19,
2927 376 3032 424 20.

311 471 422 537 [28
447 470 571 538 M.]

530 620 601 679 19
644 597 729 661 ‘H
787 594 907 686 τὰρ
962 595 1460 685 ἀποκαραδοκία
1514 603 1629 663 τῆς
1686 596 1959 662 κτίσεως
2011 594 2130 662 τὴν
2186 595 2601 675 ἀποκάλυψιν
2654 595 2790 662 τῶν
2846 591 3004 660 υἰῶν

1407 727 1521 787 τοῦ
1577 720 1747 788 Θεοῦ
1803 722 2253 809 ἀπεκδέχεται.

740 888 1307 998 Ἀποκοιραδοκίαι
1355 893 1486 992 μέν
1523 895 1725 973 ἐστιν
1762 894 1805 993 ἡ
1848 897 2072 992 ἐλπὶς,
2111 896 2227 974 καὶ
2266 894 2311 993 ἦ
2351 897 2475 993 τῆς
2512 899 2656 973 τῶν
2690 888 3033 994 πραγμά-

630 1051 776 1097 των
809 1014 1171 1109 ἐκβάσεως
1207 1019 1610 1121 προσδοκία
1645 1051 1724 1096 τε
1760 1019 1877 1095 καὶ
1911 1016 2348 1121 ἐπιτήρησις·
2409 1016 2763 1120 ἐκδέχεται
2802 1012 3032 1117 γεμῇν

634 1140 678 1239 ἡ
718 1139 948 1225 κτίσις
992 1137 1098 1234 τὴν
1132 1135 1602 1246 ἀποκάλυψιν
1637 1139 1759 1221 τῶν
1801 1139 2065 1221 τέκνων
2099 1143 2209 1221 ro&
2246 1143 2439 1232 Θεοῦ,
2481 1142 2608 1220 οὐκ
2655 1138 2835 1239 αὐτή
2887 1174 3031 1219 που
3055 1159 3092 1217 5

630 1263 918 1349 πάντως
953 1269 1172 1345 εἰδυῖα
1205 1264 1290 1345 τὸ
1327 1260 1690 1362 ἐσόμενον,
1726 1271 1881 1349 πῶς
1917 1262 2062 1369 γὰρ
2098 1262 2141 1365 ἢ
2179 1262 2401 1345 πόθεν
2431 1298 2452 1362 ;
2517 1266 2685 1342 ἀλλ’
2728 1264 2838 1343 ὅτι
2873 1271 3031 1346 ταῖς

632 1386 1058 1492 ἀποῤῥήτοις
1116 1386 1539 1486 οἰκονομίαις
1597 1395 1728 1467 τοῦ
1788 1385 2026 1467 πάντα
2082 1387 2717 1491 μεταρυθμίζοντος
2784 1392 2883 1471 εἷς
2941 1388 3029 1466 τὸ

633 1510 919 1610 ἄμεινον
954 1517 1169 1607 Θεοῦ,
1206 1508 1387 1615 πρὸς
1437 1519 1652 1591 τοῦτο
1690 1509 1843 1618 ἥξει
1899 1511 1985 1590 τὸ
2039 1509 2273 1594 τέλος·
2335 1512 3030 1608 μεταπλαττομένων

632 1634 777 1736 γὰρ
812 1633 1061 1738 ὥσπερ
1097 1640 1194 1719 εἷς
1243 1632 1465 1741 δόξαν
1503 1634 1593 1742 ἐξ
1626 1634 1927 1731 ἀτιμίας,
1965 1637 2081 1714 καὶ
2128 1637 2207 1714 ἐκ
2255 1641 2530 1741 φθορᾶς
2580 1641 2677 1719 εἷς
2728 1636 3021 1739 ἀφθαρ-

631 1758 821 1855 σίαν,
878 1765 1024 1839 τῶν
1079 1767 1207 1838 τοῦ
1265 1763 1457 1838 Θεοῦ
1524 1761 1809 1857 τέκνων,
1868 1758 2200 1839 τουτέστι
2253 1765 2399 1837 τῶν
2463 1757 2594 1858 τὴν
2658 1756 3030 1854 εὐδόκιμον
3062 1787 3141 1830 10

630 1880 1203 1986 κατωρθωκότων
1239 1880 1444 1985 ζωὴν,
1482 1885 1596 1961 καὶ
1654 1879 1832 1982 αὐτή
1882 1917 2024 1962 που
2058 1882 2347 1968 πάντως
2383 1881 2428 1981 ἡ
2466 1883 2699 1965 κτίσις
2747 1887 3022 1985 μεθαρ-

628 2006 1079 2107 μοσθήσεται
1132 2005 1313 2106 πρὸς
1366 2003 1452 2086 τὸ
1508 2005 1815 2101 ἄμεινον·
1903 2007 2020 2086 καὶ
2078 2004 2260 2110 πρός
2320 2041 2406 2108 γε
2467 2014 2682 2114 τοίξτο
2745 2006 2933 2106 ἡμᾶς
2989 2006 3031 2084 ό

298 2163 325 2197 2
351 2148 402 2197 S·
421 2148 533 2198 Pet.
630 2130 1017 2213 θεσπέσιος
1084 2128 1361 2232 Πέτρος
1425 2128 1796 2232 ἐνδοιάζειν
1858 2131 1987 2209 οὐκ
2053 2132 2137 2236 ἐᾷ
2204 2129 2422 2210 εἰπὼν
2486 2130 2597 2209 ὅτι
2660 2140 2705 2177 “
2745 2127 3031 2213 καινοὺς

292 2228 470 2278 m.13.
631 2263 674 2301 ‘⁶
711 2252 1050 2356 οὐρανοὺς
1124 2256 1240 2333 καὶ
1316 2252 1566 2352 καινὴν
1641 2258 1781 2357 γῆν
1854 2255 1972 2334 καὶ
2044 2255 2137 2334 τὰ
2212 2252 2730 2357 ἐπαγγέλματα
2808 2256 3031 2334 αὐτοῦ

630 2388 673 2425 “
708 2375 1296 2481 προσδοκῶμεν.”
3062 2405 3138 2465 15

417 2639 494 2680 20
514 2641 598 2702 sq.
1113 2609 1211 2700 Τῷ
1269 2608 1389 2700 τὰρ
1442 2610 1832 2685 ματαιότητι
1885 2610 1923 2673 ιῖι
1985 2609 2184 2676 κτίσις
2237 2610 2547 2684 ὑπετάΓΗ.

722 2781 1197 2881 Ματαιότητα
1222 2779 1471 2862 ἐνθάδε
1507 2785 1698 2889 φησὶ
1734 2781 1896 2866 τοὺς
1930 2781 2194 2885 ζῶντας
2230 2784 2305 2861 ἐν
2338 2781 2771 2888 ματαιότητι,
2805 2813 3027 2859 τουτ-

625 2903 825 2984 έστιν
861 2906 938 2983 ἐν
974 2903 1378 3009 φρονήματι
1427 2911 1776 3012 σαρκικῷ·
1869 2909 2031 3009 περὶ
2073 2904 2173 2985 ὧν
2206 2903 2295 2986 ἂν
2333 2902 2616 3006 λε’γοιτο
2659 2906 2776 2981 καὶ
2824 2902 3032 2999 μάλα

288 3057 602 3121 Pmcxliim.
625 3027 908 3113 εἰκότως
957 3038 1001 3075 “
1024 3027 1460 3132 Ἀνθρωπος
1509 3026 1928 3130 ματαιότητι
1965 3027 2367 3129 ὦμοιώθη·”
2427 3028 2544 3107 καὶ
2577 3023 2722 3126 μὴν
2761 3030 2879 3106 καὶ
2917 3027 3031 3106 ὅτι

289 3175 376 3226 Pa.
392 3176 548 3227 xlviii.
624 3162 670 3199 “
704 3150 1320 3255 παρασυνεβλήθη
1375 3160 1522 3236 τοῖς
1577 3155 1870 3253 κτήνεσι
1924 3160 2070 3251 τοῖς
2127 3153 2447 3252 ἀνοήτοις
2509 3153 2627 3230 καὶ
2688 3152 3028 3251 ὡμοιώθη
3055 3198 3141 3238 20

293 3254 371 3304 ¹³⁹
626 3284 669 3324 “
705 3276 1014 3360 αὐτοῖς·”
1101 3273 1485 3377 ματαιότης
1556 3275 1701 3381 γὰρ
1769 3282 2059 3376 ἀληθῶς
2122 3284 2268 3356 τῶν
2328 3273 2667 3355 τοιούτων
2727 3276 2768 3351 ὃ
2832 3274 3024 3369 βίος·

621 3397 896 3484 τούτοις
945 3399 988 3498 ἡ
1041 3399 1272 3483 κτίσις
1318 3397 1831 3499 ὑποτάσσεται,
1870 3404 1986 3480 καὶ
2025 3403 2177 3481 οὔτι
2212 3434 2355 3480 που
2397 3397 2685 3482 πάντως
2721 3399 3021 3477 ἑκοῦσα·

618 3520 887 3621 πόθεν;
946 3530 1101 3608 πῶς
1137 3523 1211 3603 δὲ
1253 3521 1339 3622 δὴ
1370 3522 1512 3626 ἄρα
1549 3528 1665 3603 καὶ
1705 3523 1922 3604 τοῦτό
1955 3532 2241 3629 φαμενς
2303 3520 2446 3603 οἶδε
2482 3521 2613 3622 μὲν
2647 3520 2794 3626 γὰρ
2832 3521 3029 3606 ὅλως

616 3654 764 3727 τῶν
814 3648 977 3727 καθ’
1019 3647 1203 3746 ἡμᾶς
1257 3646 1536 3746 οὐδὲνὴ
1587 3646 1901 3749 αἰσθητή
1951 3682 2029 3728 τε
2078 3651 2195 3728 καὶ
2251 3645 2568 3750 ὁρωμένη
2625 3647 2881 3729 κτίσις·
2939 3646 3029 3724 οὐ

619 3770 762 3875 γάρ
814 3773 974 3850 ἐστι
1030 3768 1313 3872 λογική·
1376 3772 1546 3849 ἀλλ’
1588 3777 1647 3850 εἶ
1686 3773 1811 3850 καί
1840 3806 1946 3855 τις
1985 3771 2139 3871 δοίη
2175 3769 2258 3851 τὸ
2311 3769 2671 3849 δύνασθαί
2717 3802 2789 3848 τι
2840 3776 3028 3849 νοεῖν
3057 3812 3142 3871 25

389 3924 477 3979 29
503 3921 598 3979 Π.
622 3893 869 3996 αὐτὴν,
909 3895 1036 3974 οὐκ
1086 3893 1176 3974 ἂν
1229 3892 1574 4000 ἠνέσχετό
1618 3901 1810 4003 φησι
1862 3899 1990 3995 τῆς
2042 3896 2266 3978 οὕτως
2316 3899 2624 3999 αἶσχρᾶς
2674 3894 3028 3990 δουλείας,

694 4127 748 4181 3.
786 4109 902 4164 Ine.
925 4108 1121 4164 Ἀποκα
1191 4110 1335 4165 δοκία
1357 4110 1453 4181 μὲν
1475 4108 1566 4166 οὖν
1588 4109 1735 4165 ἐστιν
1758 4111 1829 4166 A.
2126 4128 2179 4177 4.
2215 4131 2273 4164 τε
2297 4126 2407 4164 om.
2433 4108 2502 4162 A.
2755 4107 3026 4267 &Skxth

2712 4199 2731 4231 l
2935 4200 2996 4235 ⁰5

620 4201 724 4235 που
745 4182 948 4236 πάντως
972 4196 1080 4235 om.
1162 4221 1176 4234 .
1489 4181 1541 4235 6.
1581 4182 1662 4235 ὅτι
1686 4199 1795 4236 om.
1821 4182 1889 4234 A.
2198 4180 2251 4235 8.
2285 4181 2419 4250 πρὸς
2440 4181 2595 4234 τοῦτο
2617 4176 2653 4246 ἥ

619 4251 973 4321 προσδοκῶσα
994 4251 1087 4319 τὴν
1110 4251 1183 4307 εἰς
1204 4252 1265 4305 τὸ
1291 4253 1521 4321 κρεῖττον
1543 4250 1680 4319 ἕξειν
1702 4249 1999 4320 μεταβολήν
2020 4250 2090 4305 A.
2461 4267 2513 4322 9.
2549 4249 2652 4320 γὰρ
2715 4255 2773 4312 -Ι-
2803 4270 2908 4304 ror
2927 4270 3026 4303 του

623 4324 758 4374 Θεοῦ
793 4320 981 4376 τέκνων
1015 4326 1117 4376 τῶν
1150 4321 1415 4386 θεοσεβῶς
1451 4324 1715 4390 ζησάντων
1737 4323 1807 4377 A.
1881 4321 2074 4376 Statim
2098 4322 2277 4392 ὥσπερ
2302 4338 2409 4375 om.
2437 4322 2505 4375 A.
2613 4319 2673 4390 ἐξ
2708 4317 2917 4388 ἀτιμίας
2949 4320 3028 4376 εἷς

621 4391 781 4460 δόξαν
803 4391 1016 4447 inverso
1043 4390 1229 4447 ordine
1253 4393 1321 4447 A.
1397 4392 1593 4447 Statim
1622 4393 2186 4464 καὶ-κατωρθωκότων
2210 4393 2342 4461 ζωὴν
2364 4409 2474 4446 om.
2500 4392 2567 4446 A.
2802 4409 2822 4445 1
2839 4409 2886 4444 1.
2920 4411 3028 4445 που

620 4479 730 4517 om.
755 4463 826 4517 A.
1196 4479 1279 4517 12.
1315 4462 1350 4515 ἅ
1414 4485 1520 4517 ινον
1581 4470 1640 4527 -Ι-
1668 4465 1762 4533 τὴν
1782 4465 2090 4547 πρέπουσαν
2111 4465 2221 4520 τοῖς
2243 4466 2359 4518 τότε
2388 4464 2580 4532 καιροῖς
2602 4461 2845 4533 αὗχοῦσα
2869 4463 3027 4515 κατά-

622 4555 815 4589 στασιν
839 4535 907 4588 A.
1072 4550 1153 4601 14.
1193 4531 1303 4605 καὶ]
1362 4543 1417 4588 ta
1439 4543 1492 4587 et
1572 4573 1585 4587 .
1611 4534 1683 4588 cf.
1705 4552 1762 4588 m
1789 4553 1860 4589 xu
1885 4533 2085 4605 Proph.
2111 4534 2210 4588 801
2242 4551 2291 4588 a.
2317 4535 2445 4589 κατὰ
2470 4535 2539 4587 A.
2713 4532 2800 4588 16.
2841 4532 3028 4589 Schol.

620 4603 725 4660 hoo
746 4604 960 4661 exhibet
983 4616 1035 4660 et
1058 4606 1127 4661 A.
1414 4620 1500 4660 πο.
1536 4603 1965 4675 παρεσυνεβλὴθη
1990 4606 2040 4659 A
2068 4605 2296 4675 (Alea).
