3269 5166
238 345 351 390 ¹1·
385 341 488 412 15·
804 331 918 399 IN
975 334 1046 401 S.
1094 334 1614 402 JOANNEM.
1705 335 1901 402 LIB.
1946 334 2109 403 XII.
2532 333 2656 398 115

243 491 347 574 ὡς
380 491 684 580 τεθνεὼς
737 498 1077 598 δηλονότι
1113 504 1230 582 καὶ
1276 498 1642 602 ἀνήκεστα
1675 498 1951 599 παθὼν,
1990 505 2108 581 καὶ
2155 496 2339 604 πρὸς
2381 497 2659 582 τούτοις
2682 519 2900 577 alosa
2912 517 2992 574 Δ.

241 613 349 693 ἔτι
403 622 549 697 τῶν
601 621 997 720 μνημάτων
1042 625 1651 726 ἐκκεκομισμένος.
1732 622 1973 725 ἐπειδὴ
2022 622 2097 706 δὲ
2147 622 2242 727 ζῶ
2293 626 2413 704 καὶ
2463 619 2655 727 πάρ-

242 773 410 838 ειμι,
454 750 772 845 παρεῖσα
817 745 983 833 τοὺς
1033 750 1249 852 γόους
1297 749 1694 856 μεταχῶρει
1742 748 1924 853 πρὸς
1974 748 2335 849 εὐθυμίαν.
2404 748 2659 828 οὐκοῦν

245 862 338 943 τὸ
394 870 678 969 θρηνεῖν
731 873 1341 976 περιστέλλοντος
1395 873 1441 975 ἡ
1497 874 1871 979 ἐρώτησις.
1949 874 2088 955 ἔδει
2142 870 2291 977 γὰρ
2343 868 2485 952 ἐ’δει
2541 873 2658 950 καὶ

175 1009 219 1071 5
243 990 506 1071 τούτου
558 1002 690 1076 τοῦ
743 995 1006 1099 μέρους
1058 998 1564 1105 ἐπανορθωτὴν
1606 999 1949 1102 γενέσθαι
2001 996 2130 1079 τὸν
2172 995 2463 1101 Κύρων.
2540 990 2662 1074 διὰ
2701 1070 2716 1077 -

243 1113 382 1213 μὲν
441 1114 584 1219 γὰρ
639 1116 772 1219 τὴν
816 1123 891 1200 ἐν
942 1121 1188 1224 Ἀδὰμ
1248 1121 1679 1228 παράβασιν
1742 1120 1927 1226 πρὸς
1989 1120 2176 1223 ὅλην
2237 1121 2473 1226 ε’ίρητο
2530 1125 2661 1201 τοῦ

244 1239 637 1343 ἀνθρώπου
686 1242 819 1345 τὴν
856 1245 1108 1352 φύσιν,
1145 1249 1243 1332 ὡς
1278 1250 1354 1329 ἐν
1391 1250 1688 1353 ἀπαρχῇ
1732 1254 1863 1327 τοῦ
1914 1246 2166 1350 γένους
2212 1250 2319 1355 τῷ
2365 1244 2656 1351 πρώτῳ,

244 1361 341 1443 τό
395 1375 440 1413 “
468 1370 576 1467 Γῆ
613 1364 682 1447 εἷ
729 1373 849 1450 καὶ
893 1377 992 1456 εἰς
1041 1375 1182 1475 γῆν
1219 1370 1653 1478 ἀπελεύσῃ,”
1704 1369 1889 1474 πρὸς
1926 1370 2019 1452 δέ
2053 1405 2139 1470 γε
2191 1366 2326 1470 τὴν
2360 1376 2662 1473 γυναῖκα
2749 1374 2880 1508 (ξῦ-
2905 1372 2981 1427 ffl.

248 1494 372 1568 καὶ
427 1494 682 1591 ὶδικῶς,
731 1491 819 1574 τό
875 1504 918 1542 “
952 1494 1089 1576 Ἐν
1138 1493 1403 1581 λύπαις
1453 1494 1625 1605 τέξῃ
1670 1493 1941 1578 τέκνα.”
2014 1495 2271 1576 οὐκοῦν
2305 1491 2390 1573 τὸ
2426 1504 2658 1574 πλου-
2683 1503 2729 1571 b
2749 1519 2935 1575 lb.16.

130 1644 226 1688 10
247 1618 399 1693 τεῖν
447 1617 524 1696 ἐν
566 1617 830 1733 λύπαις
874 1622 971 1705 ὡς
1026 1621 1103 1701 ἐν
1157 1618 1358 1730 τάξει
1412 1625 1663 1721 ποινῆς
1717 1621 2153 1726 ἐπεκρεμᾶτο
2206 1623 2298 1727 τῇ
2347 1617 2656 1722 γυναικί.

249 1735 347 1839 ἦν
382 1739 509 1819 οὖν
546 1741 937 1847 ἀναγκαῖον
973 1742 1092 1826 διὰ
1125 1749 1254 1846 τῆς
1288 1753 1418 1828 τοῦ
1454 1743 2073 1831 καταδικάσαντος
2109 1747 2378 1853 φωνῆς,
2413 1739 2499 1823 τὸ
2534 1744 2667 1841 τῆς

258 1863 565 1969 ἀρχαίας
619 1868 882 1970 ἐκείνης
937 1872 1117 1975 αρας
1171 1871 1619 1952 ἀναλύεσθαι
1681 1867 1931 1974 βάρος,
1986 1872 2461 1977 ἀφαιροῦντος
2526 1864 2664 1967 ἤδη

251 1997 388 2068 τοῦ
444 1994 783 2096 Σωτῆρος
835 1996 1040 2096 ἡμῶν
1089 2001 1425 2101 Χριστοῦ
1480 1997 1600 2077 καὶ
1657 1999 1790 2096 τῆς
1846 1993 2140 2097 θηλείας
2192 1990 2278 2073 τὸ
2337 1989 2666 2095 δάκρυον,

252 2119 551 2210 μᾶλλον
608 2117 685 2198 δὲ
732 2117 1002 2205 παντὸς
1049 2129 1181 2202 τοῦ
1235 2126 1545 2221 θηλειῶν
1593 2118 1868 2224 γένους,
1929 2121 2029 2203 ὦς
2083 2119 2162 2197 ἐν
2221 2118 2515 2222 ἀπαρχῇ
2572 2110 2666 2222 τῇ

141 2266 229 2328 15
260 2238 594 2342 Μαριάμ.
671 2242 923 2346 πρώτη
971 2243 1116 2349 γὰρ
1152 2246 1332 2346 αὕτη
1377 2250 1755 2348 γυναικῶν,
1790 2249 1896 2353 τῷ
1946 2250 2077 2324 τοῦ
2118 2244 2455 2344 Σωτῆρος
2504 2241 2659 2319 ἐπι-

257 2363 757 2469 στυγνάσασα
809 2368 1042 2466 πάθει,
1080 2375 1195 2450 καὶ
1252 2367 1494 2472 λύπην
1550 2377 1898 2465 λαβοῦσα
1949 2364 2083 2470 τὴν
2138 2367 2248 2449 ἐπ’
2287 2367 2500 2472 αὐτῷ,
2537 2366 2666 2463 τῆς
2690 2394 2727 2441 ο

264 2498 399 2571 τοῦ
432 2491 706 2573 κλαίειν
731 2493 1280 2596 ἀνακοπτοὺσης
1306 2494 1582 2603 ἠξιώθη
1607 2496 1877 2601 φωνῆς,
1904 2488 2379 2591 διικνουμένης
2407 2493 2669 2590 δηλον-

264 2612 379 2696 ότι
414 2621 543 2716 τῆς
575 2626 707 2699 τοῦ
763 2619 991 2724 λόγου
1027 2617 1389 2720 δυνάμεως
1424 2623 1543 2700 καὶ
1577 2624 1674 2704 εἰς
1714 2617 1908 2700 ἅπαν
1945 2614 2031 2698 τὸ
2089 2621 2398 2719 θηλειῶν
2442 2614 2670 2717 γε’νος,

258 2739 459 2844 ε’ίπερ
517 2742 993 2846 ἐπαλγύνοιτο
1049 2751 1198 2829 τοῖς
1264 2740 1450 2824 κατὰ
1504 2749 1837 2847 Χριστοῦ
1906 2738 2331 2841 τολμήμασι
2385 2737 2520 2839 τὴν
2572 2741 2672 2822 εἷς

147 2897 231 2938 20
258 2862 485 2946 αὑτὸν
521 2866 902 2968 τιμήσασα
949 2869 1223 2968 πίστιν,
1260 2870 1378 2949 καὶ
1425 2868 1816 2972 μονονουχὶ
1858 2863 1943 2947 τὸ
1983 2867 2059 2946 ἐν
2094 2871 2423 2974 ψαλμοῖς
2455 2863 2671 2942 ἐκεῖνο

261 2986 589 3093 λέγουσα
636 3001 679 3040 “
707 2993 901 3100 Οὐχὶ
952 2990 1118 3079 τοῦς
1154 2990 1563 3102 ,μισοῦντάς
1609 3026 1699 3072 σε
1740 2989 1960 3093 Κύριε
2014 2990 2359 3090 ἐμίσησα,
2395 2989 2510 3067 καὶ
2555 2987 2670 3065 ἐπὶ
2756 3000 3000 3117 fxv-nm

261 3123 308 3162 “
346 3123 496 3199 τοῖς
568 3117 847 3221 ἐχθροῖς
921 3151 1064 3198 σου
1144 3114 1580 3225 ἐξετηκόμην
1608 3150 1630 3214 ;
1721 3110 1999 3197 τέλειον
2073 3118 2292 3215 μῖσος
2375 3111 2672 3209 ἐμίσουν
2762 3143 2841 3191 21.
2859 3145 2946 3185 υ.

264 3249 312 3287 “
347 3238 623 3340 αὐτοὺς,
674 3247 769 3325 εἷς
817 3238 1114 3346 ἐχθροὺς
1162 3240 1490 3344 ἐγένοντό
1537 3239 1725 3342 μοι.”

372 3365 595 3445 Ἀλλ’
633 3366 673 3446 ὁ
710 3364 842 3464 μὲν
880 3366 1144 3470 Κύριος
1178 3365 1382 3466 ἡμῶν
1416 3364 1705 3468 Ἰησοῦς
1750 3366 1790 3444 ὃ
1833 3361 2161 3467 Χριστὸς
2208 3370 2338 3443 τοῦ
2390 3367 2673 3466 θρηνεῖν
2705 3375 2753 3441 d

158 3520 234 3581 25
264 3487 760 3570 ἀπαλλάττων
798 3488 1018 3590 αὐτὴν
1052 3487 1147 3572 τὰ
1182 3489 1478 3571 τοιαῦτά
1514 3496 1770 3597 φησιν,
1797 3488 1843 3590 ἡ
1884 3488 1960 3570 δὲ
1996 3494 2140 3572 τῶν
2176 3486 2515 3591 γηπόνων
2552 3486 2678 3566 ἕνα

266 3610 657 3715 νομίζουσα
706 3614 833 3695 τὸν
891 3622 1262 3696 λαλοῦντα
1317 3612 1686 3719 ὑπάρχειν,
1755 3613 2263 3712 μετακομίσειν
2337 3611 2415 3690 εὖ
2469 3609 2678 3710 μάλα

272 3736 664 3839 προθύμως
697 3748 824 3819 τοῦ
863 3742 1200 3843 Σωτῆρος
1245 3735 1331 3820 τὸ
1385 3739 1743 3845 λείψανον
1780 3738 1894 3843 ἐφ’
1935 3736 2213 3839 ἐτέρους
2262 3736 2679 3840 ὑπισχνεῖτο

270 3860 555 3961 τόπους,
592 3869 655 3943 εὶ
698 3864 1203 3969 παραδειχθείη
1239 3862 1483 3961 μόνον,
1523 3862 1705 3943 ὅπου
1748 3896 1884 3966 περ
1923 3860 2139 3942 αὑτὸν
2174 3860 2676 3958 μετατέθεικεν.

270 3991 473 4069 οὔπω
507 3983 657 4091 γὰρ
692 3993 997 4067 συνεῖσα
1031 3983 1118 4067 τὸ
1159 3984 1348 4090 μέγα
1383 3989 1513 4089 τῆς
1556 3984 2031 4069 ἀναστάσεως
2064 3982 2486 4088 μυστήριον,
2524 3988 2681 4066 ταῖς

162 4141 239 4199 30
263 4119 359 4199 εἷς
382 4120 612 4194 τοῦτο
650 4111 1049 4196 καλούσαις
1089 4111 1435 4219 ὑποψίαις
1470 4109 1852 4206 ἐβάλλετο.
1921 4109 2503 4213 δυσμαθέστεραι
2537 4104 2681 4211 γάρ

332 4388 384 4427 2.
414 4368 702 4441 μνημάτων
718 4366 784 4423 Ε.
809 4367 1067 4438 μνημείων
1080 4366 1188 4424 Ed.
1212 4370 1306 4423 τοῦ
1329 4367 1574 4437 μνημείου
1598 4386 1651 4424 n.
1707 4365 1899 4423 Statim
1924 4365 2346 4436 ἐκκεκοσμιμένος
2363 4364 2430 4420 Ε.
2516 4376 2570 4435 5.
2593 4362 2686 4418 ἐπ-

264 4442 503 4515 ορθωτὴν
527 4458 579 4495 a.
1093 4457 1177 4495 10.
1215 4439 1568 4510 ἐπεκρεμμᾶτο
1593 4439 1661 4496 Ε.
2165 4453 2249 4491 12.
2285 4435 2613 4504 ἀναιροῦντος
2636 4450 2688 4489 a.

268 4517 351 4574 18.
389 4513 466 4571 ele
492 4517 847 4580 assumptum
873 4527 937 4563 ex
963 4509 1030 4565 E.
1457 4526 1543 4566 20.
1581 4509 1851 4579 τιμήσασα
1876 4508 1924 4564 E
1948 4509 2097 4580 prius
2122 4507 2302 4577 script.
2329 4506 2388 4561 F.
2413 4504 2518 4559 Ed.
2537 4501 2685 4574 τιμῆ-

265 4608 437 4644 σασαι
465 4583 517 4640 E
547 4599 620 4637 ex
646 4597 791 4636 oon·-
814 4578 918 4636 Ed.
942 4598 1054 4652 mg.
1325 4596 1413 4636 21.
1448 4579 1529 4636 ἷσ.
1551 4581 1807 4655 λέγουσαι
1831 4579 1936 4635 Ed.
1961 4596 2073 4650 mg.
2107 4577 2343 4649 λέγουσα
2364 4574 2528 4632 habet
2550 4574 2613 4632 F.

1435 4683 1551 4745 (22
