3269 5166
230 354 371 419 xix.
404 375 503 422 11.
793 354 908 419 IN
970 354 1037 419 S.
1087 355 1600 423 JOANNEM.
1692 356 1890 423 LIB.
1938 356 2099 423 XII.
2571 360 2650 422 71

232 517 789 618 ἐπανατείνεται,
830 522 947 599 καὶ
982 520 1478 626 παρατρέψαν
1513 519 1871 602 δύνασθαι
1910 525 2028 602 καὶ
2076 522 2213 627 οὐχ
2261 520 2516 602 ἑκόντα
2552 525 2655 629 τῷ
2677 538 2723 603 d

235 642 461 752 φόβω
500 642 760 747 νομίζει
796 677 981 745 προς
1018 641 1363 746 ἀνόνητον
1399 646 1832 746 ἀπολογίαν.
1911 644 2162 752 ῥέψειν
2194 643 2340 749 γὰρ
2376 647 2657 748 ἀπαρα-

232 769 611 852 ποδίστως
647 766 759 872 ἐφ’
800 768 978 871 ὅπερ
1015 765 1105 847 ἂν
1139 766 1482 863 βουλοιτό
1526 777 1782 877 φησιν,
1821 770 1938 851 εἴτ’
1978 771 2104 850 ουν
2138 769 2589 873 κολάζειν,”
2522 805 2657 850 ειτε

233 896 361 972 καὶ
397 894 622 972 ἐλεεῖν
658 890 899 972 ελοιτο
946 891 1192 997 τυχόν·
1263 899 1769 996 παρωθοῦντος
1818 893 1895 975 δὲ
1945 892 2230 980 οὐδενὸς
2277 901 2375 978 εἷς
2423 892 2654 989 ἀβού-

167 1040 205 1102 5
236 1026 474 1117 λητον
529 1016 790 1117 κρίσιν,
847 1017 951 1096 ἐπ’
1012 1017 1206 1125 αὐτῷ
1265 1016 1354 1116 δὴ
1410 1024 1694 1098 κεῖσθαι
1753 1021 1872 1097 καὶ
1932 1016 2131 1127 μόνῳ
2193 1016 2328 1119 τὴν
2384 1021 2500 1099 ἐπὶ
2557 1028 2660 1126 τῷ

236 1140 839 1248 κατηγορουμένῳ
892 1139 1148 1244 ῥοπήν.
1246 1148 1691 1221 καταιτιᾶται
1745 1142 2004 1241 τοίνυν,
2065 1146 2163 1227 ὡς
2226 1141 2659 1245 ὑβρισμένος

236 1263 365 1346 διὰ
414 1268 703 1364 σιωπῆς
757 1265 888 1344 οὐκ
943 1264 1287 1368 εὐκαίρου,
1346 1267 1463 1344 καὶ
1520 1264 1702 1345 ὅσον
1756 1265 1927 1366 ἧκεν
1981 1272 2078 1351 εἰς
2139 1274 2351 1346 τοῦτο
2413 1299 2651 1369 παρα-

237 1388 677 1491 τεθηγμένος
731 1389 870 1489 ἤδη
924 1386 1108 1493 πρὸς
1161 1388 1424 1485 μανίαν
1472 1386 1605 1489 τὴν
1659 1390 1813 1469 κατ’
1864 1391 2108 1470 αὐτοῦ.
2212 1390 2465 1471 ἐνενόει
2513 1389 2660 1494 γὰρ

239 1515 580 1612 οὐδαμῶς
624 1517 754 1613 τῆς
802 1516 1085 1612 σιωπῆς
1133 1510 1219 1592 τὸ
1267 1511 1693 1617 μυστήριον.
1776 1512 2207 1618 ἐπαθρήσεις
2258 1512 2490 1615 γεμὴν
2525 1516 2662 1593 κάν
2690 1553 2727 1597 e

136 1670 212 1713 10
239 1637 479 1744 τούτῳ
517 1642 763 1720 καλῶς
802 1634 1307 1738 πληρούμενον
1343 1671 1427 1717 το
1478 1635 1595 1716 διὰ
1643 1640 1771 1737 τῆς
1816 1645 1946 1718 τοῦ
1995 1636 2378 1744 προφήτου
2414 1641 2661 1745 φωνῆς

238 1758 753 1864 προαγγελθέν
792 1770 834 1807 “
861 1762 996 1846 Ως
1030 1760 1406 1863 πρόβατον
1443 1760 1606 1864 γὰρ,
1646 1765 1900 1868 φησὶν,
1939 1763 2055 1843 ἐπὶ
2092 1761 2397 1867 σφαγὴν
2433 1762 2653 1867 ηχθη,
2749 1773 2950 1904 ξῦ81111·

245 1888 453 1965 “καὶ
490 1889 589 1970 ὡς
622 1883 847 1983 ἀμνὸς
895 1885 1212 1965 ἐναντίον
1248 1894 1378 1966 τοῦ
1430 1888 1786 1989 κείροντος
1831 1885 2051 1966 αὐτὸν
2087 1885 2398 1994 αφωνος,
2436 1888 2662 1968 οὕτως

246 2021 291 2058 “
330 2011 464 2090 οὐκ
519 2011 788 2112 ἀνοίγει
846 2007 931 2089 τὸ
985 2005 1233 2108 στόμα
1286 2010 1525 2106 αὐτοῦ,
1582 2012 1660 2090 ἐν
1713 2015 1804 2116 τῇ
1860 2009 2289 2090 ταπεινώσει
2346 2011 2564 2089 αὐτοῦ
2618 2009 2664 2108 ἡ

246 2146 291 2182 “
332 2135 573 2238 κρίσις
642 2136 863 2214 αὐτοῦ
935 2132 1193 2237 ἤρθη.”
1290 2136 1408 2214 καὶ
1483 2136 1688 2214 ταυτὶ
1759 2133 1891 2233 μὲν
1964 2136 2134 2234 ἡμῖν
2208 2136 2249 2214 ὁ
2322 2133 2667 2238 μακάριος

145 2276 216 2337 15
244 2258 578 2343 Ἡσαΐας
642 2257 810 2365 ἔφη·
889 2257 974 2338 τὸ
1041 2256 1118 2338 δὲ
1172 2263 1506 2362 Χριστοῦ
1567 2256 1969 2362 πρόσωπον
2025 2259 2419 2354 ἀναλαβών
2476 2259 2677 2364 φησί

247 2419 402 2465 που
454 2380 682 2464 πάλιν
736 2383 777 2461 ὃ
830 2380 1155 2491 μελῳδὸς
1210 2385 1288 2462 ἐν
1334 2382 1704 2482 Πνεύματι
1748 2392 1793 2431 “
1828 2380 2144 2483 Ἐθέμην
2196 2385 2299 2491 τῷ
2352 2381 2676 2483 στόματί
2755 2403 2841 2452 Pa.

251 2521 295 2557 ‘⁶
331 2540 481 2608 μου
544 2505 883 2617 φυλακὴν
941 2509 1018 2587 ἐν
1074 2511 1178 2615 τῷ
1241 2510 1604 2608 συστῆναι
1667 2506 1798 2589 τὸν
1856 2504 2289 2612 ἁμαρτωλὸν
2349 2507 2665 2589 ἐναντίον
2752 2483 2962 2597 ἵξῃ

252 2644 295 2680 “
333 2666 504 2733 μου.
578 2632 971 2738 ἐκωφῶθην
1008 2635 1124 2713 καὶ
1160 2631 1641 2732 ἐταπεινώθην
1678 2635 1795 2712 καὶ
1831 2632 2150 2734 ἐσίγησα
2188 2632 2276 2740 ἐξ
2307 2633 2662 2733 ἀγαθῶν.”
2690 2667 2728 2707 a
2756 2647 3002 2707 1051ss

253 2757 550 2858 νοήσεις
603 2756 678 2836 δὲ
733 2753 818 2836 τὸ
872 2757 957 2864 ἐξ
1013 2758 1329 2859 ἀγαθῶν,
1376 2758 1536 2837 ἀντὶ
1594 2764 1724 2836 τοῦ
1779 2763 2041 2837 κακῶν.
2131 2753 2466 2862 εὐφήμως
2523 2754 2667 2859 γὰρ

155 2914 230 2956 20
254 2882 422 2966 ἔθος
477 2886 568 2985 τῇ
625 2880 782 2987 θείᾳ
834 2886 1086 2986 γραφῇ
1142 2879 1237 2959 τὰ
1290 2888 1585 2962 τοιαῦτα
1643 2889 1919 2978 λαλεῖν,
1972 2879 2146 2960 ὅταν
2201 2886 2298 2963 εἷς
2355 2879 2528 2960 αὐτὸ
2584 2878 2670 2960 τὸ

256 3011 457 3087 θεῖον
505 3004 808 3112 φέρηται
862 3002 1287 3110 πρόσωπον.

252 3275 616 3367 Ἀπεκρίθη
688 3277 871 3363 αὐτῷ
932 3277 969 3344 ὃ
1021 3276 1278 3343 ἸΗσοῡε
1341 3276 1476 3342 Οὐκ
1546 3269 1718 3364 εἶχες
1785 3272 2090 3344 ἐξουσίαν
2163 3272 2474 3351 οὐδεμίαν
2533 3273 2662 3340 κατ’
2708 3295 2772 3336 11

369 3407 553 3483 ἒμοῦ,
607 3399 664 3468 εἰ
722 3401 810 3480 μὴ
872 3398 950 3470 ἦν
1006 3425 1108 3469 σοι
1172 3401 1526 3479 δεδομένον
1587 3402 1867 3470 ἄνωθεν.
1954 3401 2059 3468 διὰ
2120 3406 2316 3468 τοῦτο
2370 3403 2408 3470 ὀ
2464 3423 2677 3490 παρα-

370 3527 593 3594 διδούς
646 3551 727 3604 με
782 3550 883 3594 σοι
934 3526 1191 3618 μείζονα
1245 3527 1570 3617 ἁμαρτίαν
1623 3527 1775 3615 ἔχει.

169 3719 240 3779 25
383 3702 522 3786 Τίς
569 3700 701 3803 μὲν
743 3700 791 3803 ἢ
841 3698 1064 3783 πόθεν
1102 3700 1147 3801 ἢ
1198 3702 1390 3785 τίνος
1440 3700 1664 3809 ἐξέφυ
1712 3698 2007 3803 πατρὸς,
2044 3701 2561 3801 ἐναργέστερον
2598 3700 2680 3778 οὐ

269 3829 491 3933 φησί.
573 3824 926 3922 μυστικὸν
961 3824 1106 3929 γὰρ
1144 3825 1368 3910 οὕτως
1404 3823 1990 3905 ἐπασωτεύεσθαι
2029 3821 2257 3925 λόγον
2294 3829 2391 3907 εἱς
2437 3826 2673 3902 ἀλλο·-
2704 3826 2749 3893 b

271 3959 523 4055 γενοῦς
561 3949 779 4035 ἀκοὰς
814 3949 974 4031 οὐδὲ
1018 3952 1187 4052 ἡμῖν
1223 3951 1458 4034 αὐτοῖς
1511 3949 1780 4056 ἐφίησι,
1819 3946 2059 4050 λέγων
2096 3957 2140 3995 “
2172 3945 2305 4047 Μὴ
2362 3951 2541 4027 δῶτε
2590 3943 2683 4026 τὰ
2771 3947 3018 4065 {iffgfffi

273 4088 318 4124 ‘⁶
352 4072 533 4178 ἅγια
583 4082 733 4160 τοῖς
787 4076 978 4174 κυσὶ,
1033 4073 1213 4175 μηδὲ
1265 4071 1531 4166 βάλετε
1587 4070 1753 4157 τοὺς
1807 4073 2252 4176 μαργαρίτας
2308 4073 2506 4171 ὑμῶν
2561 4069 2683 4169 ἔμ-

274 4212 319 4248 “
354 4207 685 4305 προσθεν
744 4207 891 4281 τῶν
951 4196 1281 4304 χοίρων·”
1361 4195 1868 4303 προῖσχομένῳ
1933 4195 2162 4298 γεμὴν
2220 4193 2352 4295 τὴν
2414 4196 2492 4275 ἐκ
2556 4198 2683 4293 τῆς

177 4362 250 4418 30
276 4329 506 4434 ἀρχῆς
560 4325 886 4434 ἐξουσίαν,
933 4327 1051 4405 καὶ
1104 4322 1286 4427 πρὸς
1338 4329 1489 4404 πᾶν
1542 4324 1779 4403 ὁτιοῦν
1832 4319 2275 4424 περιτρέπειν
2331 4318 2684 4398 δύνασθαι

360 4557 439 4612 ¹3·
476 4540 639 4668 αὖτὲῦ
662 4540 757 4595 alt.
783 4545 1125 4609 assumptum
1148 4554 1213 4592 ex
1240 4536 1307 4591 E.
1333 4535 1426 4604 (cf.
1453 4534 1590 4592 Acta
1616 4532 1719 4589 SS.
1745 4533 1846 4604 Ap.
1863 4532 1971 4587 viii.
1997 4529 2113 4603 33.)
2417 4545 2501 4583 22.
2540 4527 2686 4582 οὐδε-

284 4613 401 4680 μίαν
424 4629 513 4668 om
