<?xml version="1.0" encoding="UTF-8"?>
<!DOCTYPE html PUBLIC "-//W3C//DTD XHTML 1.0 Transitional//EN"
    "http://www.w3.org/TR/xhtml1/DTD/xhtml1-transitional.dtd">
<html xmlns="http://www.w3.org/1999/xhtml" xml:lang="en" lang="en">
 <head>
  <title>
</title>
<meta http-equiv="Content-Type" content="text/html;charset=utf-8" />
  <meta name='ocr-system' content='tesseract 3.04.00' />
  <meta name='ocr-capabilities' content='ocr_page ocr_carea ocr_par ocr_line ocrx_word'/>
</head>
<body>
  <div class='ocr_page' id='page_1' title='image "./indjoannisevang00pusegoog_0349.png"; bbox 0 0 3269 5166; ppageno 0'>
   <div class='ocr_carea' id='block_1_1' title="bbox 222 340 2570 422">
    <p class='ocr_par' dir='ltr' id='par_1_1' title="bbox 222 340 2570 422">
     <span class='ocr_line' id='line_1_1' title="bbox 222 340 2570 422; baseline 0 -17"><span class='ocrx_word' id='word_1_1' title='bbox 222 340 415 422; x_wconf 85' lang='lat' dir='ltr'>iii.11‚</span> <span class='ocrx_word' id='word_1_2' title='bbox 444 363 533 412; x_wconf 86' lang='lat'>12.</span> <span class='ocrx_word' id='word_1_3' title='bbox 615 344 724 409; x_wconf 92' lang='lat' dir='ltr'>IN</span> <span class='ocrx_word' id='word_1_4' title='bbox 776 344 907 410; x_wconf 85' lang='grc' dir='ltr'>ΕΡ.</span> <span class='ocrx_word' id='word_1_5' title='bbox 951 345 1047 410; x_wconf 93' lang='grc' dir='ltr'>ΙΙ.</span> <span class='ocrx_word' id='word_1_6' title='bbox 1101 345 1230 409; x_wconf 90' lang='lat' dir='ltr'>AD</span> <span class='ocrx_word' id='word_1_7' title='bbox 1283 343 1874 410; x_wconf 83' lang='lat' dir='ltr'><strong>CORINTHIOS.</strong></span> <span class='ocrx_word' id='word_1_8' title='bbox 1949 341 2125 409; x_wconf 92' lang='lat' dir='ltr'><strong>LIB.</strong></span> <span class='ocrx_word' id='word_1_9' title='bbox 2160 344 2252 408; x_wconf 91' lang='lat'>11.</span> <span class='ocrx_word' id='word_1_10' title='bbox 2444 343 2570 407; x_wconf 82' lang='lat'>335</span> 
     </span>
    </p>
   </div>
   <div class='ocr_carea' id='block_1_2' title="bbox 219 439 2864 619">
    <p class='ocr_par' dir='ltr' id='par_1_2' title="bbox 219 439 2864 619">
     <span class='ocr_line' id='line_1_2' title="bbox 219 439 2864 619; baseline 0.003 -36"><span class='ocrx_word' id='word_1_11' title='bbox 219 504 345 607; x_wconf 81' lang='grc' dir='ltr'>γάρ</span> <span class='ocrx_word' id='word_1_12' title='bbox 390 508 537 587; x_wconf 79' lang='grc' dir='ltr'>ἐστι</span> <span class='ocrx_word' id='word_1_13' title='bbox 585 507 668 589; x_wconf 86' lang='grc' dir='ltr'>τό</span> <span class='ocrx_word' id='word_1_14' title='bbox 723 515 830 591; x_wconf 77' lang='grc' dir='ltr'>Οὐ</span> <span class='ocrx_word' id='word_1_15' title='bbox 890 505 1295 619; x_wconf 55' lang='grc' dir='ltr'>δεδόξασται</span> <span class='ocrx_word' id='word_1_16' title='bbox 1356 548 1432 592; x_wconf 89' lang='grc' dir='ltr'>το</span> <span class='ocrx_word' id='word_1_17' title='bbox 1494 504 1967 618; x_wconf 50' lang='grc' dir='ltr'>δεδοξασμένον</span> <span class='ocrx_word' id='word_1_18' title='bbox 2030 512 2149 590; x_wconf 83' lang='grc' dir='ltr'>καὶ</span> <span class='ocrx_word' id='word_1_19' title='bbox 2205 508 2298 589; x_wconf 80' lang='grc' dir='ltr'>τὰ</span> <span class='ocrx_word' id='word_1_20' title='bbox 2354 507 2565 615; x_wconf 78' lang='grc' dir='ltr'>εξῆς·</span> <span class='ocrx_word' id='word_1_21' title='bbox 2545 568 2567 605; x_wconf 87' lang='grc'>,</span> <span class='ocrx_word' id='word_1_22' title='bbox 2629 441 2732 505; x_wconf 59' lang='lat'>[91</span> <span class='ocrx_word' id='word_1_23' title='bbox 2762 439 2864 505; x_wconf 56' lang='lat' dir='ltr'>M]</span> 
     </span>
    </p>
   </div>
   <div class='ocr_carea' id='block_1_3' title="bbox 128 630 2578 2718">
    <p class='ocr_par' dir='ltr' id='par_1_3' title="bbox 216 630 2573 988">
     <span class='ocr_line' id='line_1_3' title="bbox 216 630 2568 742; baseline 0.002 -35"><span class='ocrx_word' id='word_1_24' title='bbox 216 661 356 708; x_wconf 86' lang='grc' dir='ltr'>εστι</span> <span class='ocrx_word' id='word_1_25' title='bbox 387 631 473 710; x_wconf 74' lang='grc' dir='ltr'>δέ</span> <span class='ocrx_word' id='word_1_26' title='bbox 489 666 556 711; x_wconf 90' lang='grc' dir='ltr'>τι</span> <span class='ocrx_word' id='word_1_27' title='bbox 589 642 908 714; x_wconf 89' lang='grc' dir='ltr'>τοιοῦτον</span> <span class='ocrx_word' id='word_1_28' title='bbox 944 669 986 714; x_wconf 92' lang='grc' dir='ltr'>ο</span> <span class='ocrx_word' id='word_1_29' title='bbox 1021 633 1361 729; x_wconf 83' lang='grc' dir='ltr'>βούλεται</span> <span class='ocrx_word' id='word_1_30' title='bbox 1402 636 1695 734; x_wconf 81' lang='grc' dir='ltr'>δηλοῦν.</span> <span class='ocrx_word' id='word_1_31' title='bbox 1779 630 2191 742; x_wconf 64' lang='grc' dir='ltr'>δεδόξασται</span> <span class='ocrx_word' id='word_1_32' title='bbox 2226 630 2360 731; x_wconf 77' lang='grc' dir='ltr'>μὲν</span> <span class='ocrx_word' id='word_1_33' title='bbox 2397 630 2568 735; x_wconf 81' lang='grc' dir='ltr'>γὰρ,</span> 
     </span>
     <span class='ocr_line' id='line_1_4' title="bbox 219 755 2568 859; baseline 0.002 -28"><span class='ocrx_word' id='word_1_34' title='bbox 219 755 506 854; x_wconf 68' lang='grc' dir='ltr'>φησὶν,’</span> <span class='ocrx_word' id='word_1_35' title='bbox 474 790 515 834; x_wconf 93' lang='grc' dir='ltr'>ο</span> <span class='ocrx_word' id='word_1_36' title='bbox 547 760 925 857; x_wconf 70' lang='grc' dir='ltr'>Μωσῆς,’</span> <span class='ocrx_word' id='word_1_37' title='bbox 879 793 976 842; x_wconf 89' lang='grc' dir='ltr'>ως</span> <span class='ocrx_word' id='word_1_38' title='bbox 1004 758 1325 841; x_wconf 86' lang='grc' dir='ltr'>διοίκονος</span> <span class='ocrx_word' id='word_1_39' title='bbox 1353 755 1574 858; x_wconf 91' lang='grc' dir='ltr'>νόμου</span> <span class='ocrx_word' id='word_1_40' title='bbox 1605 766 1735 838; x_wconf 91' lang='grc' dir='ltr'>τοῦ</span> <span class='ocrx_word' id='word_1_41' title='bbox 1771 757 2370 859; x_wconf 78' lang='grc' dir='ltr'>καταργουμένου,</span> <span class='ocrx_word' id='word_1_42' title='bbox 2399 755 2568 835; x_wconf 85' lang='grc' dir='ltr'>ἀλλ’</span> 
     </span>
     <span class='ocr_line' id='line_1_5' title="bbox 216 873 2573 988; baseline 0.001 -34"><span class='ocrx_word' id='word_1_43' title='bbox 216 873 255 972; x_wconf 85' lang='grc' dir='ltr'><em>ἦ</em></span> <span class='ocrx_word' id='word_1_44' title='bbox 298 885 413 956; x_wconf 89' lang='grc' dir='ltr'>τοῦ</span> <span class='ocrx_word' id='word_1_45' title='bbox 463 878 616 959; x_wconf 79' lang='grc' dir='ltr'>νέου</span> <span class='ocrx_word' id='word_1_46' title='bbox 668 883 783 960; x_wconf 81' lang='grc' dir='ltr'>καὶ</span> <span class='ocrx_word' id='word_1_47' title='bbox 842 883 919 960; x_wconf 83' lang='grc' dir='ltr'>ἐν</span> <span class='ocrx_word' id='word_1_48' title='bbox 976 887 1284 987; x_wconf 75' lang='grc' dir='ltr'>Χριστῷ</span> <span class='ocrx_word' id='word_1_49' title='bbox 1343 914 1794 984; x_wconf 84' lang='grc' dir='ltr'>κηρυγματος</span> <span class='ocrx_word' id='word_1_50' title='bbox 1857 879 2040 988; x_wconf 77' lang='grc' dir='ltr'>δόξα</span> <span class='ocrx_word' id='word_1_51' title='bbox 2105 886 2381 961; x_wconf 78' lang='grc' dir='ltr'>νικῶσα</span> <span class='ocrx_word' id='word_1_52' title='bbox 2441 877 2573 977; x_wconf 88' lang='grc' dir='ltr'>τὴν</span> 
     </span>
    </p>

    <p class='ocr_par' dir='ltr' id='par_1_4' title="bbox 164 998 2576 1604">
     <span class='ocr_line' id='line_1_6' title="bbox 164 998 2571 1110; baseline 0.001 -31"><span class='ocrx_word' id='word_1_53' title='bbox 164 998 476 1102; x_wconf 78' lang='grc' dir='ltr'>ὃπριότην</span> <span class='ocrx_word' id='word_1_54' title='bbox 508 1002 826 1110; x_wconf 71' lang='grc' dir='ltr'>ἀπέφηνε</span> <span class='ocrx_word' id='word_1_55' title='bbox 873 1004 1206 1105; x_wconf 81' lang='grc' dir='ltr'>τοιαύτην</span> <span class='ocrx_word' id='word_1_56' title='bbox 1242 1004 1465 1106; x_wconf 78' lang='grc' dir='ltr'>αὐτὴν</span> <span class='ocrx_word' id='word_1_57' title='bbox 1517 1007 1614 1089; x_wconf 83' lang='grc' dir='ltr'>ὦς</span> <span class='ocrx_word' id='word_1_58' title='bbox 1663 1003 1840 1105; x_wconf 76' lang='grc' dir='ltr'>μηδὲ</span> <span class='ocrx_word' id='word_1_59' title='bbox 1893 1005 2085 1089; x_wconf 78' lang='grc' dir='ltr'>ὅλως</span> <span class='ocrx_word' id='word_1_60' title='bbox 2135 1002 2571 1110; x_wconf 79' lang='grc' dir='ltr'>δεδοξάσθαι</span> 
     </span>
     <span class='ocr_line' id='line_1_7' title="bbox 215 1122 2574 1231; baseline 0.003 -32"><span class='ocrx_word' id='word_1_61' title='bbox 215 1122 433 1206; x_wconf 84' lang='grc' dir='ltr'>δοκεῖν.</span> <span class='ocrx_word' id='word_1_62' title='bbox 511 1126 728 1230; x_wconf 81' lang='grc' dir='ltr'>ὅνπερ</span> <span class='ocrx_word' id='word_1_63' title='bbox 792 1127 936 1231; x_wconf 81' lang='grc' dir='ltr'>γὰρ</span> <span class='ocrx_word' id='word_1_64' title='bbox 997 1127 1267 1230; x_wconf 86' lang='grc' dir='ltr'>τρόπον</span> <span class='ocrx_word' id='word_1_65' title='bbox 1330 1127 1581 1212; x_wconf 84' lang='grc' dir='ltr'>νυκτὸς</span> <span class='ocrx_word' id='word_1_66' title='bbox 1652 1127 2010 1229; x_wconf 72' lang='grc' dir='ltr'>μενούσης</span> <span class='ocrx_word' id='word_1_67' title='bbox 2084 1128 2186 1207; x_wconf 83' lang='grc' dir='ltr'>ἔτι</span> <span class='ocrx_word' id='word_1_68' title='bbox 2264 1131 2381 1207; x_wconf 77' lang='grc' dir='ltr'>καὶ</span> <span class='ocrx_word' id='word_1_69' title='bbox 2445 1136 2574 1206; x_wconf 90' lang='grc' dir='ltr'>τοῦ</span> 
     </span>
     <span class='ocr_line' id='line_1_8' title="bbox 212 1248 2571 1351; baseline 0.002 -28"><span class='ocrx_word' id='word_1_70' title='bbox 212 1248 344 1324; x_wconf 90' lang='grc' dir='ltr'>κατ’</span> <span class='ocrx_word' id='word_1_71' title='bbox 379 1248 591 1349; x_wconf 79' lang='grc' dir='ltr'>αὐτὴν</span> <span class='ocrx_word' id='word_1_72' title='bbox 627 1250 934 1336; x_wconf 88' lang='grc' dir='ltr'>σκότους</span> <span class='ocrx_word' id='word_1_73' title='bbox 981 1252 1143 1332; x_wconf 90' lang='grc' dir='ltr'>τόδε</span> <span class='ocrx_word' id='word_1_74' title='bbox 1196 1251 1279 1332; x_wconf 83' lang='grc' dir='ltr'>τὸ</span> <span class='ocrx_word' id='word_1_75' title='bbox 1331 1250 1634 1351; x_wconf 80' lang='grc' dir='ltr'>σύμπαν</span> <span class='ocrx_word' id='word_1_76' title='bbox 1686 1252 2350 1348; x_wconf 87' lang='grc' dir='ltr'>καταμελαίνοντος,</span> <span class='ocrx_word' id='word_1_77' title='bbox 2388 1252 2571 1329; x_wconf 82' lang='grc' dir='ltr'>ἀπα-</span> 
     </span>
     <span class='ocr_line' id='line_1_9' title="bbox 212 1367 2575 1481; baseline 0.002 -33"><span class='ocrx_word' id='word_1_78' title='bbox 212 1367 530 1472; x_wconf 82' lang='grc' dir='ltr'>στράπτει</span> <span class='ocrx_word' id='word_1_79' title='bbox 562 1373 698 1474; x_wconf 75' lang='grc' dir='ltr'>μὲν</span> <span class='ocrx_word' id='word_1_80' title='bbox 734 1372 984 1478; x_wconf 74' lang='grc' dir='ltr'>ὥσπερ</span> <span class='ocrx_word' id='word_1_81' title='bbox 1033 1379 1162 1475; x_wconf 80' lang='grc' dir='ltr'>τῆς</span> <span class='ocrx_word' id='word_1_82' title='bbox 1216 1373 1535 1475; x_wconf 84' lang='grc' dir='ltr'>σελήνης</span> <span class='ocrx_word' id='word_1_83' title='bbox 1590 1377 1631 1454; x_wconf 82' lang='grc' dir='ltr'><em>ὃ</em></span> <span class='ocrx_word' id='word_1_84' title='bbox 1683 1373 1975 1471; x_wconf 80' lang='grc' dir='ltr'>κύκλος,</span> <span class='ocrx_word' id='word_1_85' title='bbox 2037 1373 2261 1481; x_wconf 81' lang='grc' dir='ltr'>δόξαν</span> <span class='ocrx_word' id='word_1_86' title='bbox 2310 1373 2387 1453; x_wconf 80' lang='grc' dir='ltr'>δὲ</span> <span class='ocrx_word' id='word_1_87' title='bbox 2443 1372 2575 1472; x_wconf 82' lang='grc' dir='ltr'>τὴν</span> 
     </span>
     <span class='ocr_line' id='line_1_10' title="bbox 214 1494 2576 1604; baseline 0.001 -30"><span class='ocrx_word' id='word_1_88' title='bbox 214 1494 371 1574; x_wconf 81' lang='grc' dir='ltr'>ἰδίαν</span> <span class='ocrx_word' id='word_1_89' title='bbox 404 1497 542 1602; x_wconf 79' lang='grc' dir='ltr'>ἔχει</span> <span class='ocrx_word' id='word_1_90' title='bbox 577 1502 621 1580; x_wconf 84' lang='grc' dir='ltr'><em>ὃ</em></span> <span class='ocrx_word' id='word_1_91' title='bbox 654 1506 799 1578; x_wconf 80' lang='grc' dir='ltr'>τῶν</span> <span class='ocrx_word' id='word_1_92' title='bbox 831 1499 1124 1602; x_wconf 77' lang='grc' dir='ltr'>ἄστρων</span> <span class='ocrx_word' id='word_1_93' title='bbox 1158 1498 1397 1604; x_wconf 89' lang='grc' dir='ltr'>χορός·</span> <span class='ocrx_word' id='word_1_94' title='bbox 1466 1498 1677 1598; x_wconf 80' lang='grc' dir='ltr'>ἡλίου</span> <span class='ocrx_word' id='word_1_95' title='bbox 1727 1497 1952 1600; x_wconf 83' lang='grc' dir='ltr'>γεμὴν</span> <span class='ocrx_word' id='word_1_96' title='bbox 1989 1498 2414 1602; x_wconf 77' lang='grc' dir='ltr'>ἀνίσχοντος</span> <span class='ocrx_word' id='word_1_97' title='bbox 2458 1502 2576 1577; x_wconf 86' lang='grc' dir='ltr'>καὶ</span> 
     </span>
    </p>

    <p class='ocr_par' dir='ltr' id='par_1_5' title="bbox 132 1618 2576 2223">
     <span class='ocr_line' id='line_1_11' title="bbox 132 1618 2574 1729; baseline -0.001 -27"><span class='ocrx_word' id='word_1_98' title='bbox 132 1650 193 1691; x_wconf 88' lang='lat'>10</span> <span class='ocrx_word' id='word_1_99' title='bbox 210 1621 319 1718; x_wconf 82' lang='grc' dir='ltr'>τῆς</span> <span class='ocrx_word' id='word_1_100' title='bbox 366 1622 611 1703; x_wconf 81' lang='grc' dir='ltr'>ἑαυτοῦ</span> <span class='ocrx_word' id='word_1_101' title='bbox 663 1627 1135 1726; x_wconf 85' lang='grc' dir='ltr'>μαρμαρυγῆς</span> <span class='ocrx_word' id='word_1_102' title='bbox 1190 1624 1592 1706; x_wconf 82' lang='grc' dir='ltr'>ἁπλοῦντος</span> <span class='ocrx_word' id='word_1_103' title='bbox 1647 1618 1781 1720; x_wconf 85' lang='grc' dir='ltr'>τὴν</span> <span class='ocrx_word' id='word_1_104' title='bbox 1833 1621 2079 1728; x_wconf 81' lang='grc' dir='ltr'>δόξαν,</span> <span class='ocrx_word' id='word_1_105' title='bbox 2128 1622 2427 1722; x_wconf 87' lang='grc' dir='ltr'>ἤτταται</span> <span class='ocrx_word' id='word_1_106' title='bbox 2471 1625 2574 1729; x_wconf 77' lang='grc' dir='ltr'>τῷ</span> 
     </span>
     <span class='ocr_line' id='line_1_12' title="bbox 209 1743 2567 1853; baseline 0.001 -32"><span class='ocrx_word' id='word_1_107' title='bbox 209 1746 564 1850; x_wconf 79' lang='grc' dir='ltr'>προῦχοντι</span> <span class='ocrx_word' id='word_1_108' title='bbox 626 1751 754 1846; x_wconf 85' lang='grc' dir='ltr'>τῆς</span> <span class='ocrx_word' id='word_1_109' title='bbox 788 1744 1106 1848; x_wconf 84' lang='grc' dir='ltr'>σελήνης</span> <span class='ocrx_word' id='word_1_110' title='bbox 1152 1746 1237 1827; x_wconf 80' lang='grc' dir='ltr'>τὸ</span> <span class='ocrx_word' id='word_1_111' title='bbox 1275 1753 1454 1853; x_wconf 82' lang='grc' dir='ltr'>φῶς,</span> <span class='ocrx_word' id='word_1_112' title='bbox 1493 1745 1672 1826; x_wconf 78' lang='grc' dir='ltr'>ἔοικε</span> <span class='ocrx_word' id='word_1_113' title='bbox 1710 1746 1799 1826; x_wconf 79' lang='grc' dir='ltr'>δέ</span> <span class='ocrx_word' id='word_1_114' title='bbox 1835 1780 1990 1830; x_wconf 88' lang='grc' dir='ltr'>πως</span> <span class='ocrx_word' id='word_1_115' title='bbox 2024 1743 2205 1845; x_wconf 83' lang='grc' dir='ltr'>μηδὲ</span> <span class='ocrx_word' id='word_1_116' title='bbox 2242 1746 2567 1851; x_wconf 87' lang='grc' dir='ltr'>πεφωτί-</span> 
     </span>
     <span class='ocr_line' id='line_1_13' title="bbox 209 1867 2567 1974; baseline 0.002 -30"><span class='ocrx_word' id='word_1_117' title='bbox 209 1872 364 1948; x_wconf 90' lang='grc' dir='ltr'>σθαι</span> <span class='ocrx_word' id='word_1_118' title='bbox 397 1872 654 1951; x_wconf 88' lang='grc' dir='ltr'>δοκεῖν·</span> <span class='ocrx_word' id='word_1_119' title='bbox 735 1867 919 1952; x_wconf 79' lang='grc' dir='ltr'>κατὰ</span> <span class='ocrx_word' id='word_1_120' title='bbox 951 1870 1076 1950; x_wconf 82' lang='grc' dir='ltr'>τὸν</span> <span class='ocrx_word' id='word_1_121' title='bbox 1112 1870 1328 1951; x_wconf 80' lang='grc' dir='ltr'>αὐτὸν</span> <span class='ocrx_word' id='word_1_122' title='bbox 1365 1867 1559 1970; x_wconf 79' lang='grc' dir='ltr'>οἶμαι</span> <span class='ocrx_word' id='word_1_123' title='bbox 1595 1868 1892 1974; x_wconf 85' lang='grc' dir='ltr'>τρόπον,</span> <span class='ocrx_word' id='word_1_124' title='bbox 1932 1868 2060 1950; x_wconf 81' lang='grc' dir='ltr'>τὸν</span> <span class='ocrx_word' id='word_1_125' title='bbox 2095 1874 2240 1949; x_wconf 80' lang='grc' dir='ltr'>τῶν</span> <span class='ocrx_word' id='word_1_126' title='bbox 2275 1902 2567 1972; x_wconf 85' lang='grc' dir='ltr'>προκει-</span> 
     </span>
     <span class='ocr_line' id='line_1_14' title="bbox 206 1987 2575 2101; baseline 0.002 -32"><span class='ocrx_word' id='word_1_127' title='bbox 206 1988 411 2085; x_wconf 80' lang='grc' dir='ltr'>μένων</span> <span class='ocrx_word' id='word_1_128' title='bbox 444 1993 697 2100; x_wconf 76' lang='grc' dir='ltr'>ἐκδέξῃ</span> <span class='ocrx_word' id='word_1_129' title='bbox 736 2002 922 2074; x_wconf 86' lang='grc' dir='ltr'>νοῦν.</span> <span class='ocrx_word' id='word_1_130' title='bbox 986 1994 1072 2075; x_wconf 86' lang='grc' dir='ltr'>τὸ</span> <span class='ocrx_word' id='word_1_131' title='bbox 1109 1992 1253 2097; x_wconf 81' lang='grc' dir='ltr'>γάρ</span> <span class='ocrx_word' id='word_1_132' title='bbox 1288 2027 1399 2074; x_wconf 90' lang='grc' dir='ltr'>τοι</span> <span class='ocrx_word' id='word_1_133' title='bbox 1437 1987 1932 2101; x_wconf 51' lang='grc' dir='ltr'>δεδοξασμένον,</span> <span class='ocrx_word' id='word_1_134' title='bbox 1960 1996 2175 2098; x_wconf 78' lang='grc' dir='ltr'>φησὶ,</span> <span class='ocrx_word' id='word_1_135' title='bbox 2205 1991 2575 2073; x_wconf 79' lang='grc' dir='ltr'>τουτέστιν</span> 
     </span>
     <span class='ocr_line' id='line_1_15' title="bbox 207 2112 2576 2223; baseline 0.001 -31"><span class='ocrx_word' id='word_1_136' title='bbox 207 2112 246 2210; x_wconf 86' lang='grc' dir='ltr'><em>ἦ</em></span> <span class='ocrx_word' id='word_1_137' title='bbox 276 2124 391 2194; x_wconf 92' lang='grc' dir='ltr'>τοῦ</span> <span class='ocrx_word' id='word_1_138' title='bbox 424 2115 647 2215; x_wconf 89' lang='grc' dir='ltr'>νόμου</span> <span class='ocrx_word' id='word_1_139' title='bbox 682 2118 1026 2216; x_wconf 86' lang='grc' dir='ltr'>διακονία,</span> <span class='ocrx_word' id='word_1_140' title='bbox 1060 2117 1285 2198; x_wconf 88' lang='grc' dir='ltr'>καίτοι</span> <span class='ocrx_word' id='word_1_141' title='bbox 1323 2123 1663 2221; x_wconf 82' lang='grc' dir='ltr'>λαχοῦσα</span> <span class='ocrx_word' id='word_1_142' title='bbox 1700 2114 1900 2218; x_wconf 81' lang='grc' dir='ltr'>παρὰ</span> <span class='ocrx_word' id='word_1_143' title='bbox 1928 2120 2121 2196; x_wconf 83' lang='grc' dir='ltr'>Θεοῦ</span> <span class='ocrx_word' id='word_1_144' title='bbox 2159 2115 2292 2215; x_wconf 82' lang='grc' dir='ltr'>τὴν</span> <span class='ocrx_word' id='word_1_145' title='bbox 2329 2114 2576 2223; x_wconf 81' lang='grc' dir='ltr'>δόξαν,</span> 
     </span>
    </p>

    <p class='ocr_par' dir='ltr' id='par_1_6' title="bbox 128 2234 2578 2718">
     <span class='ocr_line' id='line_1_16' title="bbox 128 2234 2575 2349; baseline 0.006 -38"><span class='ocrx_word' id='word_1_146' title='bbox 128 2251 185 2311; x_wconf 88' lang='lat'>15</span> <span class='ocrx_word' id='word_1_147' title='bbox 207 2234 369 2317; x_wconf 78' lang='grc' dir='ltr'>ἔοικέ</span> <span class='ocrx_word' id='word_1_148' title='bbox 392 2275 542 2326; x_wconf 89' lang='grc' dir='ltr'>πως</span> <span class='ocrx_word' id='word_1_149' title='bbox 575 2239 681 2342; x_wconf 85' lang='grc' dir='ltr'>μὴ</span> <span class='ocrx_word' id='word_1_150' title='bbox 705 2238 1138 2349; x_wconf 80' lang='grc' dir='ltr'>δεδοξάσθαι</span> <span class='ocrx_word' id='word_1_151' title='bbox 1172 2237 1304 2338; x_wconf 84' lang='grc' dir='ltr'>τὴν</span> <span class='ocrx_word' id='word_1_152' title='bbox 1325 2238 1557 2346; x_wconf 86' lang='grc' dir='ltr'>ἀρχὴν</span> <span class='ocrx_word' id='word_1_153' title='bbox 1595 2238 1821 2320; x_wconf 73' lang='grc' dir='ltr'>εἵνεκεν</span> <span class='ocrx_word' id='word_1_154' title='bbox 1857 2238 1972 2334; x_wconf 71' lang='grc' dir='ltr'>τ’ἧς</span> <span class='ocrx_word' id='word_1_155' title='bbox 2009 2238 2575 2349; x_wconf 73' lang='grc' dir='ltr'>ὑπερβαλλούσης</span> 
     </span>
     <span class='ocr_line' id='line_1_17' title="bbox 206 2353 2576 2470; baseline 0.002 -32"><span class='ocrx_word' id='word_1_156' title='bbox 206 2353 394 2468; x_wconf 58' lang='grc' dir='ltr'>δόξης,</span> <span class='ocrx_word' id='word_1_157' title='bbox 430 2369 558 2465; x_wconf 84' lang='grc' dir='ltr'>τῆς</span> <span class='ocrx_word' id='word_1_158' title='bbox 603 2363 1088 2468; x_wconf 71' lang='grc' dir='ltr'>δεδωρημένης</span> <span class='ocrx_word' id='word_1_159' title='bbox 1137 2362 1472 2464; x_wconf 87' lang='grc' dir='ltr'>δηλονότι</span> <span class='ocrx_word' id='word_1_160' title='bbox 1523 2369 1672 2446; x_wconf 87' lang='grc' dir='ltr'>τοῖς</span> <span class='ocrx_word' id='word_1_161' title='bbox 1709 2367 2120 2443; x_wconf 87' lang='grc' dir='ltr'>διακονοῦσι</span> <span class='ocrx_word' id='word_1_162' title='bbox 2156 2369 2261 2470; x_wconf 76' lang='grc' dir='ltr'>τῷ</span> <span class='ocrx_word' id='word_1_163' title='bbox 2298 2363 2463 2469; x_wconf 88' lang='grc' dir='ltr'>θείω</span> <span class='ocrx_word' id='word_1_164' title='bbox 2499 2397 2576 2442; x_wconf 92' lang='grc' dir='ltr'>τε</span> 
     </span>
     <span class='ocr_line' id='line_1_18' title="bbox 206 2484 2578 2597; baseline 0.003 -38"><span class='ocrx_word' id='word_1_165' title='bbox 206 2486 307 2562; x_wconf 78' lang='grc' dir='ltr'>καὶ</span> <span class='ocrx_word' id='word_1_166' title='bbox 337 2487 773 2597; x_wconf 77' lang='grc' dir='ltr'>εὖαγγελικῴ</span> <span class='ocrx_word' id='word_1_167' title='bbox 806 2487 1231 2592; x_wconf 80' lang='grc' dir='ltr'>κηρύγματι·</span> <span class='ocrx_word' id='word_1_168' title='bbox 1298 2493 1721 2593; x_wconf 87' lang='grc' dir='ltr'>παραχωρεῖ</span> <span class='ocrx_word' id='word_1_169' title='bbox 1749 2484 1892 2591; x_wconf 77' lang='grc' dir='ltr'>γάρ</span> <span class='ocrx_word' id='word_1_170' title='bbox 1926 2521 2080 2571; x_wconf 90' lang='grc' dir='ltr'>πως</span> <span class='ocrx_word' id='word_1_171' title='bbox 2117 2489 2221 2568; x_wconf 89' lang='grc' dir='ltr'>ἀει</span> <span class='ocrx_word' id='word_1_172' title='bbox 2258 2520 2342 2566; x_wconf 89' lang='grc' dir='ltr'>το</span> <span class='ocrx_word' id='word_1_173' title='bbox 2379 2492 2578 2587; x_wconf 88' lang='grc' dir='ltr'>μεῖον</span> 
     </span>
     <span class='ocr_line' id='line_1_19' title="bbox 203 2610 733 2718; baseline 0 -27"><span class='ocrx_word' id='word_1_174' title='bbox 203 2610 292 2715; x_wconf 67' lang='grc' dir='ltr'>τῷ</span> <span class='ocrx_word' id='word_1_175' title='bbox 320 2615 733 2718; x_wconf 91' lang='grc' dir='ltr'>προυχοντι.</span> 
     </span>
    </p>
   </div>
   <div class='ocr_carea' id='block_1_4' title="bbox 119 2863 2673 3091">
    <p class='ocr_par' dir='ltr' id='par_1_7' title="bbox 119 2863 2673 3091">
     <span class='ocr_line' id='line_1_20' title="bbox 207 2863 2673 2963; baseline 0.005 -32"><span class='ocrx_word' id='word_1_176' title='bbox 207 2863 266 2931; x_wconf 79' lang='grc' dir='ltr'>Εἰ</span> <span class='ocrx_word' id='word_1_177' title='bbox 315 2869 428 2961; x_wconf 63' lang='grc' dir='ltr'>τὰρ</span> <span class='ocrx_word' id='word_1_178' title='bbox 479 2871 558 2939; x_wconf 87' lang='grc' dir='ltr'>τὸ</span> <span class='ocrx_word' id='word_1_179' title='bbox 615 2873 1139 2963; x_wconf 68' lang='grc' dir='ltr'>καταρτοὺμενον</span> <span class='ocrx_word' id='word_1_180' title='bbox 1196 2872 1301 2939; x_wconf 80' lang='grc' dir='ltr'>διὰ</span> <span class='ocrx_word' id='word_1_181' title='bbox 1357 2872 1575 2954; x_wconf 66' lang='grc' dir='ltr'>δόξης,</span> <span class='ocrx_word' id='word_1_182' title='bbox 1630 2875 1863 2959; x_wconf 77' lang='grc' dir='ltr'>πολλῷ</span> <span class='ocrx_word' id='word_1_183' title='bbox 1914 2879 2167 2951; x_wconf 77' lang='grc' dir='ltr'>μᾶλλον</span> <span class='ocrx_word' id='word_1_184' title='bbox 2222 2873 2298 2939; x_wconf 91' lang='grc' dir='ltr'>τὸ</span> <span class='ocrx_word' id='word_1_185' title='bbox 2349 2874 2565 2954; x_wconf 76' lang='grc' dir='ltr'>μένον,</span> <span class='ocrx_word' id='word_1_186' title='bbox 2608 2901 2673 2943; x_wconf 88' lang='lat'>11</span> 
     </span>
     <span class='ocr_line' id='line_1_21' title="bbox 119 2998 1537 3091; baseline 0.001 -29"><span class='ocrx_word' id='word_1_187' title='bbox 119 3022 180 3064; x_wconf 68' lang='grc' dir='ltr'>ιο</span> <span class='ocrx_word' id='word_1_188' title='bbox 1229 2998 1299 3065; x_wconf 71' lang='grc' dir='ltr'>ἐν</span> <span class='ocrx_word' id='word_1_189' title='bbox 1352 2998 1537 3091; x_wconf 60' lang='grc' dir='ltr'>δόξῃ.</span> 
     </span>
    </p>
   </div>
   <div class='ocr_carea' id='block_1_5' title="bbox 195 3167 2579 3644">
    <p class='ocr_par' dir='ltr' id='par_1_8' title="bbox 195 3167 2579 3644">
     <span class='ocr_line' id='line_1_22' title="bbox 294 3167 2571 3278; baseline 0.003 -32"><span class='ocrx_word' id='word_1_190' title='bbox 294 3167 393 3247; x_wconf 88' lang='grc' dir='ltr'>Τί</span> <span class='ocrx_word' id='word_1_191' title='bbox 429 3167 503 3251; x_wconf 76' lang='grc' dir='ltr'><em>τό</em></span> <span class='ocrx_word' id='word_1_192' title='bbox 552 3168 1131 3278; x_wconf 75' lang='grc' dir='ltr'>καταργούμενονς</span> <span class='ocrx_word' id='word_1_193' title='bbox 1189 3170 1235 3271; x_wconf 86' lang='grc' dir='ltr'><strong><em>ἡ</em></strong></span> <span class='ocrx_word' id='word_1_194' title='bbox 1273 3168 1448 3251; x_wconf 81' lang='grc' dir='ltr'>σκιὰ</span> <span class='ocrx_word' id='word_1_195' title='bbox 1492 3174 1609 3251; x_wconf 79' lang='grc' dir='ltr'>καὶ</span> <span class='ocrx_word' id='word_1_196' title='bbox 1647 3170 1688 3249; x_wconf 84' lang='grc' dir='ltr'>ό</span> <span class='ocrx_word' id='word_1_197' title='bbox 1727 3168 1939 3269; x_wconf 91' lang='grc' dir='ltr'>νόμος</span> <span class='ocrx_word' id='word_1_198' title='bbox 1981 3169 2204 3271; x_wconf 79' lang='grc' dir='ltr'>ἤγουν</span> <span class='ocrx_word' id='word_1_199' title='bbox 2241 3170 2281 3249; x_wconf 82' lang='grc' dir='ltr'>ὁ</span> <span class='ocrx_word' id='word_1_200' title='bbox 2319 3167 2571 3266; x_wconf 86' lang='grc' dir='ltr'>τύπος,</span> 
     </span>
     <span class='ocr_line' id='line_1_23' title="bbox 198 3286 2575 3405; baseline 0.004 -41"><span class='ocrx_word' id='word_1_201' title='bbox 198 3286 457 3369; x_wconf 80' lang='grc' dir='ltr'>τίδὲ</span> <span class='ocrx_word' id='word_1_202' title='bbox 394 3328 465 3373; x_wconf 91' lang='grc' dir='ltr'>το</span> <span class='ocrx_word' id='word_1_203' title='bbox 492 3291 727 3397; x_wconf 81' lang='grc' dir='ltr'>μένον·</span> <span class='ocrx_word' id='word_1_204' title='bbox 785 3292 876 3372; x_wconf 80' lang='grc' dir='ltr'>τὰ</span> <span class='ocrx_word' id='word_1_205' title='bbox 911 3302 1040 3373; x_wconf 88' lang='grc' dir='ltr'>τοῦ</span> <span class='ocrx_word' id='word_1_206' title='bbox 1076 3298 1267 3373; x_wconf 83' lang='grc' dir='ltr'>Θεοῦ</span> <span class='ocrx_word' id='word_1_207' title='bbox 1307 3295 1806 3394; x_wconf 88' lang='grc' dir='ltr'>θεσπίσματα.</span> <span class='ocrx_word' id='word_1_208' title='bbox 1883 3296 2140 3375; x_wconf 82' lang='grc' dir='ltr'>οὐκοῦν</span> <span class='ocrx_word' id='word_1_209' title='bbox 2176 3298 2294 3374; x_wconf 85' lang='grc' dir='ltr'>καὶ</span> <span class='ocrx_word' id='word_1_210' title='bbox 2327 3294 2387 3374; x_wconf 82' lang='grc' dir='ltr'>ἐν</span> <span class='ocrx_word' id='word_1_211' title='bbox 2424 3289 2575 3405; x_wconf 70' lang='grc' dir='ltr'>ὃοξη</span> 
     </span>
     <span class='ocr_line' id='line_1_24' title="bbox 195 3408 2579 3524; baseline 0.002 -33"><span class='ocrx_word' id='word_1_212' title='bbox 195 3408 274 3510; x_wconf 85' lang='grc' dir='ltr'>ἦν</span> <span class='ocrx_word' id='word_1_213' title='bbox 312 3414 354 3513; x_wconf 88' lang='grc' dir='ltr'><strong><em>ἡ</em></strong></span> <span class='ocrx_word' id='word_1_214' title='bbox 401 3415 603 3515; x_wconf 77' lang='grc' dir='ltr'>σκιὰ,</span> <span class='ocrx_word' id='word_1_215' title='bbox 654 3418 824 3497; x_wconf 87' lang='grc' dir='ltr'>ἀλλ’</span> <span class='ocrx_word' id='word_1_216' title='bbox 866 3418 944 3495; x_wconf 84' lang='grc' dir='ltr'>ἐν</span> <span class='ocrx_word' id='word_1_217' title='bbox 999 3415 1179 3524; x_wconf 76' lang='grc' dir='ltr'>δόξῃ</span> <span class='ocrx_word' id='word_1_218' title='bbox 1236 3418 1766 3524; x_wconf 78' lang='grc' dir='ltr'>διαφανεστέρα</span> <span class='ocrx_word' id='word_1_219' title='bbox 1813 3452 1906 3497; x_wconf 90' lang='grc' dir='ltr'>τα</span> <span class='ocrx_word' id='word_1_220' title='bbox 1941 3423 2302 3521; x_wconf 87' lang='grc' dir='ltr'>Χριστοῦ·</span> <span class='ocrx_word' id='word_1_221' title='bbox 2385 3416 2579 3516; x_wconf 80' lang='grc' dir='ltr'>με’νει</span> 
     </span>
     <span class='ocr_line' id='line_1_25' title="bbox 195 3533 1763 3644; baseline 0.001 -25"><span class='ocrx_word' id='word_1_222' title='bbox 195 3533 320 3640; x_wconf 74' lang='grc' dir='ltr'>γὰρ</span> <span class='ocrx_word' id='word_1_223' title='bbox 372 3544 431 3620; x_wconf 83' lang='grc' dir='ltr'>εἱ</span> <span class='ocrx_word' id='word_1_224' title='bbox 488 3538 1024 3643; x_wconf 87' lang='grc' dir='ltr'>κατακρατήσει</span> <span class='ocrx_word' id='word_1_225' title='bbox 1080 3545 1209 3640; x_wconf 84' lang='grc' dir='ltr'>τῆς</span> <span class='ocrx_word' id='word_1_226' title='bbox 1264 3542 1378 3621; x_wconf 85' lang='grc' dir='ltr'>ὑπ’</span> <span class='ocrx_word' id='word_1_227' title='bbox 1436 3541 1763 3644; x_wconf 81' lang='grc' dir='ltr'>οὐρανόν.</span> 
     </span>
    </p>
   </div>
   <div class='ocr_carea' id='block_1_6' title="bbox 115 3796 2682 3892">
    <p class='ocr_par' dir='ltr' id='par_1_9' title="bbox 115 3796 2682 3892">
     <span class='ocr_line' id='line_1_26' title="bbox 115 3796 2682 3892; baseline 0.001 -31"><span class='ocrx_word' id='word_1_228' title='bbox 115 3804 173 3861; x_wconf 82' lang='lat'>²5</span> <span class='ocrx_word' id='word_1_229' title='bbox 286 3797 596 3887; x_wconf 68' lang='grc' dir='ltr'>Ἔχοντες</span> <span class='ocrx_word' id='word_1_230' title='bbox 654 3796 767 3865; x_wconf 79' lang='grc' dir='ltr'>οὖν</span> <span class='ocrx_word' id='word_1_231' title='bbox 821 3802 1127 3867; x_wconf 65' lang='grc' dir='ltr'>τοιαύτην</span> <span class='ocrx_word' id='word_1_232' title='bbox 1180 3800 1416 3867; x_wconf 76' lang='grc' dir='ltr'>ἐλπίδα</span> <span class='ocrx_word' id='word_1_233' title='bbox 1469 3805 1685 3868; x_wconf 66' lang='grc' dir='ltr'>πολλῆ</span> <span class='ocrx_word' id='word_1_234' title='bbox 1741 3798 2072 3892; x_wconf 71' lang='grc' dir='ltr'>παῤῥκσῖᾳ</span> <span class='ocrx_word' id='word_1_235' title='bbox 2125 3798 2453 3889; x_wconf 84' lang='grc' dir='ltr'>χρώμεθα.</span> <span class='ocrx_word' id='word_1_236' title='bbox 2612 3844 2682 3885; x_wconf 74' lang='lat'>12</span> 
     </span>
    </p>
   </div>
   <div class='ocr_carea' id='block_1_7' title="bbox 192 3965 2887 4451">
    <p class='ocr_par' dir='ltr' id='par_1_10' title="bbox 192 3965 2871 4451">
     <span class='ocr_line' id='line_1_27' title="bbox 295 3965 2580 4075; baseline -0 -26"><span class='ocrx_word' id='word_1_237' title='bbox 295 3970 527 4050; x_wconf 90' lang='grc' dir='ltr'>Ποίαν</span> <span class='ocrx_word' id='word_1_238' title='bbox 565 3965 879 4066; x_wconf 64' lang='grc' dir='ltr'>ελπίδας</span> <span class='ocrx_word' id='word_1_239' title='bbox 929 4005 1012 4051; x_wconf 90' lang='grc' dir='ltr'>το</span> <span class='ocrx_word' id='word_1_240' title='bbox 1051 3975 1445 4052; x_wconf 84' lang='grc' dir='ltr'>ικανῶσθαι</span> <span class='ocrx_word' id='word_1_241' title='bbox 1486 4007 1687 4075; x_wconf 91' lang='grc' dir='ltr'>παρα</span> <span class='ocrx_word' id='word_1_242' title='bbox 1721 3977 1912 4052; x_wconf 92' lang='grc' dir='ltr'>Θεοῦ</span> <span class='ocrx_word' id='word_1_243' title='bbox 1949 4006 2066 4050; x_wconf 91' lang='grc' dir='ltr'>και</span> <span class='ocrx_word' id='word_1_244' title='bbox 2102 3971 2360 4074; x_wconf 89' lang='grc' dir='ltr'>ἀρτίως</span> <span class='ocrx_word' id='word_1_245' title='bbox 2396 3969 2580 4075; x_wconf 80' lang='grc' dir='ltr'>ἔχειν</span> 
     </span>
     <span class='ocr_line' id='line_1_28' title="bbox 194 4087 2887 4199; baseline 0.003 -30"><span class='ocrx_word' id='word_1_246' title='bbox 194 4087 298 4169; x_wconf 78' lang='grc' dir='ltr'>διὰ</span> <span class='ocrx_word' id='word_1_247' title='bbox 346 4096 472 4193; x_wconf 79' lang='grc' dir='ltr'>τῆς</span> <span class='ocrx_word' id='word_1_248' title='bbox 517 4092 816 4199; x_wconf 83' lang='grc' dir='ltr'>χάριτος</span> <span class='ocrx_word' id='word_1_249' title='bbox 858 4128 1042 4196; x_wconf 88' lang='grc' dir='ltr'>προς</span> <span class='ocrx_word' id='word_1_250' title='bbox 1084 4130 1167 4175; x_wconf 92' lang='grc' dir='ltr'>το</span> <span class='ocrx_word' id='word_1_251' title='bbox 1218 4092 1393 4176; x_wconf 84' lang='grc' dir='ltr'>ειναι</span> <span class='ocrx_word' id='word_1_252' title='bbox 1449 4107 1493 4144; x_wconf 85' lang='grc'><strong>“</strong></span> <span class='ocrx_word' id='word_1_253' title='bbox 1522 4095 1886 4179; x_wconf 87' lang='grc' dir='ltr'>διακόνους</span> <span class='ocrx_word' id='word_1_254' title='bbox 1941 4097 2184 4193; x_wconf 84' lang='grc' dir='ltr'>καινῆς</span> <span class='ocrx_word' id='word_1_255' title='bbox 2240 4092 2579 4193; x_wconf 81' lang='grc' dir='ltr'>διαθήκης</span> <span class='ocrx_word' id='word_1_256' title='bbox 2603 4128 2766 4194; x_wconf 75' lang='lat' dir='ltr'>Supra</span> <span class='ocrx_word' id='word_1_257' title='bbox 2781 4144 2887 4179; x_wconf 74' lang='lat' dir='ltr'><strong>ver.</strong></span> 
     </span>
     <span class='ocr_line' id='line_1_29' title="bbox 194 4193 2654 4333; baseline 0.001 -40.089"><span class='ocrx_word' id='word_1_258' title='bbox 194 4216 345 4294; x_wconf 71' lang='lat' dir='ltr'><strong><em>“oz’t</em></strong></span> <span class='ocrx_word' id='word_1_259' title='bbox 405 4216 882 4319; x_wconf 73' lang='grc' dir='ltr'>γράμματοςῖ</span> <span class='ocrx_word' id='word_1_260' title='bbox 977 4219 1229 4323; x_wconf 80' lang='grc' dir='ltr'>πρέπει</span> <span class='ocrx_word' id='word_1_261' title='bbox 1295 4219 1371 4300; x_wconf 82' lang='grc' dir='ltr'>δὲ</span> <span class='ocrx_word' id='word_1_262' title='bbox 1434 4227 1581 4304; x_wconf 89' lang='grc' dir='ltr'>τοῖς</span> <span class='ocrx_word' id='word_1_263' title='bbox 1646 4217 1992 4303; x_wconf 85' lang='grc' dir='ltr'>τοιούτοις</span> <span class='ocrx_word' id='word_1_264' title='bbox 2054 4219 2138 4298; x_wconf 83' lang='grc' dir='ltr'>τὸ</span> <span class='ocrx_word' id='word_1_265' title='bbox 2204 4220 2281 4298; x_wconf 84' lang='grc' dir='ltr'>ἐν</span> <span class='ocrx_word' id='word_1_266' title='bbox 2348 4225 2580 4333; x_wconf 80' lang='grc' dir='ltr'>πολλη</span> <span class='ocrx_word' id='word_1_267' title='bbox 2543 4193 2654 4245; x_wconf 70' lang='lat'>“⁸⁶</span> 
     </span>
     <span class='ocr_line' id='line_1_30' title="bbox 192 4340 2572 4451; baseline 0.004 -36"><span class='ocrx_word' id='word_1_268' title='bbox 192 4342 516 4451; x_wconf 66' lang='grc' dir='ltr'>παῤῥηο-ίᾳ</span> <span class='ocrx_word' id='word_1_269' title='bbox 553 4348 832 4440; x_wconf 85' lang='grc' dir='ltr'>λαλεῖν,</span> <span class='ocrx_word' id='word_1_270' title='bbox 870 4344 1031 4424; x_wconf 80' lang='grc' dir='ltr'>οὔτε</span> <span class='ocrx_word' id='word_1_271' title='bbox 1068 4349 1215 4424; x_wconf 81' lang='grc' dir='ltr'>τῶν</span> <span class='ocrx_word' id='word_1_272' title='bbox 1249 4343 1495 4425; x_wconf 81' lang='grc' dir='ltr'>τύπων</span> <span class='ocrx_word' id='word_1_273' title='bbox 1532 4342 2086 4447; x_wconf 78' lang='grc' dir='ltr'>αἰσχυνομένους</span> <span class='ocrx_word' id='word_1_274' title='bbox 2123 4340 2207 4422; x_wconf 81' lang='grc' dir='ltr'>τὸ</span> <span class='ocrx_word' id='word_1_275' title='bbox 2245 4340 2572 4444; x_wconf 74' lang='grc' dir='ltr'>ἀδρανὲς,</span> 
     </span>
    </p>
   </div>
   <div class='ocr_carea' id='block_1_8' title="bbox 228 4567 2543 4643">
    <p class='ocr_par' dir='ltr' id='par_1_11' title="bbox 228 4567 2543 4643">
     <span class='ocr_line' id='line_1_31' title="bbox 228 4567 2543 4643; baseline -0.002 -17"><span class='ocrx_word' id='word_1_276' title='bbox 228 4578 305 4637; x_wconf 79' lang='lat'>¹7·</span> <span class='ocrx_word' id='word_1_277' title='bbox 336 4567 508 4641; x_wconf 75' lang='grc' dir='ltr'>μεῖον]</span> <span class='ocrx_word' id='word_1_278' title='bbox 534 4592 610 4639; x_wconf 82' lang='grc' dir='ltr'>μη</span> <span class='ocrx_word' id='word_1_279' title='bbox 634 4568 693 4626; x_wconf 76' lang='grc' dir='ltr'>ὃν</span> <span class='ocrx_word' id='word_1_280' title='bbox 716 4569 801 4641; x_wconf 91' lang='lat'>(=·=</span> <span class='ocrx_word' id='word_1_281' title='bbox 810 4570 979 4641; x_wconf 78' lang='grc' dir='ltr'>μεῖον)</span> <span class='ocrx_word' id='word_1_282' title='bbox 1007 4570 1145 4628; x_wconf 83' lang='lat' dir='ltr'><strong>eod.</strong></span> <span class='ocrx_word' id='word_1_283' title='bbox 1294 4590 1375 4643; x_wconf 91' lang='lat'>19.</span> <span class='ocrx_word' id='word_1_284' title='bbox 1417 4571 1564 4627; x_wconf 81' lang='lat' dir='ltr'><strong>Haec</strong></span> <span class='ocrx_word' id='word_1_285' title='bbox 1588 4570 1701 4627; x_wconf 86' lang='lat' dir='ltr'>duo</span> <span class='ocrx_word' id='word_1_286' title='bbox 1726 4570 1931 4627; x_wconf 71' lang='lat' dir='ltr'>scholia</span> <span class='ocrx_word' id='word_1_287' title='bbox 1954 4570 2111 4626; x_wconf 70' lang='lat' dir='ltr'>nobis</span> <span class='ocrx_word' id='word_1_288' title='bbox 2135 4568 2440 4640; x_wconf 74' lang='lat' dir='ltr'><strong>suppeditat</strong></span> <span class='ocrx_word' id='word_1_289' title='bbox 2468 4568 2543 4623; x_wconf 91' lang='lat' dir='ltr'>H.</span> 
     </span>
    </p>
   </div>
  </div>
 </body>
</html>
