3269 5166
361 419 647 487 [¹09M·]

349 2122 400 2170 S.
420 2121 458 2171 J
460 2136 572 2170 om.

351 2188 453 2237 ιὶν.
472 2201 521 2252 9.

350 2607 592 2667 1101.

350 2795 380 2829 ο
392 2778 536 2831 Maio
551 2795 570 2830 ι
582 2793 659 2831 ιο.

694 324 824 388 462
1351 321 1431 385 B.
1479 319 1855 386 CYRILLI
1908 319 2439 386 ALEXANDR.

691 485 889 565 θείαν
923 486 1039 565 καὶ
1088 483 1429 565 ἀνωτάτω
1480 484 1730 591 φύσιν,
1767 483 1947 586 μηδὲ
1998 487 2075 565 ἐν
2110 483 2384 570 τούτοις
2437 481 2612 564 εἶναι
2665 478 2936 583 νομίζειν
2975 479 3039 558 ἐν

688 605 795 691 οἷς
848 610 1049 688 ε’στιν
1097 607 1143 707 ἡ
1194 609 1473 705 κτίσις;
1532 609 1788 690 οὐκοῦν
1836 613 1896 689 εἶ
1947 610 2220 708 κτίσμα
2273 609 2358 688 τὸ
2406 596 2755 709 γεννηθὲν,
2790 602 3045 686 κτιστὸς

686 731 827 834 ἄρα
885 734 1004 811 καὶ
1064 732 1105 812 5
1164 732 1414 812 τεκών·
1473 733 1644 812 ἀλλ’
1702 732 1906 814 ἔστιν
1963 732 2306 835 ἀγένητος
2369 733 2410 811 5
2465 729 2739 835 Πατὴρ,
2788 730 2869 809 οὗ
2923 723 3047 830 γὰρ

684 853 932 958 γε’γονε
968 854 1170 960 παρά
1225 889 1433 954 τινος,
1473 856 1816 958 ἀγένητος
1851 857 1994 959 ἄρα
2039 859 2157 937 καὶ
2193 859 2233 935 5
2269 853 2470 941 Υἱός·
2532 858 2651 936 καὶ
2697 859 2754 934 εἰ
2801 884 3042 956 χαρακ-

684 976 819 1079 τήρ
864 981 1022 1058 ἐστι
1081 982 1210 1077 τῆς
1261 977 1738 1062 ὑποστάσεως·
1795 988 1923 1059 τοῦ
1981 977 2507 1082 γεγεννηκότος,
2547 976 2730 1063 Θεὸς
2776 975 2847 1057 δὲ
2893 971 3099 1054 κατὰ5

685 1099 1026 1201 ἀλήθειάν
1080 1103 1282 1182 ἐστιν
1336 1105 1378 1181 5
1433 1101 1678 1199 τεκὼν,
1717 1101 1904 1188 Θεὸς
1958 1101 2100 1206 ἄρα
2154 1107 2271 1183 καὶ
2327 1104 2366 1183 5
2422 1100 2785 1208 χαρακτὴρ
2838 1100 3047 1178 αὑτοῦ·

688 1224 1176 1329 χαρακτηρίζει
1218 1223 1382 1328 γὰρ,
1421 1223 1615 1306 Θεὸν
1661 1225 1793 1325 μὲν
1830 1225 2040 1323 Θεὸς,
2078 1228 2317 1307 κτίσιν
2371 1224 2447 1307 δὲ
2502 1226 2758 1311 κτίσις.
2833 1221 3051 1323 ὥσπερ

684 1346 833 1452 γὰρ
891 1348 958 1429 εἴ
1010 1382 1118 1432 τις
1174 1349 1518 1445 βούλοιτο
1581 1347 1714 1448 τὴν
1770 1348 2074 1451 γενητὴν
2137 1353 2254 1429 καὶ
2319 1349 2797 1450 πεποιημένην
2849 1346 3051 1427 κτίσιν

687 1472 1102 1579 καταδεῖξαί
1141 1506 1355 1567 τισιν,
1390 1473 1473 1551 οὐ
1510 1472 1803 1552 δύναται
1860 1472 2098 1574 λέγειν
2135 1472 2338 1575 Ὅρα
2392 1508 2514 1574 μοι
2569 1473 2702 1572 τὴν
2744 1476 2864 1572 τῆς
2910 1470 3043 1550 θεό·

685 1629 897 1695 τητος
934 1594 1185 1701 φύσιν,
1222 1599 1339 1676 καὶ
1389 1598 1466 1676 ἐκ
1516 1594 1779 1696 ταύτης
1829 1590 2185 1697 νοήσεις’
2147 1598 2440 1699 εκείνην·
2501 1595 2899 1705 ὀφθήσεται
2932 1593 3050 1696 γὰρ
3071 1622 3124 1663 10

683 1717 965 1818 ἀμαθὴς
1020 1720 1060 1797 5
1114 1727 1328 1798 τοῦτο
1383 1719 1644 1822 λε’·γων
1704 1721 1789 1800 οὐ
1841 1719 1984 1823 γὰρ
2038 1722 2083 1821 ἦ
2138 1725 2299 1877 „39ae
2317 1720 2652 1821 θεότητος
2701 1720 2914 1825 φύσις
2956 1717 3046 1822 ἐφ’

683 1844 899 1948 ἑαυτῇ
938 1842 1329 1949 καταδείξει
1364 1842 1497 1941 τὴν
1529 1842 1835 1944 γενητὴν
1870 1846 2150 1924 οὐσίαν·
2212 1847 2436 1930 οὕτως
2489 1844 2557 1924 εἴ
2595 1879 2707 1929 τις
2748 1843 3051 1940 βούλοιτο

683 1962 818 2065 τὴν
853 2000 1198 2047 ακτιστον
1235 1965 1463 2070 φύσιν
1501 1972 1690 2064 ἰδεῖν,
1730 1969 1858 2047 οὐκ
1895 2003 1984 2047 αν
2022 1968 2157 2048 ἴδοι
2198 1967 2466 2068 ταύτην
2502 1971 2600 2053 ὡς
2635 1972 2715 2049 ἐν
2751 1966 2948 2047 εἰκόνι
2977 1969 3050 2067 τῇ

686 2090 937 2170 κτίσει·
1000 2088 1109 2170 διὸ
1167 2088 1375 2192 ελεγε
1424 2096 1528 2197 τῷ
1565 2093 1995 2200 Φιλίππω4
1963 2126 2004 2170 ο
2058 2092 2322 2193 Κύριος
2365 2101 2410 2139 “
2445 2092 2618 2173 Ο
2582 2091 2904 2196 εωρακὼς
2952 2086 3050 2187 ἐμὲ

684 2223 731 2262 “
766 2214 1028 2317 εώρακε
1071 2212 1198 2293 τὸν
1237 2212 1590 2317 Πατέρα·”
1652 2215 1926 2321 φυσικὴ
1981 2215 2057 2295 δὲ
2109 2213 2397 2300 πάντως
2451 2216 2497 2316 ἡ
2553 2214 2884 2316 ὁμοιότης
2921 2215 3049 2317 Yiq‘i
3071 2228 3122 2286 ¹5

683 2371 865 2440 προς
900 2335 1027 2417 τὸν
1067 2339 1356 2442 Πατέρα
1394 2372 1510 2419 και
1547 2339 1968 2440 οὖσιώδης
1937 2373 1976 2418 ο
2015 2337 2405 2443 χαρακτήρ.

1810 2590 1955 2668 VI.

793 2766 1023 2873 Ὁρᾷς
1089 2764 1199 2846 ὅτι
1263 2763 1453 2850 Θεὸς
1505 2765 1776 2871 χρίεται
1829 2765 2032 2869 παρὰ
2088 2773 2332 2866 Θεοῦ;
2412 2766 2532 2848 ὅτε
2587 2766 2739 2873 γὰρ
2792 2766 3052 2870 γέγονεν

682 2888 1057 2993 ἅνθρωπος
1110 2886 1516 2990 μεμενηκὼς
1573 2888 1748 2993 ὅπερ
1799 2886 1908 2989 ἦν,
1964 2889 2127 2972 τότε
2182 2893 2298 2971 καὶ
2354 2892 2517 2970 καθ’
2565 2893 2755 2991 ἡμᾶς
2811 2894 3053 2991 ἀνθρω·

680 3014 903 3098 πίνως
951 3013 1219 3118 χρίεται
1265 3011 1447 3116 πρὸς
1493 3012 1944 3113 ἀποστολήν
2021 3014 2292 3120 χρίεται
2342 3013 2486 3118 γὰρ
2521 3015 2567 3115 ἡ
2615 3013 3052 3119 ἀνθρωπότηῖ
3072 3058 3125 3101 ιο

684 3138 789 3245 τῷ
842 3138 1010 3245 θείῳ
1051 3134 1436 3235 Πνεύματι,
1488 3138 1616 3217 οὐκ
1664 3138 2043 3241 ἐνεργεῖται
2099 3137 2420 3243 καθάπερ
2473 3141 2590 3220 ἐπὶ
2646 3148 2796 3219 τῶν
2835 3142 3053 3244 ψιλῶν

684 3258 1103 3363 ἀνθρώπων,
1169 3258 1319 3340 οἷον
1376 3268 1773 3367 προφητῶν
1838 3268 2327 3367 πατριαρχῶν·
2432 3263 2677 3367 χρίσις
2743 3263 2829 3343 δέ
2881 3264 3053 3340 ἐστιν

683 3383 835 3464 οἷον
891 3383 1029 3483 ὅλη
1086 3392 1212 3464 τοῦ
1264 3383 1589 3488 χρίοντος
1636 3385 1680 3484 ἡ
1726 3385 2111 3489 παρουσία·
2192 3386 2469 3490 χρίεται
2524 3386 2602 3466 δὲ
2662 3389 2703 3466 5
2740 3384 2910 3468 Υἱὸς
2953 3381 3052 3461 ὅτε

681 3511 777 3591 εἶς
830 3505 963 3605 τὴν
1014 3509 1425 3607 οἰκουμένην
1468 3504 1795 3612 εἰσήχθη,
1819 3508 2211 3588 τουτέστιν
2254 3507 2373 3589 ὅτε
2426 3509 2838 3611 ἐσαρκῶθη·
2913 3503 3052 3585 τότε

682 3627 824 3732 γὰρ
880 3629 1301 3730 ἐκοινώνησε
1355 3636 1446 3736 τῇ
1493 3630 1742 3729 κτίσει,
1803 3632 2078 3715 ἑνώσας
2134 3633 2361 3740 ἑαυτῷ
2422 3631 2507 3712 τὸ
2574 3631 2891 3727 κτιστὸν,
2952 3626 3050 3707 καὶ
3073 3659 3126 3719 25

680 3755 944 3857 χρίσας
1016 3751 1150 3852 τὴν
1221 3750 1741 3858 ἀνθρωπότητα
1811 3758 1902 3861 τῇ
1977 3752 2276 3856 θεότητι,
2348 3754 2538 3836 ὥστε
2607 3761 2912 3858 ποιῆσαι
2973 3749 3050 3831 τὰ

682 3876 1056 3983 ἀμφότερα
1109 3877 1204 3959 ἕν.

758 4112 841 4166 18.
878 4129 942 4166 ex
967 4130 1016 4168 a.
1042 4120 1096 4167 et
1117 4111 1156 4167 b
1180 4112 1274 4168 fol.
1305 4128 1403 4178 114
1427 4130 1481 4167 v,
1542 4111 1743 4167 Partim
1781 4112 1995 4167 exbibet
2023 4120 2076 4167 et
2102 4110 2466 4167 Oecumenius
2491 4111 2620 4179 (Ed.
2643 4120 2699 4168 et
2722 4110 2947 4179 codices)
2968 4108 3051 4162 ho·

679 4181 879 4237 mllmm
902 4192 1082 4238 tamen
1116 4200 1226 4237 ιιοιι
1260 4200 1581 4246 memorans,
1605 4185 1669 4238 τό
1696 4186 1797 4237 Σοῦ
1832 4184 1916 4238 διὰ
1949 4184 2042 4252 τὴν
2068 4185 2255 4252 σάρκα·
2305 4185 2507 4255 χρίεται
2541 4185 2656 4274 γὰρ
2681 4183 2712 4253 ἢ
2748 4182 3052 4270 ἀνθρωπείης

679 4254 756 4340 τῷ
775 4253 905 4328 ἁγίῳ
927 4275 1194 4325 πνευματι,
1218 4255 1311 4308 ουκ
1335 4254 1617 4343 ἐνεργεῖται
1642 4254 1698 4309 δὲ
1724 4253 1953 4324 καθάπερ
1976 4254 2062 4309 ἐπὶ
2090 4256 2543 4324 τῶν-παρουσία.
2595 4253 2755 4310 οὕτως
2779 4254 2861 4307 ‹5'
2833 4276 2888 4307 εν
2906 4250 3051 4322 ἆγίοιιι

681 4321 958 4392 Κύριλλος.
1217 4342 1303 4379 21.
1341 4324 1621 4394 ἐνεργεῖται
1688 4333 1738 4385 -1-
1776 4325 1833 4380 δε
1862 4324 1992 4379 Mai.
2017 4341 2082 4378 ex
2111 4324 2424 4380 Oecumenii
2451 4323 2555 4378 Ed.
2577 4324 2758 4378 invitis
2783 4323 2886 4404 ab.
2910 4318 3049 4376 codd.

681 4393 993 4448 Oecumenu
1010 4395 1202 4462 tubus,
1225 4412 1419 4467 nempe
1440 4394 1617 4450 Med.-
1704 4411 1783 4449 ur.
1797 4395 1939 4450 Plut.
1959 4414 2014 4449 x.
2034 4394 2085 4448 6.
2112 4412 2218 4450 sec.
2235 4413 2310 4459 x.,
2338 4394 2517 4449 Plut.
2503 4412 2575 4450 xx.
2584 4411 2665 4449 ιο.
2682 4393 2893 4456 sec-xi„
2916 4406 3048 4462 prae·

678 4471 867 4554 terque
890 4481 1018 4519 uno.
1440 4483 1526 4523 22.
1562 4468 1743 4538 χρίσις
1766 4465 1877 4521 δέ
1849 4487 1995 4520 εστιν
2019 4465 2152 4519 Mai.
2175 4483 2242 4519 ex
2269 4435 2495 4520 decum-
2521 4467 2604 4520 καὶ
2625 4466 2744 4521 ἔστι
2765 4464 2936 4536 χρίσις
2956 4458 3050 4514 &b-

680 4549 764 4603 23.
802 4533 833 4603 ἡ
858 4546 1195 4605 assumptum
1221 4552 1285 4590 ex
1309 4554 1356 4591 a.
1358 4535 1415 4592 b.
1630 4550 1718 4605 25.
1757 4537 1923 4592 κτίσει
1946 4553 1977 4591 ο
2001 4535 2037 4591 b
2063 4536 2196 4593 Mai.
2220 4534 2385 4608 φύσει
2408 4553 2458 4590 ιι.
