3269 5166
662 351 789 413 100
1269 350 1349 414 B.
1397 348 1807 414 CYRILLI
1868 348 2444 414 ALEXANDR.
2794 347 3052 434 xix.30.

658 513 936 612 αἰτίαν,
1000 514 1083 593 οὐ
1139 512 1282 617 γὰρ
1317 513 1611 620 μερικὴν
1648 514 1792 620 ἔχει
1845 513 1977 615 τὴν
2027 514 2496 622 ἀποκάλυψιν
2552 512 2637 594 τὸ
2694 511 3053 616 σωτήριον

660 634 1014 790 κήρυγμα,
1069 638 1507 718 τελεώτατον
1572 637 1650 719 δὲ
1705 639 1874 739 ἡμῖν
1928 646 2074 720 τῶν
2142 641 2350 720 θείων
2414 639 2582 739 ἡμῖν
2641 637 3057 740 μυστηρίων

659 763 890 862 ἐνίησι
949 762 1360 870 φωτισμόν.
1460 761 1570 843 διὸ
1632 766 1748 843 καὶ
1809 764 1850 843 5
1908 762 2234 868 ψάλλων
2285 763 2429 871 ἔφη
2485 797 2629 845 που
2690 795 2875 865 προς
2933 796 3059 843 τον

321 905 405 955 Ps-
431 907 465 956 1.
488 906 536 958 8·
660 885 871 984 Θεὸν,
911 890 1008 972 ὡς
1061 890 1140 967 ε’κ
1194 887 1595 990 προσώπου
1640 895 1770 967 τοῦ
1826 923 1985 968 νεου
2029 897 2214 968 λαοῦ
2270 897 2316 935 “
2344 886 2463 968 Τὰ
2511 886 2753 1043 ἄδηλα
2800 890 2922 966 καὶ
2969 886 3059 967 τὰ

659 1022 703 1061 “
741 1011 1011 1117 κρύφια
1068 1015 1194 1111 τῆς
1243 1013 1514 1116 σοφιάς
1569 1047 1713 1093 σου
1768 1010 2148 1112 ε’δήλωσάς
2202 1013 2385 1111 μοι,”
2464 1017 2581 1093 καὶ
2635 1009 2784 1111 μὴν
2838 1013 2963 1091 καὶ
3018 1012 3057 1091 5
3080 1042 3112 1104 5

658 1136 1046 1221 θεσπέσιος
1081 1130 1496 1216 ἐπιστέλλει
1537 1141 1837 1220 Παῦλος
1884 1144 2032 1220 τοῖς
2066 1136 2558 1217 πιστεύσασιν
2593 1141 2691 1219 εἰς
2728 1132 3061 1239 Χριστόν

318 1265 482 1394 Li‘jf·
506 1263 541 1316 ἰ·
657 1269 701 1307 “
739 1262 1176 1366 Εὐχαριστῶ
1213 1264 1315 1369 τῷ
1353 1265 1520 1368 Θεῷ
1557 1295 1698 1358 μου
1732 1259 2043 1342 πάντοτε
2076 1262 2237 1364 περὶ
2288 1262 2485 1360 ὑμῶν
2522 1261 2635 1339 ἐπὶ
2687 1265 2777 1364 τῇ
2822 1256 3060 1364 χάριτι

656 1393 703 1431 “
737 1390 829 1490 τῇ
864 1385 1160 1491 δοθείσῃ
1212 1386 1377 1482 ὑμῖν
1413 1386 1489 1465 ἐν
1523 1387 1832 1492 Χριστῷ
1865 1383 2136 1486 Ἰησοῦ,
2176 1383 2286 1465 ὅτι
2334 1387 2411 1464 ἐν
2444 1386 2659 1465 παντὶ
2714 1385 3053 1464 ἐπλουτί-

317 1515 633 1575 1072Δοεὶ
655 1519 700 1556 “
736 1515 965 1609 σθητε
1014 1510 1091 1588 ἐν
1127 1510 1338 1617 αὐτῷ,
1377 1510 1452 1588 ε’ν
1486 1510 1704 1588 παντὶ
1749 1505 1952 1617 λόγῳ
2003 1510 2120 1588 καὶ
2168 1506 2376 1615 πάσῃ
2410 1508 2645 1615 σοφίᾳ
2682 1509 2801 1587 καὶ
2850 1508 3059 1613 πάσῃ

654 1644 697 1683 “
736 1632 1071 1737 γνώσει.”
1151 1632 1259 1713 ὅτι
1303 1634 1540 1713 τοίνυν
1594 1635 1672 1712 ἐν
1708 1631 1917 1740 πάσῃ
1970 1634 2204 1740 σοφίᾳ
2260 1635 2378 1713 καὶ
2414 1634 2489 1713 ἐν
2524 1631 2731 1737 πάσῃ
2788 1632 3057 1736 γνώσει
3085 1676 3143 1717 ιο

654 1760 773 1837 καὶ
821 1759 897 1837 ἐν
932 1759 1148 1838 παντὶ
1203 1757 1407 1866 λόγῳ
1446 1756 2072 1858 καταπλουτήσειν
2107 1757 2419 1857 ε”μελλον
2454 1762 2522 1837 οἱ
2557 1765 2683 1838 τοῦ
2722 1761 3059 1859 Σωτῆρος

652 1884 1168 1985 προσκυνηταὶ,
1213 1882 1588 1963 ἀθόλωτον
1647 1880 1925 1981 δηλαδὴ
1984 1885 2101 1961 καὶ
2154 1880 2424 1966 παντὸς
2477 1880 2857 1985 ἐλευθέραν
2914 1915 3053 1962 συ-

654 2004 1110 2104 σκιάσματος
1146 2005 1279 2104 τὴν
1315 2013 1442 2085 τοῦ
1481 2006 1631 2085 κατ’
1672 2005 1892 2085 αὐτὸν
1925 2004 2324 2108 μυστηρίου
2363 2002 2722 2110 δεχόμενοι
2758 2011 3056 2107 γνῶσιν,

650 2129 911 2229 ἐδήλου
949 2129 1022 2211 τὶ
1064 2131 1602 2236 καταπέτασμα
1639 2130 2142 2235 διεσχισμένον
2179 2131 2262 2209 οὐ
2298 2133 2624 2234 μερικῶς,
2665 2129 2841 2208 ἀλλ’
2882 2127 3057 2208 ὅλον

651 2255 737 2332 δι’
779 2252 977 2335 ὅλου.
1054 2262 1267 2335 τοῦτο
1323 2254 1468 2359 γάρ
1510 2256 1671 2335 ἐστι
1720 2252 1805 2335 τό
1828 2252 2107 2335 Ἀνωθεν
2161 2251 2282 2340 ἕως
2335 2252 2548 2334 κάτω.
2625 2250 3055 2333 οἰκειότατον
3080 2283 3141 2338 15

652 2376 728 2458 δὲ
786 2380 903 2459 καὶ
953 2377 1149 2459 πολὺ
1205 2385 1499 2478 μᾶλλον
1550 2380 2157 2482 πρεπωδέστατον
2193 2383 2283 2484 τῇ
2338 2383 2485 2456 τῶν
2522 2375 2730 2456 θείων
2765 2411 3050 2476 μυστη-

650 2502 824 2606 ρίων
881 2501 1347 2610 ἀποκαλύψει
1413 2501 1653 2608 φαμὲν
1714 2500 1843 2582 τὸν
1902 2499 2168 2605 καιρὸν,
2236 2502 2404 2581 καθ’
2467 2498 2552 2580 ὃν
2610 2497 2746 2601 τὴν
2806 2497 3056 2607 ψυχὴν

583 2628 626 2694 b
655 2627 828 2733 ὑπὲρ
882 2629 1087 2728 ἡμῶν
1142 2628 1445 2708 τέθεικεν
1492 2629 1532 2707 5
1583 2625 1860 2731 Σωτὴρ,
1901 2630 1999 2711 ὡς
2054 2624 2682 2709 ἀπολακτίσαντος
2736 2623 2878 2725 ἤδη
2933 2633 3057 2706 τοῦ

650 2750 961 2852 Ἰσραὴλ
1017 2750 1147 2853 τὴν
1208 2752 1438 2858 χάριν,
1499 2757 1617 2833 καὶ
1682 2755 1808 2852 τῆς
1872 2757 1967 2838 εἷς
2032 2748 2225 2832 Θεὸν
2282 2749 2568 2853 ἀγάπης
2633 2748 3058 2855 ὁλοκλήρως

649 2875 1277 2979 ἀποπηδήσαντος,
1317 2875 1436 2958 διὰ
1479 2880 1606 2976 τῆς
1644 2882 1738 2962 εἰς
1789 2873 2007 2956 αὐτὸν
2060 2874 2432 2978 παροινίας
2488 2880 2603 2953 καὶ
2640 2873 3057 2979 ἀπηχεστά-
3082 2911 3149 2952 20

648 3036 795 3083 των
828 2999 1339 3103 τολμημάτων.
1409 2999 1839 3085 ἐλλελοιπὸς
1877 2999 2017 3104 γὰρ
2055 2998 2258 3080 οὐδὲν
2295 3005 2443 3083 τοῖς
2478 2996 2760 3078 ἐκείνων
2797 2999 3053 3078 ἀνοσι-

646 3125 1061 3231 ουργήμασι
1097 3127 1369 3207 κατίδοι
1405 3161 1512 3211 τις
1547 3123 1636 3205 ἂν
1673 3128 1790 3206 καὶ
1825 3124 2034 3230 μέχρι
2080 3120 2394 3205 θανάτου
2439 3120 3057 3223 κατακομισθέντα

645 3251 899 3350 μαθὼν
933 3248 1061 3331 τὸν
1097 3255 1224 3351 τῆς
1262 3248 1441 3352 ζωῆς
1478 3248 1821 3355 χορηγόν.

760 3371 989 3471 Οἶμαι
1033 3374 1164 3472 μὲν
1214 3376 1340 3455 οὖν
1376 3375 1860 3479 ἀποχρώντως
1910 3374 2079 3475 ἡμῖν
2116 3377 2444 3476 εἰρῆσθαι
2483 3373 2600 3451 καὶ
2635 3378 2900 3469 ταῦτα,
2937 3372 3058 3450 καὶ

649 3495 778 3576 οὐκ
834 3494 980 3577 ἀπὸ
1024 3505 1310 3579 σκοποῦ
1360 3507 1488 3579 τοῦ
1537 3499 1935 3602 πρέποντος
1977 3496 2105 3579 τὸν
2142 3504 2289 3578 τῶν
2328 3498 2537 3578 θείων
2573 3493 3061 3598 θεωρημάτων
3086 3529 3153 3587 ²5

591 3640 627 3682 0
649 3620 1057 3727 ἐξοίχεσθαι
1094 3622 1481 3775 λογισμόν·
1551 3620 1789 3722 ἐπειδὴ
1829 3623 1905 3703 δε
1939 3657 2124 3724 μετα
2162 3623 2475 3725 δριμείας
2512 3619 2705 3704 τινὸς
2741 3624 2870 3720 τῆς
2909 3624 3059 3700 ἐπι-

646 3743 1018 3847 τηρήσεως
1057 3747 1455 3850 εὑρίσκεται
1503 3746 1744 3850 λεγων
1790 3749 1830 3827 5
1884 3747 2273 3830 θεσπέσιος
2314 3741 2870 3847 Εὖαγγελιστής
2922 3744 3059 3830 Ως

651 3865 722 3950 δὲ
778 3866 1245 3977 ἑξεπνευσεν,
1219 3869 1456 3979 εῤῥαγη
1511 3909 1582 3952 το
1649 3905 2184 3981 καταπετασμα
2237 3872 2350 3950 ro&
2401 3871 2577 3950 ναοῧ·
2637 3896 2863 3967 μόνον
2911 3865 3059 3969 γὰρ

649 3995 808 4098 οὐχι
851 3993 979 4074 τὸν
1020 4004 1147 4075 τοῦ
1194 3994 1621 4099 πράγματος
1666 3993 1912 4099 καιρὸν
1951 3994 2067 4074 δια
2114 3994 2389 4074 τούτων
2436 3992 2607 4093 ἡμῖν
2648 3993 3061 4094 ἀναγκαίως

646 4119 1210 4219 ἐπισημαίνεται·
1277 4120 1451 4226 φέρε
1490 4117 1578 4219 δή
1606 4154 1676 4199 τι
1711 4118 1895 4222 πρὸς
1922 4154 2025 4203 οις
2064 4118 2404 4224 ἕφαμεν’
2362 4119 2622 4219 αρτίως
2658 4113 3061 4215 ἐπινοήσω-
3084 4150 3163 4207 30

646 4275 780 4340 μεν
816 4242 1075 4342 ἕτερον,
1112 4245 1195 4322 οὐ
1231 4243 1523 4346 μετρίαν
1558 4241 1745 4349 ἔχον,
1780 4240 1878 4327 ὥς
1924 4276 2006 4345 γε
2044 4276 2165 4339 μοι
2204 4244 2409 4336 δοκεῖ,
2448 4238 2582 4338 τὴν
2615 4240 2693 4319 ἐν
2730 4243 2834 4348 τῷ
2872 4246 3057 4319 νοεῖ-

646 4371 825 4446 σθαι
870 4366 1253 4472 κομψείαν·
1332 4367 1700 4448 ἁλώσεται
1743 4366 1885 4470 γὰρ
1925 4368 2250 4464 οὐδαμῶς
2286 4368 2413 4464 τῆς
2458 4370 2606 4443 τῶν
2645 4364 3061 4467 ἀναγκαίων

718 4556 1142 4686 α.δ;ἳμῖνῖἦμῑν]
1171 4558 1523 4631 ἡμῶν-ἡμῶν
1547 4561 1611 4616 Ε.
1719 4561 1839 4632 ἡμῖν
1862 4562 1952 4617 alt.
1980 4580 2089 4616 om.
2118 4561 2325 4633 Migne.
2688 4575 2782 4630 3¹·
2816 4560 3062 4633 φαίνεαι

647 4648 747 4702 pro
836 4652 910 4686 κει
988 4669 1002 4686 .
