3269 5166
599 339 725 404 146
1203 335 1282 400 B.
1328 329 1741 399 CYRILLI
1810 330 2391 397 ALEXANDR.
2624 351 2731 392 xx.
2759 329 2861 405 26,
2888 343 2996 409 27.

595 507 783 583 ἰδεῖν·
841 504 943 608 τῷ
979 500 1055 580 δὲ
1091 496 1181 599 ἦν
1215 500 1352 600 ἤδη
1390 504 1504 581 καὶ
1549 508 1760 580 τοῦτο
1809 498 2107 603 πρέπον,
2144 503 2240 584 ὦς
2291 500 2473 598 ὁμοῦ
2528 503 2674 580 τοῖς
2732 494 3033 577 dunas·

592 624 677 706 τὸ
720 632 1017 724 Πνεῦμα
1065 623 1584 724 πλουτήσαντι.
1667 626 1763 707 ὡς
1818 622 1960 726 γὰρ
2017 622 2154 723 ἤδη
2211 622 2631 727 φθάσαντες
2681 619 2995 717 εἴπομεν,

594 752 723 831 οὐκ
773 747 1055 851 ἐπείπερ
1101 749 1524 854 ἀπελείφθη,
1565 745 1683 827 διὰ
1734 755 1947 827 τοῦτο
1998 756 2127 827 τοῦ
2167 745 2587 845 Πνεύματος
2642 742 2996 846 ἀμέτοχος

523 882 569 946 d
593 873 703 975 ἦν.
767 873 1145 980 ἐξετείνετο
1199 870 1344 975 γὰρ
1381 874 1496 951 καὶ
1552 876 1651 953 εἷς
1699 871 1918 950 αὐτὸν
1952 871 1997 971 ἡ
2035 878 2163 951 τοῦ
2220 867 2536 953 διδόντος
2592 867 2999 972 φιλοτιμία,

593 996 745 1105 ὅλῳ
796 1001 899 1102 τῷ
944 994 1377 1097 πληρώματι
1424 1000 1569 1074 τῶν
1605 994 1833 1096 ἁγίων
1873 1000 2215 1093 μαθητῶν
2251 991 2819 1092 ἀπονεμηθείσης
2862 993 2996 1089 τῆς
3023 1012 3063 1078 5

593 1127 885 1224 δωρεᾶς.

705 1241 934 1343 Οἶμαι
972 1242 1046 1323 δὲ
1084 1247 1227 1323 δεῖν
1264 1244 1379 1323 ἐπὶ
1412 1242 1688 1326 τούτοις
1724 1244 2097 1346 ἐρευνῆσαι
2135 1243 2431 1321 κάκεῖνο.
2499 1234 2998 1345 ἐψηλάφησεν

593 1369 634 1446 ὁ
671 1373 943 1466 Θωμᾶς
986 1353 1118 1467 τὴν
1152 1375 1279 1447 τοῦ
1319 1370 1654 1468 Σωτῆρος
1708 1365 2053 1469 πλευρὰν,
2093 1366 2210 1444 καὶ
2260 1366 2353 1443 τὰ
2397 1367 2475 1445 ἐκ
2529 1367 2656 1463 τῆς
2713 1358 2998 1465 λόγχης

588 1495 717 1590 τῆς
755 1494 1270 1595 στρατιωτικῆς
1308 1489 1601 1593 ἐζήτησε
1638 1489 2035 1593 τραύματα·
2116 1487 2253 1569 εἶδε
2302 1487 2468 1573 τοὺς
2522 1485 2789 1569 τύπους
2843 1490 2997 1565 τῶν

592 1616 815 1714 ἥλων.
895 1612 1046 1694 εἶτα
1080 1621 1255 1713 πῶς,
1291 1616 1436 1716 ἐρεῖ
1462 1647 1567 1697 τις
1603 1614 1848 1719 τυχὸν,
1885 1616 1961 1694 ἐν
1995 1620 2099 1720 τῷ
2154 1611 2505 1720 ἀφθάρτῳ
2559 1609 2850 1709 σώματι
2900 1607 2997 1688 τὰ
3022 1641 3105 1684 ιο

589 1741 719 1837 τῆς
788 1744 1067 1845 φθορᾶς
1133 1737 1530 1844 διεφαίνετο
1606 1745 1920 1839 σημεῖα;
2003 1743 2284 1844 φθορᾶς
2366 1736 2510 1841 γὰρ
2576 1738 2999 1834 σωματικῆς

590 1861 956 1970 ἀπόδειξιν
992 1863 1154 1968 ἔχει,
1198 1865 1312 1942 καὶ
1361 1868 1617 1967 χειρῶν
1667 1865 1783 1942 καὶ
1838 1869 2156 1966 πλευρᾶς
2212 1861 2312 1942 ἔτι
2366 1856 2688 1959 με’νουσά
2740 1892 2818 1938 τε
2878 1864 3001 1938 καὶ

589 1985 958 2090 σωζομένη
997 1985 1386 2089 διάτρησις,
1424 1989 1541 2066 καὶ
1579 1986 2005 2087 τραυμάτων
2045 1986 2222 2066 ἰδέαι
2278 1988 2396 2065 καὶ
2447 1981 2999 2082 ἀποκεντῆσεων

528 2145 566 2190 ο
590 2118 736 2190 τῶν
790 2109 907 2190 διὰ
956 2108 1257 2213 σιδήρου
1307 2111 1818 2213 γεγενημένων,
1862 2114 2091 2191 καίτοι
2148 2118 2275 2189 τοῦ
2330 2107 2514 2211 πρὸς
2570 2107 2998 2215 ἀφθαρσίαν

590 2235 1181 2318 ἀναπλασθέντος
1233 2233 1574 2332 σώματος
1613 2236 1654 2313 ὃ
1692 2232 1970 2335 ἀληθής
2008 2268 2083 2314 τε
2136 2238 2252 2313 καὶ
2304 2235 2713 2315 ἀνυπαίτιος
2769 2228 2995 2332 λόγος
3024 2262 3103 2323 15

589 2365 687 2442 εἰς
723 2357 810 2438 τὸ
852 2362 1110 2462 χρῆναι
1151 2357 1410 2454 βλέπει
1453 2357 2115 2439 συναποδύσασθαι
2162 2363 2252 2463 τῇ
2299 2361 2545 2464 φθορᾷ
2587 2357 2704 2436 καὶ
2753 2352 2998 2435 πάντα

586 2482 681 2560 τὰ
734 2481 822 2591 ἐξ
870 2484 1106 2580 αὐτῆς.
1186 2477 1323 2583 ἀρα
1373 2480 1516 2586 γὰρ
1576 2483 1643 2564 εἴ
1692 2517 1800 2567 τις
1860 2479 2166 2587 χωλεύοι
2226 2480 2447 2587 τυχὸν
2507 2481 3001 2574 ἀναβιώσεται

585 2606 811 2686 πάλιν
849 2604 981 2703 τὴν
1015 2614 1143 2685 τοῦ
1197 2604 1416 2689 ποδὸς
1471 2608 1632 2708 ἤτοι
1687 2615 1817 2686 τοῦ
1873 2605 2189 2690 σκέλους
2244 2605 2577 2707 πήρωσιν
2630 2602 2867 2709 ἔχωνς
2932 2609 3003 2684 εἰ

589 2728 664 2808 δὲ
701 2731 815 2808 καὶ
852 2727 1277 2833 ὀφθαλμοὺς
1327 2731 1817 2813 ἀπολωλεκώς
1871 2765 1976 2813 τις
2015 2730 2119 2830 ε’ίη
2159 2729 2343 2810 κατὰ
2392 2726 2595 2809 τόνδε
2643 2725 2771 2807 τὸν
2809 2727 2997 2823 βίον,

589 2847 731 2955 ἀρα
781 2861 909 2932 τοῦ
966 2853 1265 2949 βλέπειν
1322 2855 1578 2957 ἕρημος
1641 2853 2151 2956 ἐγερθήσεταις
2228 2861 2384 2938 πῶς
2442 2854 2569 2932 οὖν
2625 2853 2753 2942 ἔτι,
2815 2852 3000 2956 φαίη
3026 2886 3117 2930 20

585 3011 693 3061 τις
731 2974 839 3075 ἂν,
869 2977 1411 3078 ἀπεσεισάμεθα
1447 2977 1579 3078 τὴν
1616 2977 1920 3082 φθορὰν,
1952 2984 2011 3057 εἱ
2048 2975 2138 3058 τὰ
2175 2978 2263 3085 ἐξ
2295 2979 2509 3076 αὐτῆς
2548 2975 2647 3056 ἔτι
2686 2976 3004 3079 σώζεται

584 3101 807 3202 πάθη,
872 3106 990 3182 καὶ
1054 3109 1200 3182 τῶν
1262 3101 1617 3203 ἡμετέρων
1693 3110 2123 3205 κατακρατεῖ
2191 3097 2599 3201 σωμάτωνς
2679 3102 2795 3178 καὶ
2864 3098 2998 3202 ζη-

251 3237 413 3294 1106
432 3237 510 3294 A·
527 3253 564 3293 a
587 3225 862 3324 τήσεως
888 3224 1017 3323 μὲν
1043 3227 1436 3327 ἀναγκαίας
1461 3228 1776 3328 ἀμοιρεῖν
1804 3228 1931 3305 οὐκ
1953 3222 2145 3324 οἶμαι
2174 3222 2299 3305 τὸν
2327 3228 2442 3305 ἐπὶ
2469 3224 2700 3332 τούτῳ
2733 3221 2996 3325 λόγον,

261 3881 280 3916 ι
296 3866 408 3918 Gor.

253 3947 338 3983 xv.
359 3947 439 3999 43.

587 3347 784 3446 πλὴν
822 3347 1039 3429 ἐκεῖνό
1090 3357 1329 3456 φαμεν
1375 3357 1529 3434 ταῖς
1576 3357 1723 3429 τῶν
1767 3350 2245 3452 προκειμένων
2291 3350 2634 3453 ἀπορίαις,
2676 3347 3005 3429 καθόσον

586 3471 959 3575 ἐνδέχεται,
993 3481 1349 3553 συνειπεῖν
1383 3472 1925 3577 σπουδάζοντες,
1966 3472 2074 3554 ὅτι
2120 3473 2304 3553 κατὰ
2347 3472 2475 3553 τὸν
2512 3476 2638 3573 τῆς
2675 3470 3003 3552 ἀναστά-
3028 3506 3123 3572 ²5

557 3628 776 3679 vetos-
811 3594 1057 3698 καιρὸν
1093 3596 1294 3677 οὐδὲν
1330 3598 1405 3677 ἐν
1441 3597 1608 3696 ἡμῖν
1644 3598 2278 3705 περιλειφθήσεται
2319 3603 2597 3704 φθορᾶς
2635 3600 2762 3694 τῆς
2797 3599 2999 3676 ἐπει-

587 3716 865 3799 σάκτου
892 3721 1264 3827 λείψανον,
1290 3720 1458 3800 ἀλλ’
1491 3719 1742 3824 ὥσπερ
1766 3722 1806 3801 ό
1832 3719 2070 3828 σοφὸς
2103 3720 2243 3826 ἔφη
2270 3726 2570 3805 Παῦλος
2598 3723 2759 3821 περὶ
2788 3723 3003 3800 τοῦδε

589 3850 717 3924 τοῦ
754 3842 1111 3943 σώματος,
1146 3844 1228 3926 τὸ
1266 3845 1717 3948 ἐσπαρμένον
1756 3856 1798 3892 “
1826 3848 1901 3925 ἐν
1936 3847 2271 3953 ἀσθενείᾳ
2307 3846 2644 3948 ἐγείρεται
2674 3847 2749 3924 ἐν
2786 3843 3005 3925 δυνά-

592 3978 636 4015 “
667 3969 845 4065 μει,”
902 3971 1021 4049 καὶ
1073 3968 1157 4049 τὸ
1212 3969 1661 4073 ἐσπαρμένον
1717 3981 1760 4016 “
1786 3973 1860 4049 ἐν
1910 3971 2155 4075 ἀτιμίᾳ
2208 3970 2544 4071 ἐγείρεται
2603 3970 2677 4048 ἐν
2734 3966 2995 4075 δόξῃ.”

590 4094 667 4173 τί
710 4094 769 4173 δ’
811 4092 901 4172 ἂν
937 4094 1175 4197 ἕτερον
1211 4093 1313 4194 ε’ίη
1360 4091 1581 4199 τυχὸν
1618 4092 1702 4173 τὸ
1750 4095 1824 4172 ἐν
1863 4094 2154 4191 δυνάμει
2204 4096 2321 4172 καὶ
2371 4092 2550 4199 δόξῃ
2606 4090 2741 4192 τὴν
2788 4097 3000 4173 τοῦδε
3026 4124 3117 4182 3ο

663 4247 766 4304 7-
809 4273 822 4287 .
847 4248 967 4308 147,
997 4234 1060 4289 16
1086 4235 1212 4289 citat
1238 4235 1464 4290 Severus
1491 4236 1548 4289 in
1574 4235 1851 4318 Epistola:
1892 4240 1976 4290 est
2005 4234 2221 4306 Syriace
2244 4234 2302 4289 in
2327 4233 2464 4289 Cod.
2495 4232 2633 4317 βτίῐ.
2652 4233 2805 4317 Mus:
2823 4233 3003 4302 (Add.

592 4252 890 4429 3⁷1&ssss
895 4345 909 4427 ἰ
931 4322 1315 4446 ffls.12158>
1339 4324 1563 4445 εοῖἶῖἒῖ
1576 4325 1615 4431 ἓ
1619 4305 2123 4447 ἓωὲαῗὲξᾞὲοωέἔ
2123 4305 2239 4430 ‘026¹
2243 4306 2304 4430 {¹11¹
2308 4303 2666 4457 ὀῗιιΐὲὲὲιξο
2658 4303 3003 4431 &ffissffi

589 4463 710 4500 rum
743 4445 910 4515 (Add.
933 4444 1126 4516 1⁴532)
1157 4447 1248 4500 sol.
1274 4462 1360 4517 59.
1668 4464 1749 4502 12.
1786 4450 2012 4512 πλευρᾶς
2064 4448 2239 4501 ποδῶν
2262 4447 2501 4501 collectio
2526 4454 2615 4500 c1t.
2644 4444 2743 4501 sed
2766 4449 3005 4519 πλευρᾶς

588 4514 750 4571 habet
775 4514 1022 4572 Severus.
1350 4534 1433 4590 19.
1470 4517 1776 4589 ὀφθαλμοὺς
1803 4518 1868 4572 Ε.
1899 4519 2021 4573 sev.
2046 4516 2323 4589 ὀφθαλμὸς
2348 4517 2451 4572 Ed.
2799 4534 2891 4574 21.
2927 4540 3007 4576 τις

589 4594 928 4658 assumptum
954 4604 1019 4641 ex
1046 4585 1110 4642 E.
1468 4605 1557 4660 30.
1593 4589 1697 4661 γὰρ
1722 4606 1820 4659 pro
1844 4588 1890 4644 δ’
1919 4588 2042 4643 Sev.
