3269 5166
639 345 766 410 110
1243 342 1803 407 B.cYR1LL1
1860 342 2449 408 ALEXANDR.
2676 360 2915 420 xx.10,
2948 359 3047 405 11.

637 514 916 604 βαθεῖα,
963 505 1144 611 πρὸς
1191 509 1268 587 ἔν
1309 543 1378 587 τι
1421 510 1809 662 καταφέρει
1866 509 1955 590 τὸ
1998 508 2551 610 σημαινόμενον,
2601 511 2720 588 καὶ
2774 513 2873 592 εἰς
2920 507 3053 587 τὸν

636 635 1096 732 μεσαίτατον,
1157 632 1245 711 ἵν’
1307 634 1534 717 οὕτως
1596 633 1797 731 εἴτι-ω,
1860 642 1991 715 τοῦ
2054 637 2184 733 τῆς
2242 631 2497 718 νυκτὸς
2558 633 3053 733 διαστήματος

637 758 916 861 ἔρχεται
959 755 1209 837 τόπον.
1288 757 1577 855 οὐδεμία
1624 766 2012 861 τοιγαροῦν
2067 758 2115 859 ἦ
2168 758 2545 864 διαφωνία.
2627 759 2668 837 ὁ
2717 792 2855 856 μεν
2906 756 3052 860 γὰρ

637 882 784 962 ἀπὸ
837 889 968 960 τοῦ
1019 877 1274 964 τέλους
1329 884 1459 980 τῆς
1523 879 1797 979 νυκτὸς,
1849 883 1892 962 ὁ
1947 881 2024 963 δὲ
2090 881 2239 962 ἀπὸ
2296 886 2423 981 τῆς
2478 883 2709 986 ἀρχῆς
2765 879 3051 982 λαβὼν,

576 1030 613 1074 0
637 1005 820 1109 πρὸς
854 1003 943 1084 τὸ
977 1000 1206 1100 βάθος
1244 1004 1440 1107 ἕρπει
1472 1011 1622 1084 τῶν
1648 1008 1876 1110 ὡρῶν,
1898 1008 2016 1086 καὶ
2051 1012 2147 1091 εἰς
2182 1002 2360 1087 αὐτὸ
2398 1002 2699 1104 κάτεισι,
2724 1004 3052 1112 καθάπερ
3072 1022 3104 1083 5
3214 1011 3215 1050 ³

637 1130 822 1236 ἔφην
856 1130 1134 1233 ἀρτίως,
1164 1127 1249 1209 τὸ
1283 1131 1745 1228 μεσαίτατον.
3214 1123 3215 1126 ¹

423 1394 511 1450 10,
541 1367 963 1434 ιιἈπῆλθον
1006 1361 1121 1432 οὖν
1157 1364 1356 1432 πάλιν
1402 1366 1568 1456 πρὸς
1617 1365 1897 1433 ἑαυτοὺς
1948 1363 2011 1431 οἰ
2062 1366 2371 1444 μαθηταί·
2437 1364 2664 1458 Μαρία
2711 1365 2787 1433 δὲ
2836 1363 3054 1435 εἱστή-

1143 1514 1243 1557 κει
1294 1491 1460 1580 πρὸς
1513 1492 1591 1558 τὸ
1642 1487 1957 1570 μνημεῖον
2006 1492 2147 1562 ἔξω
2194 1491 2534 1562 κλαίουσα.

753 1664 1247 1768 Ἀποχρῶσαν
1295 1663 1432 1763 ἤδη
1482 1670 1574 1768 τῇ
1629 1671 1760 1744 τοῦ
1811 1668 2151 1767 Σωτῆρος
2208 1664 2413 1764 ἡμῶν
2460 1663 2871 1745 ἀναστάσει
2925 1665 3054 1765 τὴν

641 1788 1148 1894 πληροφορίαν
1182 1787 1676 1894 συλλέξαντες
1715 1793 1781 1868 οἰ
1830 1788 2253 1895 σοφώτατοι
2296 1790 2630 1889 μαθηταὶ,
2671 1790 3053 1892 ἱδρυμένην
3076 1814 3135 1855 10
3214 1845 3215 1896 3

643 1947 722 1993 τε
759 1912 1017 1993 λοιπὸν
1065 1915 1182 1991 καὶ
1229 1909 1639 1993 ἀσάλευτον
1688 1914 2058 1997 ὠδίνοντες
2106 1913 2379 2012 πίστιν,
2406 1912 2553 1994 ἀπό
2602 1946 2681 1991 τε
2724 1915 2856 2012 τῆς
2909 1920 3053 1993 τῶν
3214 1925 3215 1976 ἒ

575 2041 620 2106 d
646 2037 1023 2142 δρωμένων
1077 2035 1468 2132 ἐκβάσεως,
1525 2038 1645 2116 καί
1699 2042 1829 2136 τῆς
1884 2043 2031 2117 τῶν
2085 2038 2312 2140 ἁγίων
2367 2041 2679 2141 γραφῶν
2718 2036 3047 2142 προρῤἦ·

643 2196 851 2259 σεως,
891 2161 1127 2241 οἴκαδε
1179 2159 1408 2243 πάλιν
1451 2161 1966 2265 ἀνεκομίζοντο,
2021 2164 2139 2242 καὶ
2194 2160 2376 2264 πρὸς
2431 2160 2596 2244 τοὺς
2651 2161 3053 2265 σφετέρους

643 2282 827 2366 κατά
880 2319 964 2388 γε
1021 2284 1106 2366 τὸ
1159 2283 1342 2369 εἰκὸς
1378 2283 1994 2387 συλλειτουργοὺς
2047 2286 2456 2388 ἠπείγοντο,
2502 2285 3053 2388 διαγγελοῦντές

641 2445 720 2489 τε
769 2408 854 2491 τὸ
903 2416 1165 2508 θαῦμα,
1203 2412 1319 2490 καὶ
1361 2406 1919 2512 διασκεψάμενοι
1971 2408 2154 2509 μετὰ
2209 2420 2422 2490 τοῦτο
2476 2407 2609 2508 τὴν
2653 2415 2804 2488 τῶν
2852 2445 3043 2512 πρα-
3076 2439 3137 2498 15
3214 2445 3215 2448 ¹

645 2534 868 2614 κτέων
933 2533 1124 2615 ὁδόν.
1221 2533 1316 2614 ἴοι
1370 2534 1431 2615 δ’
1489 2531 1581 2616 ἀν
1637 2536 1764 2615 οὐκ
1819 2534 1965 2616 ἀπὸ
2021 2543 2308 2616 σκοποῦ
2365 2531 2452 2615 τὸ
2511 2537 2628 2615 καὶ
2684 2533 2934 2638 ἕτερόν
2987 2568 3052 2616 τι

645 2658 1056 2765 πεπράχθαι
1114 2660 1414 2764 νομίζειν
1465 2660 1637 2763 παρ’
1693 2662 1948 2742 αὐτῶν.
2024 2663 2101 2740 ἐν
2159 2664 2416 2759 ἀκμαῖς
2479 2658 2622 2761 γὰρ
2686 2656 2898 2744 ὄντος
2957 2660 3057 2741 ἔτι

647 2791 776 2864 τοῦ
852 2790 998 2866 τῶν
1071 2786 1438 2864 Ἰουδαίων
1525 2791 1774 2883 θυμοῦ,
1855 2788 1973 2864 καὶ
2052 2784 2443 2890 φονῶντων
2514 2781 2836 2883 ἐκθύμως
2914 2792 3057 2864 τῶν

648 2915 1118 3014 καθηγεῖσθαι
1169 2907 1545 3014 λαχόντων
1583 2907 1768 2989 κατὰ
1820 2908 2091 2994 παντὸς
2147 2908 2280 3009 μὲν
2321 2908 2704 3012 ἀνθρώπου
2749 2907 2885 2989 τὸν
2930 2918 3057 2990 τοῦ

651 3039 988 3140 Σωτῆρος
1041 3035 1245 3135 ἡμῶν
1300 3032 1779 3137 θαυμάζῦντος
1836 3032 2083 3137 λόγον,
2122 3038 2240 3115 καί
2290 3036 2424 3134 τὴν
2468 3033 2781 3137 ἅρῤητον
2837 3035 3056 3116 αὑτοῦ
3078 3057 3143 3098 ²0

591 3197 628 3241 e
652 3163 768 3239 καὶ
842 3156 1473 3262 θεοπρεπεστάτην
1538 3157 2067 3263 ἀποδεχομένου
2133 3158 2432 3255 δύναμίν
2487 3192 2567 3237 τε
2632 3161 2749 3237 καὶ
2810 3156 3058 3266 δόξαν,

647 3283 977 3382 μα’λιστα
1032 3281 1107 3363 δὲ
1163 3281 1316 3363 κατ’
1367 3283 1602 3362 αὐτῶν
1656 3288 1803 3362 τῶν
1858 3284 2083 3385 ἁγίων
2132 3288 2500 3382 μαθητῶν·
2578 3280 2663 3362 τὸ
2720 3284 3061 3381 ἐμπεσεῖν

649 3404 934 3491 εἰκότως
984 3406 1555 3509 παραιτούμενοι,
1604 3404 1750 3509 πρὸ
1807 3407 2032 3509 αὐγῆς
2086 3410 2215 3506 τῆς
2264 3407 2540 3491 τελείας
2594 3407 3059 3511 ἀποφοιτῶσι

647 3538 778 3611 τοῦ
829 3529 1219 3631 μνήματος,
1256 3532 1353 3614 ὦς
1401 3531 1530 3610 οὐκ
1571 3529 1740 3637 ἐξὸν
1775 3529 2162 3615 ἀκινδύνως
2197 3538 2410 3611 τοῦτο
2447 3532 2645 3633 δρᾶν,
2685 3535 2743 3608 εἰ
2783 3531 3058 3638 ὁρῷντο

648 3655 811 3755 μεθ’
851 3655 1140 3759 ἡμέραν,
1176 3658 1305 3755 τῆς
1349 3661 1479 3734 τοῦ
1524 3654 1733 3755 ἡλίου
1787 3654 2170 3755 λαμπάδος
2212 3661 2361 3737 τοῖς
2414 3654 2754 3734 ἁπάντων
2802 3654 3059 3738 αὐτοὺς
3079 3676 3142 3735 ³5

647 3780 1299 3879 ἀνακαλυπτούσης
1336 3777 1642 3876 ὄμμασι.
1722 3783 1839 3859 καί
1887 3779 1971 3859 οὗ
2016 3775 2247 3878 δήπου
2284 3777 2555 3858 δειλίαν
2593 3780 2890 3881 ἐροῦμεν
2928 3777 3057 3879 τὴν

649 3903 1000 4008 ἄνανδρον
1073 3906 1306 3984 αἰτίαν
1378 3901 1629 4006 ὥσπερ
1702 3904 1941 3987 αὐτοῖς
2018 3907 2147 4003 τῆς
2223 3904 2446 3987 οὕτως
2516 3900 3057 4001 ἐμμελεστάτης

650 4032 1096 4127 καταστῆναι
1134 4031 1392 4136 φυγῆς,
1432 4025 1830 4128 οἰησόμεθα
1866 4027 1943 4109 δὲ
1991 4033 2284 4125 μᾶλλον
2318 4033 2447 4108 τοῦ
2501 4027 2873 4131 χρησίμου
2929 4025 3059 4127 τὴν

310 4184 571 4244 ιοεοΔ.
592 4198 629 4239 a
650 4157 928 4256 γνῶσιν
980 4157 1137 4234 ταῖς
1191 4157 1336 4231 τῶν
1379 4152 1607 4253 ἁγίων
1656 4156 1929 4259 ψυχαῖς
1976 4154 2413 4232 ἐντεθεῖσθαι
2464 4147 2665 4252 παρὰ
2701 4154 3058 4254 Χριστοῦ,

649 4278 830 4380 ἀωρὶ
886 4273 1305 4358 κινδυνεύειν
1340 4277 1467 4356 οὐκ
1525 4276 2025 4380 ἐπιτρέποντος
2078 4274 2241 4361 τοὺς
2297 4275 2500 4378 οἵπερ
2537 4273 2853 4374 ἔμελλον
2889 4274 3049 4356 ἔσε-
3079 4302 3149 4364 30

315 4432 446 4564 fgm.
469 4432 522 4485 ii.
651 4407 830 4484 σθαι
890 4403 1019 4501 τῆς
1074 4399 1481 4499 οἰκουμένης
1545 4406 1931 4507 φωστῆρες
1991 4404 2109 4483 καὶ
2169 4399 2621 4482 διδάσκαλοι.
2711 4399 2850 4478 ἔδει
2918 4398 3059 4503 γὰρ

1084 4609 1167 4667 15.
1205 4592 1613 4667 διασκεψάμενοι
1640 4596 1705 4653 Ε.
2184 4612 2271 4669 25.
2310 4598 2402 4653 τοῦ
2425 4613 2533 4651 om.
2562 4594 2628 4650 E.
