3269 5166
390 320 762 385 CONTRA
806 321 1396 388 THEODORUM
1449 321 1726 391 EPISC.
1776 327 2044 391 MOPS.
2097 327 2268 392 LIB.
2318 329 2411 392 II.
2505 334 2632 395 529

210 507 421 569 supra
447 496 763 549 naturam
790 485 925 567 ejus
953 488 1070 570 qui
1105 488 1504 572 consequitur
1536 490 1901 573 beneficium
1921 516 1942 554 .·
1986 493 2097 556 ille
2127 514 2274 557 vero
2305 506 2631 579 tamquam

214 589 577 671 beneficium
606 609 998 673 consequen-5,
1028 603 1088 654 et
1117 589 1389 672 majora,
1423 614 1619 673 quam
1650 606 1762 670 est,
1793 596 1874 659 ab
1904 617 1973 660 eo
2003 597 2378 680 suscipiens.

1125 865 1363 930 SANCTI
1411 867 1705 930 CYRILLI.

302 1024 339 1052 “
374 1017 588 1081 Sobrii
627 1024 828 1084 estote
867 1019 1023 1082 ebrii
1064 1042 1142 1085 ex
1170 1021 1319 1085 vino
1349 1021 1629 1100 eorum,'’
1668 1023 1974 1087 acclamet
2002 1023 2231 1106 aliquis
2277 1023 2365 1086 sic
2410 1045 2621 1087 erran·
2647 1046 2766 1094 Joel
2788 1046 2821 1095 i.
2850 1059 2895 1107 5,

146 1149 182 1205 5
208 1118 408 1183 tibus.
498 1119 765 1204 Impone
809 1122 995 1186 bomo
1039 1129 1187 1187 tuae
1229 1124 1490 1208 linguae
1534 1128 1767 1189 ostium
1813 1131 1880 1190 et
1923 1149 2167 1190 seram:
2213 1149 2383 1190 cessa
2428 1150 2622 1190 cornu
2650 1129 2745 1177 Sir·
2769 1130 2942 1179 xxviii.

210 1222 279 1284 in
325 1223 735 1288 altitudinem
778 1225 1106 1304 extollens,
1146 1233 1214 1291 et
1256 1227 1517 1310 loquens
1562 1229 1967 1313 iniquitatem
2014 1228 2344 1293 adversum
2391 1229 2619 1294 Deum.
2648 1209 2900 1308 {lexiv-
2916 1260 2963 1308 6.

211 1325 555 1410 Quousque
598 1328 869 1392 insultas
910 1331 1182 1413 patienti
1224 1331 1484 1395 Christo
1506 1334 1537 1396 ?
1625 1332 1708 1395 In
1754 1338 1965 1395 mente
2008 1332 2170 1396 habe
2215 1334 2380 1414 quod
2426 1332 2620 1415 scrip-

208 1434 349 1492 tum
380 1438 478 1494 est
507 1456 546 1496 a
574 1433 792 1496 divino
824 1434 1021 1498 Paulo
1054 1443 1093 1472 “
1121 1433 1225 1498 Sic
1256 1458 1403 1499 vero
1434 1442 1761 1519 peccantes
1801 1436 1870 1498 in
1910 1436 2136 1499 fratres
2171 1442 2236 1499 et
2266 1437 2617 1518 percutien-
2652 1459 2669 1493 1
2696 1447 2808 1495 Cor.
2826 1447 2930 1495 viii.

210 1541 248 1569 ‘⁶
279 1540 378 1597 tes
418 1557 635 1598 eorum
676 1535 994 1601 infirmam
1035 1539 1502 1615 conscientiam,
1534 1539 1603 1602 in
1634 1538 1964 1601 Christum
2007 1537 2338 1621 peccatiS.’'
2427 1539 2518 1601 Et
2547 1545 2622 1601 ut,
2652 1525 2725 1559 ¹²·

113 1666 182 1704 10
206 1635 447 1720 aliquid
501 1638 695 1702 etiam
750 1663 827 1705 ex
887 1642 1274 1725 propheticis
1332 1642 1552 1725 loquar
1609 1642 1930 1706 codicibus
1984 1651 2019 1678 “
2048 1642 2091 1703 J
2096 1641 2412 1704 ustificata
2470 1648 2621 1705 sunt
2647 1661 2709 1710 cf.
2734 1659 2889 1709 Ezek.

208 1747 252 1778 “
285 1740 559 1806 Sodoma
601 1765 680 1807 ex
722 1749 789 1807 te
814 1742 871 1820 ;’'
915 1746 1226 1827 superasti
1268 1767 1663 1829 paganorum
1692 1745 2124 1822 verbositates,
2156 1767 2309 1827 quas
2341 1747 2621 1823 fecerunt
2646 1727 2848 1788 ”25¹⁸

204 1850 428 1908 contra
459 1844 810 1924 Christum,
852 1848 1194 1911 stultitiam
1235 1848 1678 1913 existimantes
1719 1870 1984 1926 crucem,
2029 1848 2185 1911 nihil
2234 1871 2365 1912 esse
2409 1855 2617 1912 osten·
2651 1863 2668 1897 ¹
2699 1851 2810 1900 Cor.
2839 1850 2871 1897 i.

205 1948 363 2012 disti
394 1948 437 2009 J
440 1948 695 2013 udaicae
735 1949 1057 2034 superbiae
1096 1951 1379 2015 crimina.
1472 1952 1796 2016 Minorare
1836 1953 2200 2035 praesumiS,
2233 1957 2298 2015 et
2334 1952 2499 2035 quod
2539 1952 2622 2016 ad
2651 1916 2727 1964 ιε’

207 2056 273 2116 te
303 2054 600 2137 pertinet,
633 2054 913 2118 detrahis
947 2057 1027 2119 ad
1066 2055 1395 2118 infamiam
1429 2078 1573 2118 eum
1604 2057 1715 2140 qui
1755 2079 2052 2139 supernas
2094 2057 2269 2120 sedes
2305 2058 2616 2134 consedet,

109 2179 179 2236 15
207 2161 273 2220 et
302 2178 429 2220 una
459 2180 603 2220 eum
638 2158 772 2222 Deo
801 2164 869 2222 et
898 2158 1085 2222 Patre
1114 2160 1398 2223 eamdem
1431 2159 1643 2223 sedem
1674 2158 1885 2223 habet.
1976 2160 2144 2222 Eum
2179 2160 2350 2224 enim
2393 2161 2502 2244 qui
2543 2184 2622 2224 ex

207 2261 478 2324 mortuis
521 2262 880 2341 resurrexit,
926 2262 995 2325 in
1039 2261 1292 2326 sedibus
1335 2261 1592 2326 deitatis
1648 2263 1861 2327 sedere
1912 2264 2071 2327 dicit
2117 2263 2622 2347 sapientissimus

207 2363 463 2427 Paulus.
533 2364 721 2428 Dixit
749 2366 942 2442 enim,
972 2367 1139 2450 quod
1172 2375 1208 2402 “
1232 2366 1448 2430 Talem
1479 2366 1783 2430 habemus
1812 2368 2164 2450 principem
2194 2369 2612 2444 sacerdotum,
2642 2379 2776 2429 Heb.
2793 2381 2878 2428 viii
2912 2393 2954 2428 1.

207 2476 243 2502 “
275 2467 387 2550 qui
418 2467 594 2530 sedet
623 2468 689 2531 in
721 2468 979 2532 dextera
1022 2468 1185 2532 sedis
1223 2470 1572 2552 majestatis
1617 2471 1687 2532 in
1731 2469 2051 2542 excelsiS‚''
2083 2472 2193 2554 qui
2234 2476 2330 2532 est
2369 2479 2405 2506 “
2431 2493 2616 2554 super
2643 2483 2821 2546 Eph.i.
2845 2497 2921 2532 21.

206 2576 243 2606 “
275 2592 528 2634 omnem
580 2572 1004 2656 principatum
1065 2579 1131 2637 et
1185 2578 1567 2657 potestatem
1624 2580 1692 2637 et
1750 2573 2247 2638 dominationem
2307 2579 2373 2638 et
2432 2598 2617 2639 omne

104 2696 179 2737 20
206 2682 243 2709 “
274 2696 508 2739 nomen
565 2677 730 2759 quod
789 2677 1155 2740 nominatur
1211 2700 1339 2742 non
1398 2678 1601 2742 solum
1663 2679 1730 2740 in
1787 2680 1905 2742 hoc
1965 2679 2189 2755 seculo,
2254 2681 2362 2742 sed
2421 2685 2486 2743 et
2546 2680 2614 2742 in

205 2786 243 2815 “
277 2777 551 2842 futur0.’'
640 2779 947 2843 Flectitur
997 2781 1165 2843 enim
1211 2780 1268 2844 ei
1316 2804 1501 2845 omne
1553 2804 1742 2865 genu,
1786 2789 1852 2845 et
1897 2783 2102 2846 omnis
2154 2782 2376 2862 lingua
2420 2784 2613 2845 confi-
2639 2787 2769 2835 Phil·
2791 2787 2838 2835 ίί.
2862 2803 2936 2844 10.

202 2888 379 2944 tetur
423 2881 586 2967 quod
638 2883 930 2946 dominus
970 2883 1155 2947 Jesus
1195 2883 1489 2947 Christus
1536 2886 1600 2947 in
1652 2884 1857 2969 gloria
1905 2892 2001 2948 cst
2044 2884 2165 2949 Dei
2205 2884 2432 2948 Patris.
2523 2887 2612 2950 Et
2644 2865 2718 2900 ¹¹⁸

202 2984 345 3068 quis
385 2985 624 3069 estqui
668 2985 736 3048 in
781 2986 881 3050 his
921 2991 1019 3049 est
1048 2995 1373 3071 tamquam
1404 2987 1625 3051 Deus?
1715 2987 1960 3052 Iterum
2006 2988 2171 3051 idem
2221 2989 2353 3071 ipse
2398 2989 2612 3070 expla-

201 3089 401 3165 navit,
434 3088 543 3173 qui
587 3089 720 3174 ejus
763 3091 1208 3174 mysteriorum
1255 3092 1537 3154 sacerdos
1566 3095 1681 3155 est.
1774 3092 1963 3155 Dixit
1992 3090 2184 3168 enim,
2215 3090 2382 3173 quod
2417 3099 2453 3126 “
2479 3091 2612 3154 exi·
2641 3090 2718 3139 Ib.
2743 3106 2787 3153 7·
2807 3091 2855 3141 8.

102 3209 175 3269 25
205 3199 242 3227 “
274 3192 529 3257 nanivit
573 3193 868 3276 seipsum,
899 3194 970 3257 in
1013 3192 1428 3259 similitudine
1466 3194 1746 3257 hominis
1775 3196 1982 3259 factus
2024 3199 2123 3257 est
2164 3201 2230 3257 et
2273 3194 2344 3257 in
2389 3194 2613 3258 habitu

205 3295 576 3359 “inventus
604 3302 929 3380 tamquam
964 3296 1187 3361 homo:
1236 3301 1303 3360 et
1343 3297 1708 3360 humiliavit
1753 3299 2024 3382 seipsum
2070 3298 2273 3361 factus
2317 3298 2616 3361 obediens

202 3406 242 3436 “
278 3421 477 3483 usque
520 3399 600 3461 ad
632 3405 921 3478 mortem,
953 3406 1223 3463 mortem
1253 3405 1467 3463 autem
1505 3400 1766 3466 eruciS.'’
1858 3402 2166 3465 Flectitur
2195 3401 2400 3484 igitur
2430 3425 2615 3466 omne

200 3523 376 3585 genu
418 3501 782 3567 coelestium
828 3509 894 3567 et
936 3504 1331 3567 terrestrium
1377 3509 1443 3566 et
1485 3503 1830 3566 inferorum
1875 3505 1931 3568 ei
1976 3505 2085 3587 qui
2129 3526 2374 3567 crucem
2420 3506 2611 3569 susti-

200 3606 384 3670 nuit:
432 3628 620 3690 quem
656 3606 829 3689 puris
873 3612 938 3671 et
981 3607 1129 3670 solis
1172 3606 1592 3670 humanitatis
1637 3609 1947 3671 mensuris
1990 3607 2277 3691 injiciens
2320 3607 2610 3672 adversa-

96 3728 174 3784 30
202 3709 351 3785 rius,
397 3709 767 3773 memoriam
811 3715 877 3774 et
920 3710 1351 3773 visitationem
1397 3711 1699 3775 meruisse
1742 3711 1901 3775 dicit
1944 3733 1979 3773 a
2027 3710 2164 3775 Deo
2193 3710 2422 3788 Verb0,
2467 3735 2612 3775 cum

199 3818 367 3877 certe
426 3819 676 3895 oportet
729 3814 883 3877 scire
934 3819 1001 3877 et
1053 3835 1267 3896 sapere
1318 3815 1484 3897 quod
1536 3836 1666 3877 non
1718 3814 1882 3878 alter
1925 3813 2099 3878 Deus
2141 3814 2427 3877 Verbum
2476 3820 2614 3879 erat

197 3922 449 3999 praeter
477 3916 685 3999 ipsum
717 3916 915 3980 Filius
954 3917 1290 4000 separatim
1331 3923 1398 3979 et
1426 3940 1537 4001 per
1566 3923 1832 4001 partem,
1863 3918 1972 4001 qui
2003 3940 2080 3980 ex
2110 3918 2346 3981 semine
2377 3917 2608 3993 David,

196 4164 321 4274 „10²6
336 4148 803 4273 §323223233222
826 4219 979 4274 ma.
1012 4165 1073 4289 ,Ξῖ
1091 4147 1506 4289 5122ὸὲἐέῗί
1532 4146 2219 4288 ῗῑξίἲ)“ῗ5,(ἶῗ’ν“ἐῗὲξῖῐω
2237 4219 2273 4244 υ
2306 4168 2417 4300 vasi-{2
2438 4148 2608 4271 3333.

200 4290 410 4352 Baluz„
436 4288 698 4343 declamet
724 4289 825 4344 Ed.
1017 4290 1069 4345 6.
1105 4290 1362 4345 adversus
1388 4291 1519 4357 (bis)
1550 4290 1619 4343 D.
1812 4308 1894 4357 14.
1931 4289 2185 4344 consedet
2209 4289 2263 4343 D
2291 4290 2428 4359 (vice
2453 4287 2606 4357 sec.),

196 4360 456 4415 coudecet
481 4360 553 4414 D.
583 4358 795 4423 Surius,
820 4359 1081 4415 condocet
1110 4361 1311 4415 Bellov.
1341 4361 1479 4430 (vice
1503 4361 1662 4431 sec),
1687 4360 1942 4416 concedet
1969 4360 2071 4414 Ed.
2317 4378 2333 4411 1
2382 4399 2395 4412 .
2433 4367 2484 4411 et
2504 4360 2606 4438 ult.

195 4449 294 4486 om.
326 4431 399 4486 D.
654 4448 736 4501 19.
774 4448 934 4486 omne
956 4438 1271 4502 assumptum
1293 4450 1356 4486 ex
1386 4432 1458 4499 D,
1484 4432 1689 4486 Bellov.
1933 4447 2017 4484 22.
2056 4430 2226 4499 gloria
2249 4374 2607 4551 entjgloruam

197 4501 322 4557 Sur.
608 4516 697 4567 25.
736 4501 1009 4574 sedipsum
1037 4502 1162 4571 (sic)
1190 4502 1261 4556 D.
1368 4502 1772 4557 similitudinem
1801 4501 1873 4554 D.
1982 4510 2066 4558 est
2093 4519 2188 4555 om.
2217 4502 2316 4553 Ιιαιι
2377 4499 2509 4551 male
2537 4499 2608 4552 D.

198 4573 284 4625 28.
322 4572 657 4627 infernorum
689 4572 756 4627 D.
998 4588 1082 4643 ²9·
1121 4573 1332 4626 initiens
1362 4573 1433 4629 D.
1673 4590 1758 4643 3²-
1798 4570 1917 4643 qui]
1952 4579 2008 4635 -Ι-
2039 4582 2118 4625 est
2149 4571 2217 4624 D.

282 4679 428 4722 von.
464 4678 569 4721 ιιι.
1372 4681 1407 4744 3
1442 4680 1479 4722 Y
