3269 5166
389 332 757 398 CONTRA
801 333 1389 399 THEODORUM
1436 335 1715 400 EPISC.
1765 336 2031 399 MOPS.
2081 334 2258 399 LIB.
2307 336 2404 400 11.
2506 338 2631 400 535

210 490 432 558 Israel.
522 494 665 580 Ego
708 501 920 562 autem
966 496 1255 576 arbitror,
1287 504 1353 563 et
1382 497 1565 564 valde
1610 498 1858 578 merito,
1895 498 2016 563 hoc
2061 504 2285 584 aptum
2329 520 2464 563 esse
2505 521 2637 563 non

210 595 596 662 habentibus
640 599 741 664 vel
784 623 914 665 non
950 601 1307 667 volentibus
1350 608 1518 667 recte
1561 601 1919 687 intelligere
1956 601 2196 666 Christi
2242 602 2637 688 mysterium.

210 698 389 764 Nam
433 700 792 768 obcaecavit,
833 705 1090 789 quidem
1136 713 1174 742 “
1199 705 1354 770 deus
1397 705 1631 769 saeculi
1677 705 1862 770 istius
1913 704 2376 790 intelligentias
2417 705 2641 768 infide-
2669 723 2830 774 zoor.
2856 723 2922 773 iv.

214 796 255 842 ‘⁶
284 804 513 883 lium‚”
556 812 624 871 et
666 807 881 872 lumen
930 808 1222 873 divinum
1268 815 1337 874 et
1385 808 1796 892 intelligibile
1848 808 1914 873 in
1957 814 2172 873 mente
2220 814 2286 873 et
2334 809 2404 873 in
2455 808 2640 873 corde
2665 806 2715 854 4·

147 923 183 983 5
213 929 345 972 non
390 907 693 975 habentes
737 913 967 976 merito
1011 917 1394 977 erraverunt.
1489 912 1559 976 Si
1596 934 1744 976 vero
1775 911 2032 997 quidam
2076 917 2229 975 sunt
2274 910 2637 990 illuminati,

212 1010 426 1096 magis
476 1035 626 1077 vero
684 1014 877 1080 etiam
935 1016 1295 1081 doctoribus
1355 1016 1811 1093 connumerati,
1863 1014 1975 1099 qui
2026 1014 2341 1079 similibus
2401 1015 2640 1079 morbis

213 1114 427 1179 nescio
470 1120 780 1201 quomodo
824 1119 1070 1184 detenti
1113 1126 1285 1198 sunt,
1317 1118 1470 1204 quid
1509 1119 1683 1184 aliud
1724 1118 1814 1182 eis
1843 1118 2072 1203 aliquis
2111 1118 2414 1183 acclamet
2446 1140 2640 1203 quam

215 1217 337 1283 hoc
395 1219 565 1304 quod
622 1243 662 1285 a
712 1221 851 1286 Deo
908 1222 1152 1287 dictum
1212 1227 1311 1287 est
1361 1245 1476 1307 per
1520 1244 1723 1286 unum
1772 1226 2136 1286 sanctorum
2187 1221 2641 1305 prophetarum

217 1327 257 1358 ‘⁴
293 1321 483 1386 Quod
524 1322 786 1409 laqueus
825 1326 978 1390 facti
1017 1324 1169 1390 estis
1214 1325 1500 1410 speculae
1535 1326 1607 1390 in
1634 1324 2001 1390 visitatione
2036 1331 2103 1389 et
2131 1325 2297 1389 sicut
2325 1324 2486 1389 retia
2531 1347 2639 1389 ex·
2667 1336 2795 1386 Hos.
2816 1352 2857 1384 v.
2885 1350 2929 1390 ι.

116 1446 191 1488 ιο
221 1432 259 1460 “
290 1431 477 1489 tensa
533 1426 601 1491 in
667 1429 1015 1494 statumine
1084 1452 1277 1514 quam
1336 1430 1446 1514 qui
1504 1434 1819 1494 venantur
1891 1428 2289 1492 confixerunt
2320 1426 2409 1490 ?'’
2509 1427 2642 1493 Qui

219 1529 390 1592 enim
435 1530 965 1614 quamplurimam
1004 1533 1349 1598 utilitatem
1394 1532 1695 1618 subjectis
1738 1531 1948 1616 magis
1990 1531 2191 1595 facere
2236 1531 2487 1610 debent,
2529 1531 2641 1595 isti

216 1631 479 1697 fuerunt
505 1639 571 1698 et
599 1633 858 1720 laqueus
888 1643 955 1701 et
1000 1645 1135 1701 rete
1181 1640 1247 1700 et
1290 1635 1571 1700 scandali
1615 1634 1855 1699 occasio
1902 1640 1968 1700 et
2010 1640 2344 1719 petaurum
2388 1634 2641 1700 inferni.

217 1736 310 1800 Et
352 1735 478 1800 ista
519 1736 661 1802 dico
704 1737 973 1803 miratus
1017 1740 1198 1804 valde
1244 1745 1311 1804 et
1352 1738 1565 1805 videre
1607 1762 1739 1803 non
1780 1744 2008 1824 potens
2050 1738 2131 1802 ad
2180 1737 2333 1824 quid
2384 1737 2644 1823 respicit

217 1838 495 1905 intentio
544 1842 905 1907 adversarii.
1011 1843 1187 1907 Nam
1245 1843 1564 1908 confessus
1629 1847 1728 1906 est
1777 1840 2029 1927 quidem
2082 1841 2424 1921 evidenter,
2471 1842 2643 1926 quod

121 1964 190 2020 ¹5
218 1964 333 2027 per
364 1943 600 2008 Filium
641 1945 891 2011 locutus
935 1950 1034 2012 est.
1077 1947 1261 2011 nobis
1289 1947 1465 2013 Deus
1508 1952 1575 2011 et
1604 1946 1796 2011 Pater
1812 1971 1832 2023 3
1887 1968 2020 2010 esse
2049 1968 2198 2010 vero
2239 1946 2435 2010 istum
2482 1946 2642 2010 dicit

217 2053 619 2130 assumptum
659 2048 1001 2128 hominem,
1033 2049 1276 2114 nullam
1321 2050 1661 2114 habentem
1699 2048 1837 2113 Deo
1866 2049 2081 2113 Verbo
2119 2050 2199 2113 ad
2229 2049 2349 2113 hoc
2396 2047 2640 2112 dictum
2664 2070 2829 2135 Supra
2849 2082 2961 2134 534,

219 2150 752 2218 communionem.
845 2151 1177 2217 Quomodo
1227 2152 1432 2237 igitur
1480 2173 1607 2216 non
1661 2152 1955 2217 omnibus
2001 2152 2339 2216 manifesta
2384 2157 2480 2217 est
2530 2151 2642 2215 ad·
2668 2150 2749 2186 ²¹·

220 2275 441 2318 versus
484 2255 739 2319 beatum
770 2255 1040 2320 Paulum
1084 2254 1416 2333 calumnia,
1459 2255 1669 2340 magis
1698 2278 1848 2320 vero
1890 2256 2089 2339 ipsius
2128 2255 2413 2320 veritatis
2456 2276 2639 2320 accu-

220 2357 435 2422 satio?
477 2380 593 2422 nec
628 2358 797 2423 enim
838 2359 928 2424 sic
972 2359 1289 2424 intellexit
1319 2358 1631 2456 Spiritum
1665 2358 1971 2423 Sanctum
2018 2359 2256 2423 habens
2299 2358 2638 2443 apostolus.
2671 2381 2691 2414 ι
2716 2364 2831 2414 Gor·
2857 2364 2947 2413 vii.

120 2471 196 2512 20
223 2460 473 2525 Iterum
517 2483 666 2527 vero
714 2461 962 2528 derivat
1006 2462 1382 2548 dogmatum
1424 2461 1870 2527 rectitudinem
1913 2462 1995 2527 ad
2039 2485 2216 2527 suam
2259 2462 2641 2547 placentiam
2665 2445 2748 2494 40·

220 2565 637 2631 adversarius.

293 2792 400 2857 Ex
429 2791 701 2856 secundo
736 2791 899 2856 libro
928 2791 1158 2876 Cyrilli
1187 2791 1484 2876 Episcopi
1515 2792 1937 2856 Alexandriae
1972 2790 2051 2857 dc
2090 2813 2163 2856 eo
2191 2790 2360 2876 quod
2393 2792 2580 2856 Unus

928 2894 1221 2960 Christus
1253 2902 1475 2960 contra
1504 2896 1921 2960 Theodorum.

314 3031 505 3097 Quod
552 3038 767 3097 tamen
816 3031 1022 3097 voluit
1064 3034 1298 3121 impius
1348 3032 1688 3098 Nestorius
1734 3031 2038 3117 dogmata
2085 3031 2398 3096 Theodori
2444 3028 2637 3115 sequi,

120 3141 196 3201 25
224 3158 355 3200 non
399 3136 860 3200 absolutionem
904 3136 962 3201 ei
1006 3135 1476 3201 accusationum
1518 3136 1709 3201 facit:
1759 3134 1924 3199 unde
1965 3135 2177 3220 magis
2204 3157 2353 3199 vero
2382 3133 2643 3219 grandi-

222 3260 397 3303 orem
444 3239 741 3303 adversus
785 3261 931 3302 eum
973 3238 1481 3304 inclamationem
1526 3239 1908 3323 operabitur.
1999 3238 2163 3303 Cum
2210 3237 2380 3302 enim
2403 3236 2641 3325 ,liceret

222 3342 284 3406 ei
315 3346 677 3407 sanctorum
708 3348 961 3426 patrum
985 3343 1172 3407 rectis
1195 3342 1402 3407 verbis
1426 3350 1492 3407 et
1510 3342 1936 3407 immaculatis
1964 3341 2043 3406 de
2071 3342 2306 3406 deitate
2333 3340 2639 3405 sermoni·

222 3446 345 3511 bus
396 3445 612 3530 potiri,
659 3446 1053 3531 proposuisse
1099 3445 1496 3530 dignoscitur
1539 3446 1801 3511 veritati
1845 3446 2263 3512 mendacium.
2353 3445 2640 3510 Praeter-

222 3549 407 3613 misit
448 3548 620 3612 enim
662 3571 822 3634 quae
861 3548 1116 3615 illorum
1157 3555 1345 3628 sunt3
1409 3549 1619 3633 magis
1649 3572 1798 3615 vero
1841 3549 2035 3635 eleg-it
2077 3549 2371 3634 turpibus
2413 3548 2641 3614 adhae-

120 3677 197 3735 30
224 3673 384 3730 rere,
415 3657 482 3717 et
519 3657 656 3717 tam
685 3651 972 3717 distortis
1012 3652 1349 3718 laetificare
1388 3654 1803 3720 sermonibus.
1898 3652 2092 3718 Hunc
2120 3676 2266 3718 vcro
2296 3652 2406 3738 qui
2447 3652 2642 3716 talem

225 3754 421 3821 habet
449 3755 847 3821 voluntatem
885 3760 955 3821 et
987 3755 1394 3836 dementiam,
1424 3757 1493 3821 in
1540 3756 1660 3822 hoc
1703 3756 2026 3822 desiluisse
2069 3756 2353 3842 inculpet
2394 3755 2644 3841 aliquis,

304 3963 354 4003 1.
390 3947 595 4019 autem]
620 3947 766 4003 enim
790 3948 865 4004 D.
961 3947 1090 4020 hoc]
1117 3948 1169 4003 Ο
1194 3948 1297 4004 hoc
1324 3948 1449 4021 (sic)
1480 3949 1551 4004 D.
1737 3965 1791 4019 3.
1827 3947 2156 4019 obcaecavit]
2182 3947 2286 4002 hoc
2310 3947 2543 4002 caecavit
2570 3946 2644 4000 D.

227 4018 364 4073 deus
388 4035 488 4072 om.
517 4018 588 4072 D.
802 4037 857 4086 4.
892 4019 1077 4074 lumen
1101 4018 1342 4075 divinum
1367 4027 1422 4074 et
1444 4019 1619 4074 omisit
1645 4017 1747 4074 Ed.
1977 4037 2031 4092 9.
2067 4018 2193 4073 facti
2217 4017 2342 4072 estis
2368 4015 2643 4088 speculae]

226 4088 434 4144 facietis
457 4089 750 4171 inspiculae
774 4089 850 4146 D.
1070 4107 1152 4158 14.
1189 4088 1458 4144 evidenter
1510 4099 1563 4144 et
1584 4088 1829 4146 videnter
1853 4089 1927 4143 D.
2139 4088 2222 4143 16.
2259 4087 2543 4142 habentem
2571 4088 2643 4149 D,

227 4164 265 4190 “
288 4159 508 4214 Veteres
531 4159 654 4214 hbri
670 4160 706 4185 '⁹
738 4160 943 4224 Baluz.⁹
968 4159 1197 4215 habente
1224 4159 1433 4228 Sui-ius,
1548 4200 1562 4214 .
1821 4161 1904 4214 18.
1941 4160 2208 4214 accusatio
2234 4157 2356 4228 nec]
2382 4158 2644 4213 accusati·

225 4246 389 4284 onem
416 4229 490 4284 D.
627 4246 711 4301 19.
743 4232 1018 4312 apostolus
1043 4230 1291 4301 spiritum
1314 4229 1520 4286 habens
1545 4239 1794 4286 sanctum
1817 4231 2023 4284 inverso
2047 4229 2227 4283 ordine
2251 4229 2324 4285 D.
2441 4243 2525 4282 20.
2553 4226 2646 4280 de-

226 4298 392 4371 rivat]
422 4298 698 4355 deridebat
724 4301 849 4371 (sic)
880 4301 951 4355 D.
1047 4318 1132 4355 22.
1162 4300 1323 4355 Unus
1381 4308 1437 4365 -l-
1463 4311 1545 4356 est
1565 4301 1670 4356 Ed.
1769 4318 1855 4367 24.
1882 4300 2074 4356 docma
2097 4300 2171 4354 D.
2269 4314 2356 4370 25.
2382 4297 2643 4352 accusati-

228 4387 389 4425 onem
418 4370 490 4426 D.
566 4369 711 4425 unde
735 4388 905 4425 assum
943 4364 1137 4425 tum‘eoe
1162 4371 1234 4434 D,
1261 4376 1297 4401 “
1366 4381 1494 4426 eter.
1520 4371 1680 4428 libr.’'
1708 4371 1896 4426 Baluz.
2006 4371 2092 4425 26.
2119 4369 2549 4425 inclamationem
2575 4367 2646 4422 Ι).

232 4441 437 4496 Bellov.
501 4446 537 4471 ‘⁸
558 4441 683 4496 Vet.
718 4441 862 4506 libri,
956 4439 1162 4523 aluz.”]
1203 4441 1260 4495 in
1301 4441 1702 4497 damnationem
1743 4439 1888 4508 Sur„
1933 4440 2036 4495 Ed.
2166 4439 2306 4494 Cum
2335 4438 2408 4500 D,
2436 4436 2648 4503 Sarius,

232 4511 383 4567 Dum
502 4551 516 4566 .
776 4512 861 4566 28.
900 4528 1243 4581 proposuisse
1266 4528 1297 4565 r
1452 4513 1475 4566 i
1498 4530 1560 4566 εει·
1587 4513 1658 4580 D,
1685 4511 1910 4574 Bellov„
1938 4510 2118 4575 Surio,
2143 4508 2518 4582 praeposuisse
2543 4506 2649 4562 Ed.

227 4599 316 4654 30.
354 4581 624 4637 laetificari
652 4581 722 4636 D.
836 4580 1257 4653 Hunc—talem]
1345 4583 1425 4637 nit
1449 4599 1575 4637 vero
1600 4582 1813 4653 qualem
1842 4581 1913 4636 D.
