3269 5166
244 364 361 408 11.
390 361 631 432 22‚23.
721 344 838 409 ΙΝ
899 343 1531 411 S.JOANNEM.
1624 343 2014 411 LIB.X11.
2104 346 2308 412 CAP.
2340 345 2395 412 1.
2541 328 2661 412 131

2752 507 2804 559 S.
2825 507 2952 559 Lno.

2753 590 2802 625 v.
2826 587 2907 637 31.

250 518 296 558 “
333 508 599 609 καίους,
637 509 840 591 ἀλλὰ
895 508 1367 616 ἁμαρτωλοὺς
1416 515 1514 597 εἷς
1561 510 2005 611 μετάνοιαν,”
2042 514 2159 592 καὶ
2209 509 2436 592 πάλιν
2472 522 2516 559 “
2544 513 2662 623 Ού
2686 541 2731 607 d

250 643 296 682 “
334 635 587 740 χρείαν
659 635 953 742 ε”χουσιν
1026 641 1095 717 οἱ
1180 636 1614 738 ὑγιαίνοντες
1696 643 1963 741 ἰατροῦ,
2034 639 2205 717 ἀλλ’
2282 642 2348 717 οἱ
2429 645 2663 723 κακῶς

250 767 297 805 “
336 758 620 865 ἔχοντες
629 759 689 807 ·”
764 763 883 842 καὶ
938 761 1040 841 ἔτι
1094 759 1278 866 πρὸς
1333 761 1608 847 τούτοις
1661 760 1839 842 ποτὲ
1893 760 2023 860 μέν
2059 771 2104 809 “
2126 759 2304 842 Ὅτι
2358 761 2664 858 καταβέ-
2752 764 2929 892 231>ss

252 893 299 931 ‘⁶
333 890 530 984 βηκα
586 886 665 966 ἐκ
719 895 846 966 τοῦ
901 886 1208 990 οὐρανοῦ
1264 887 1397 991 οὐχ
1451 887 1568 967 ἵνα
1621 892 1805 967 ποιῶ
1859 882 1946 967 τὸ
2003 884 2287 986 θέλημα
2346 885 2430 967 τὸ
2490 884 2663 985 ε’μὸν

188 1032 227 1093 5
253 1017 299 1056 “
335 1007 539 1089 ἀλλά
573 1007 659 1089 τὸ
696 1003 986 1111 θέλημα
1020 1018 1150 1091 τοῦ
1185 1008 1615 1118 πέμψαντός
1667 1011 1815 1110 με,”
1856 1010 2030 1090 ποτὲ
2081 1008 2158 1091 δὲ
2206 1009 2434 1092 πάλιν
2472 1022 2515 1060 “
2543 1013 2661 1092 Οὐ

251 1142 298 1180 “
331 1131 482 1238 γὰρ
519 1134 946 1216 ἀπέστειλεν
983 1135 1025 1213 5
1061 1131 1252 1219 Θεὸς
1300 1133 1429 1215 τὸν
1464 1132 1618 1216 υἱὸν
1653 1135 1872 1215 αὐτοῦ
1923 1140 2020 1219 εἶς
2065 1133 2194 1215 τὸν
2230 1133 2510 1236 κόσμον
2543 1134 2663 1217 ἵνα

250 1267 297 1304 “
332 1260 541 1366 κρίνῃ
574 1256 703 1340 τὸν
739 1257 1049 1359 κόσμον,
1091 1258 1260 1340 ἀλλ’
1300 1259 1419 1340 ἵνα
1454 1260 1665 1366 σωθῇ
1715 1259 1756 1340 5
1801 1256 2077 1359 κόσμος
2111 1257 2197 1361 δι’
2237 1259 2526 1340 αὖτοῦ.”
2586 1263 2662 1340 ἐν

249 1382 531 1485 ὀλίγοις
566 1391 946 1488 τοιγαροῦν
981 1390 1129 1468 τοῖς
1178 1381 1458 1489 ῥήμασι
1505 1380 1598 1466 τὰ
1647 1387 1774 1484 τῆς
1824 1385 2246 1483 ἀποστολῆς
2291 1385 2655 1486 ἐπιτηδεύ-

248 1541 448 1607 ματα
513 1506 865 1605 συνελὼν,
920 1509 1145 1592 οὕτως
1206 1510 1647 1590 ἀποστεῖλαί
1704 1514 1939 1614 φησιν
1993 1506 2278 1608 αὐτοὺς,
2340 1508 2659 1613 καθάπερ
2683 1543 2721 1588 ο

142 1660 226 1704 10
249 1630 472 1713 αὐτὸν
527 1635 568 1715 5
627 1631 909 1738 Πατὴρ,
964 1632 1052 1712 ἵν’
1101 1635 1339 1713 εἰδεῖεν
1394 1635 1737 1732 ἐντεῦθεν,
1784 1635 1882 1717 ὡς
1937 1639 2183 1712 καλεῖν
2237 1632 2662 1740 ὀφείλουσιν

248 1755 728 1860 ἁμαρτωλοὺς
762 1762 859 1842 εἰς
891 1754 1294 1857 μετάνοιαν,
1324 1756 1735 1862 θεραπεύειν
1762 1758 1839 1837 δὲ
1874 1754 2037 1841 τοὺς
2075 1763 2309 1843 κακῶς
2346 1757 2662 1865 ἔχοντας,

248 1889 683 1982 σωματικῶς
737 1915 813 1963 τε
861 1885 978 1963 καὶ
1026 1888 1539 1982 πνευματικῶς,
1578 1885 1656 1962 ἐν
1697 1880 1774 1962 δὲ
1820 1888 1977 1965 ταῖς
2025 1887 2172 1962 τῶν
2212 1881 2661 1987 πραγμάτων

248 2008 679 2108 οἰκονομίαις
733 2004 818 2088 τὸ
873 2007 1054 2087 ἴδιον
1109 2008 1269 2113 οὐχὶ
1321 2005 1608 2091 πάντως
1666 2006 1949 2107 θέλημα
2008 2004 2257 2108 ζητεῖν,
2311 2006 2511 2087 ἀλλὰ
2574 2005 2658 2088 τὸ

246 2140 379 2214 τοῦ
427 2130 1018 2230 ἀποστείλαντος,
1058 2129 1311 2233 σώζειν
1354 2165 1432 2212 τε
1481 2130 1804 2212 καθόσον
1848 2130 2197 2237 ἐνδέχεται
2247 2138 2401 2217 ταῖς
2450 2135 2649 2213 διδα·

140 2289 222 2352 ¹5
247 2257 591 2342 σκαλίαις
645 2258 775 2337 τὸν
825 2252 1125 2355 κόσμον.
1210 2260 1328 2337 καὶ
1384 2264 1563 2358 γοῦν
1614 2254 1734 2335 διὰ
1786 2256 2062 2336 τούτων
2108 2253 2447 2337 ἁπάντων
2495 2259 2649 2337 δια-

244 2384 545 2485 πρέπειν
611 2378 1156 2483 σπουδάζοντας
1206 2378 1338 2460 ’καὶ
1408 2376 1666 2464 αὐτοὺς
1730 2378 2124 2482 εὑρήσομεν
2185 2379 2346 2466 τοὺς
2414 2382 2660 2483 ἁγίους

243 2504 600 2608 μαθητὰς,
659 2510 778 2588 καὶ
839 2506 879 2587 5
939 2509 1068 2606 τῆς
1131 2507 1638 2615 πληροφορίας
1695 2502 1916 2592 πόνος
1980 2506 2062 2586 οὐ
2126 2503 2359 2590 πολὺς
2413 2512 2516 2616 τῷ
2573 2539 2658 2609 γε

243 2629 457 2741 ἅπαξ
506 2630 910 2738 ε’γκύψαντι
964 2636 1057 2737 τῇ
1111 2636 1260 2712 τῶν
1305 2629 1643 2738 πράξεων
1690 2636 2092 2738 συγγραφῇ
2147 2634 2264 2711 καὶ
2320 2638 2476 2717 ταῖς
2529 2639 2656 2713 τοῦ
2678 2654 2897 2710 81095
2907 2652 2988 2709 Δ.

243 2761 459 2864 ἁγίου
497 2760 805 2840 Παύλου
842 2765 1141 2867 φωναῖς.

2751 1006 2833 1057 Ib.
2854 1006 2929 1057 iii.

2757 1083 2834 1137 17.

136 3004 220 3048 ²0
251 2993 371 3060 Καὶ
433 2997 631 3060 τοῦτο
692 2989 901 3060 εἰπὼν
957 2993 1326 3083 ἐνεφύσησε
1390 2992 1497 3060 καὶ
1569 2994 1742 3069 λέπει
1813 2987 2036 3060 αὐτοῖς
2088 2991 2330 3069 Λάβετε
2386 2991 2650 3066 Πνεῦμα
2680 3019 2753 3061 22

334 3119 583 3194 'Al-nov.
669 3118 750 3185 ἄν
803 3143 999 3187 τινων
1053 3120 1268 3209 ἀφῆτε
1320 3118 1441 3186 τὰς
1495 3118 1838 3210 ἁμαρτίας,
1892 3116 2197 3207 ἀφίενται
2248 3111 2493 3185 αὐτοῖο·
2572 3114 2653 3181 ἄν
2684 3141 2759 3202 ²3

345 3269 546 3312 τινων
603 3250 907 3336 κρατῆτε,
962 3247 1417 3336 κεκράτηνται.

358 3415 761 3523 Λαμπροῦς
813 3417 1196 3526 ἀποφήνας
1250 3422 1355 3526 τῷ
1410 3415 1712 3527 μεγάλῳ
1768 3420 1895 3517 τῆς
1953 3419 2374 3516 ἀποστολῆς
2425 3415 2650 3523 ἀξιώ-

240 3576 441 3644 ματι,
491 3546 609 3623 καὶ
663 3548 808 3624 τῶν
864 3542 1072 3623 θείων
1125 3542 1685 3646 θυσιαστηρίων,
1744 3542 2066 3645 καθάπερ
2121 3542 2305 3649 ἔφην
2358 3542 2648 3646 ἀρτίως,

137 3689 216 3752 ²5
242 3666 660 3767 οἰκονόμους
710 3701 789 3749 τε
840 3670 957 3747 καὶ
1009 3664 1415 3772 ἱερουργοῦς
1465 3666 1856 3773 ἀναδείξας,
1894 3664 2160 3772 ἁγιάζει
2210 3670 2652 3773 παραχρῆμα
2675 3694 2718 3761 b

240 3790 331 3873 τὸ
386 3790 566 3872 ἴδιον
621 3791 862 3876 αὐτοῖς
910 3797 1212 3890 Πνεῦμα
1267 3788 1503 3876 διδοὺς
1558 3791 1645 3870 δι’
1683 3777 2046 3898 ἐμφανοῦς
2098 3789 2648 3899 ἐμφυσήματος,

240 3915 362 3995 ἵνα
418 3917 537 3995 καὶ
591 3916 793 4016 ἡμεῖς
844 3915 1214 4021 ἀραρότως
1268 3914 1720 4017 πιστεύωμεν
1767 3920 1864 4001 ὦς
1914 3917 2043 3997 οὐκ
2092 3916 2486 4020 ἀλλότριον
2526 3923 2656 3995 τοῦ

242 4045 431 4121 Υὶοῦ
479 4037 564 4120 τὸ
600 4037 867 4142 ”Αγιον
905 4044 980 4120 Π
985 4038 1208 4140 νεῦμά
1254 4042 1478 4137 ε’στιν,
1517 4037 1690 4120 ἀλλ’
1732 4040 2119 4142 ὁμοούσιον
2155 4042 2369 4150 αὐτῷ,
2407 4042 2523 4120 καὶ
2563 4042 2652 4121 δι’

240 4165 467 4245 αὐτοῦ
500 4160 758 4267 προϊὸν
793 4161 878 4244 τὸ
929 4165 1008 4244 ἐκ
1056 4171 1184 4244 τοῦ
1228 4162 1541 4269 Πατρός.
1621 4163 1841 4272 ἔδειξε
1875 4166 1951 4247 δὲ
1988 4165 2097 4247 ὅτι
2135 4171 2282 4249 τοῖς
2319 4169 2417 4249 εἷς
2454 4165 2652 4245 θείαν

133 4319 216 4377 30
242 4289 677 4388 ἀποστολὴν
748 4290 834 4369 δι’
906 4290 1124 4369 αὐτοῦ
1194 4287 1836 4395 προχειριζομένοις
1909 4291 1953 4391 ἡ
2026 4298 2153 4372 τοῦ
2229 4289 2651 4388 Πνεύματος

240 4412 451 4500 δόσις
505 4413 912 4515 ἀναγκαίως
968 4414 1371 4494 ἀκολουθεῖ.
1446 4417 1564 4494 καὶ
1621 4412 1740 4495 διὰ
1792 4415 2006 4496 ποίαν
2041 4414 2317 4508 αἱτίανς
2376 4414 2461 4492 οὐ
2507 4410 2652 4515 γὰρ

385 4624 475 4664 22.
513 4603 872 4678 κεκράτηνται]
899 4606 984 4662 καὶ
1009 4606 1280 4678 κρότηνται
1307 4606 1372 4662 Ε.
1849 4624 2041 4680 23-p.
2064 4624 2183 4676 141,
2216 4621 2277 4660 12
2304 4604 2430 4658 citat
2454 4621 2508 4674 p.

1402 4715 1433 4760 s
1467 4697 1507 4749 2
