3269 5166
638 336 772 411 114
1228 347 1310 413 Β.
1356 345 1785 414 CYRILLI
1843 342 2425 412 ALEXANDR.
2799 361 2915 404 Π.
2949 353 3055 423 15·

638 509 852 591 ποίαν
887 512 1165 608 αἱτίαν;
1221 511 1267 613 ἢ
1312 511 1456 620 γὰρ
1500 514 1603 594 ἔτι
1652 511 1943 614 δυνάμει
1992 517 2377 616 θεοπρεπεῖ
2422 504 3057 610 κατακρύπτοντος

639 631 892 714 ἑαυτὸν
925 643 1055 715 τοῦ
1093 641 1427 741 Σωτῆρος
1476 638 1679 738 ἡμῶν
1715 644 2070 740 Χριστοῦ,
2106 638 2224 716 καὶ
2272 635 2358 715 οὐ
2411 633 2580 713 λίαν
2627 629 2912 728 ἕτοιμον
2951 632 3055 712 εἰς

640 758 1033 860 ἐπίγνωσιν
1084 768 1232 845 τοῖς
1288 768 1434 841 τῶν
1470 761 1845 859 θεωμένων
1876 761 2318 866 παρέχοντος
2373 760 2807 864 ὀφθαλμοῖς,
2859 755 3049 833 ὑπο-

643 882 834 982 μένει
880 883 1014 984 τὴν
1049 885 1368 988 ἄγνοιαν·
1449 881 1496 986 ἢ
1541 885 1827 988 ἐπείπερ
1863 885 2121 989 ὄρθρος
2173 880 2265 983 ἦν
2301 882 2401 963 ἔτι
2444 879 2703 979 βαθὺς,
2747 876 2883 978 τὴν
2918 885 3056 958 τοῦ

584 1042 621 1086 ο
645 1007 1078 1114 φαινομένου
1134 1008 1489 1111 διάκρισιν
1524 1011 1653 1091 οὐκ
1707 1004 1896 1115 εἶχεν
1931 1006 2245 1092 εὐκόλως
2291 1008 2506 1105 ἑλεῖν,
2540 1005 2671 1086 οὐκ
2724 1002 3055 1110 ἐφιείσης
3080 1030 3121 1093 5

640 1131 915 1236 τρόπον
976 1132 1137 1214 τινὰ
1195 1141 1409 1214 τοῦτο
1474 1138 1654 1237 δρᾶν
1721 1137 1849 1233 τῆς
1915 1131 2185 1229 νυκτὸς,
2246 1126 2908 1235 παραδεικνυούσης
2977 1126 3057 1207 δὲ

640 1256 852 1357 μόλις
906 1265 1037 1339 τοῦ
1091 1258 1417 1358 πλησίον
1462 1255 1694 1342 ἰόντος
1747 1255 1833 1338 τὸ
1877 1260 2159 1362 σχῆμα.
2239 1254 2605 1359 τοιγάρτοι
2660 1255 2777 1333 καὶ
2834 1249 3058 1335 αὐτὸς

640 1383 685 1462 ὁ
724 1380 989 1486 Κύριος
1024 1383 1228 1484 ἡμῶν
1260 1383 1548 1483 Ἰησοῦς
1586 1383 1626 1463 ὁ
1666 1381 1992 1486 Χριστὸς
2029 1383 2105 1461 ἐν
2139 1387 2245 1489 τῷ
2288 1375 2565 1488 ᾄσματι
2606 1383 2753 1458 τῶν
2792 1374 3054 1484 ᾀσμά-

644 1541 790 1587 των
827 1506 1297 1608 διαμέμνηταί
1344 1541 1501 1591 πως
1549 1513 1696 1587 τῶν
1741 1508 1818 1586 ἐν
1853 1510 2022 1611 τῇδε
2070 1510 2162 1611 τῇ
2215 1506 2412 1584 νυκτὶ
2459 1499 2894 1606 περιπάτων,
2931 1502 3057 1581 καὶ

647 1630 964 1729 ἶκμάδων
998 1636 1144 1710 τῶν
1179 1634 1258 1711 ἐκ
1313 1630 1585 1734 δρόσου
1639 1634 1766 1730 τῆς
1822 1629 2136 1729 ἑωθινῆς,
2187 1630 2376 1709 οὕτω
2426 1625 2664 1730 λέγων
2717 1634 2763 1673 “
2786 1622 2971 1704 Ὅτι
3010 1624 3162 1725 ἦιο

647 1764 692 1803 “
726 1751 1012 1861 κεφαλή
1059 1788 1201 1854 μου
1248 1753 1584 1857 ἐπλήσθη
1621 1753 1894 1858 δρόσου
1931 1758 2047 1834 καὶ
2084 1757 2151 1833 οἱ
2194 1750 2606 1859 βόστρυχοί
2629 1784 2771 1852 μου
2805 1749 3053 1858 ψεκά-

644 1888 694 1926 “
729 1880 875 1960 δων
911 1878 1226 1963 νυκτός.”

307 1628 456 1745 ἳωι.
479 1644 530 1681 v.

549 2136 624 2199 15
646 2120 828 2197 Λέγει
895 2123 1059 2216 αὐτῇ
1116 2120 1155 2190 ὅ
1216 2123 1466 2191 Ἰησοῦς
1527 2122 1739 2205 Γύναι,
1796 2123 1858 2191 τί
1927 2122 2216 2207 nmium
2288 2118 2434 2190 τίνα
2497 2113 2746 2211 ζητεῖος
2826 2115 3053 2185 ἐκείνη

579 2251 627 2317 d
750 2247 1030 2315 δοκοῦσα
1073 2251 1175 2315 ὅτι
1209 2250 1246 2317 ὁ
1282 2249 1617 2340 κηπουρός
1659 2249 1818 2332 ἐστι,
1854 2250 2031 2326 λὲΓει
2073 2250 2255 2337 αὐτῷ
2288 2247 2497 2339 Κύριε,
2533 2244 2590 2312 εἰ
2640 2245 2716 2313 σὺ
2768 2246 3055 2324 ἐβάστα-

747 2396 868 2441 σαο
912 2374 1134 2456 αὐτὸν,
1180 2370 1324 2441 εἰπὲ
1372 2397 1482 2453 μοι
1524 2382 1653 2442 ποῦ
1699 2376 1942 2443 ἔθηκας
1988 2373 2209 2457 αὐτὸν,
2253 2374 2436 2450 κᾶΓώ
2480 2372 2627 2463 ἀρῶ
2676 2370 2902 2438 αὐτόν.
3088 2375 3159 2435 15

760 2546 1064 2635 Σκοτίας
1123 2546 1256 2648 μὲν
1314 2549 1540 2652 οὔσης
1604 2548 1707 2631 ἔτι
1773 2551 1893 2631 καὶ
1955 2549 2352 2651 λελυμένης
2417 2547 2615 2630 οὔπω
2678 2551 3062 2631 παντελῶς

649 2673 777 2769 τῆς
836 2670 1109 2772 νυκτὸς,
1167 2679 1421 2777 θεωρεῖ
1462 2674 1591 2756 τὸν
1638 2673 1933 2776 Ἰησοῦν
1987 2671 2203 2778 ἐγγὺς
2256 2672 2609 2777 γεγονότα
2662 2669 2900 2772 μόλις,
2939 2672 3060 2751 καὶ

649 2794 757 2880 τίς
792 2796 925 2894 μέν
960 2799 1162 2878 ἐστιν
1196 2799 1456 2902 ἀγνοεζ
1495 2797 1628 2900 τὴν
1663 2807 1793 2880 τοῦ
1829 2798 2169 2898 σώματος
2205 2796 2440 2879 εἰκόνα
2480 2797 2598 2877 καὶ
2643 2802 2773 2876 τοῦ
2814 2827 3059 2897 προσ-

648 2920 849 3003 (ὅπου
898 2920 1026 3002 τὸν
1087 2927 1505 3028 χαρακτῆρα
1572 2924 1951 3029 διακρίνειν
2004 2924 2138 3004 οὐκ
2196 2922 2486 3029 ἔχουσα·
2570 2925 3057 3024 κατακροᾶται

649 3046 725 3127 δὲ
789 3047 1129 3149 λέγοντος
1186 3046 1271 3128 τό
1335 3047 1530 3129 Γύναι
1586 3051 1661 3128 τί
1718 3043 2028 3145 κλαίεις,
2097 3051 2215 3128 καὶ
2276 3053 2504 3150 πρᾶος
2560 3043 2693 3147 μὲν
2756 3045 3050 3145 ἀληθῶς
3086 3081 3167 3122 20

650 3179 780 3252 τοῦ
841 3175 1173 3275 Σωτῆρος
1233 3174 1274 3251 ὃ
1332 3170 1574 3275 λόγος,
1638 3174 1936 3253 ἐντεκεῖν
1991 3174 2057 3251 δ’
2126 3173 2253 3252 οὖν
2317 3170 2509 3272 ὅμως
2565 3176 2663 3255 εἰς
2729 3171 3060 3276 ὑποψίαν

594 3322 632 3368 ο
655 3292 912 3394 ἱκανὸς,
976 3294 1087 3375 ὅτι
1142 3295 1402 3399 πρέποι
1457 3296 1789 3396 μάλιστά
1841 3331 1977 3378 τινι
2027 3303 2174 3378 τῶν
2227 3305 2356 3377 τοῦ
2411 3295 2643 3397 κήπου
2695 3328 3062 3399 προεστη-

651 3416 909 3499 κότων·
989 3425 1388 3502 διακεῖσθαι
1442 3419 1519 3501 δὲ
1571 3419 1799 3502 πάλιν
1856 3417 2253 3503 ἀκόλουθον
2306 3421 2465 3526 οὐχὶ
2522 3418 2810 3505 πάντως
2871 3422 3053 3522 ἐρω-

648 3548 887 3622 τῶντα
948 3552 1079 3625 τοῦ
1142 3544 1416 3626 κλαίειν
1477 3541 1609 3630 τὰς
1685 3543 2024 3652 ἀφορμὰς
2096 3543 2189 3624 τὰ
2258 3553 2553 3626 τοιαῦτα
2628 3544 2856 3652 φάναι
2928 3542 3061 3626 τὸν

655 3665 947 3771 Κύριον,
987 3670 1157 3750 ἀλλ’
1198 3668 1358 3750 οὐδὲ
1412 3675 1667 3769 μαθεῖν
1721 3670 2063 3751 ἐθέλοντα
2116 3666 2244 3749 τὸν
2296 3668 2465 3773 παρ’
2525 3670 2742 3750 αὑτοῦ
2798 3666 3057 3771 ζητού·
3089 3706 3121 3748 2
3129 3701 3167 3763 5

650 3827 889 3895 μενον,
925 3793 1344 3902 ἀφιστάντα
1393 3793 1470 3876 δὲ
1522 3801 1816 3894 μᾶλλον
1850 3803 1979 3874 τοῦ
2017 3792 2470 3897 κατοιμώζειν
2524 3793 2769 3893 αὐτὴν,
2824 3794 3062 3874 καθά·

648 3954 789 4024 περ
832 3913 1080 4020 ἀμέλει
1135 3922 1251 4000 καὶ
1297 3919 1343 4020 ἦ
1383 3924 1532 3998 τῶν
1587 3918 1953 4021 μακαρίων
2014 3914 2354 4020 ἀγγέλων
2411 3916 2600 4017 δυὰς,
2637 3915 2853 4002 αὐτὸς
2910 3916 3061 4021 γὰρ

651 4043 744 4147 ἦν
779 4049 897 4126 καὶ
949 4047 1025 4126 ἐν
1060 4044 1343 4129 ἐκείνοις
1397 4047 1678 4123 λαλῶν.
1757 4045 1827 4123 τί
1876 4042 2115 4125 τοίνυν
2158 4045 2448 4143 κλαίεις,
2485 4039 2545 4122 ὦ
2589 4040 2786 4146 γύναι
2837 4043 3061 4149 φησί·

652 4171 802 4252 τίνα
851 4171 1110 4280 ζητεῖς,
1171 4166 1519 4265 τουτέστι,
1573 4164 2035 4271 περίστειλόν
2091 4201 2235 4249 σου
2287 4164 2373 4249 τὸ
2420 4166 2749 4272 δάκρυον,
2788 4167 3070 4273 ἔχουσα

654 4292 785 4375 τὸν
839 4291 1285 4396 ζητούμενον.
1358 4290 1501 4394 ε’γῶ
1556 4326 1702 4392 σοι,
1739 4294 1992 4398 φησὶν,
2044 4293 2090 4395 ἦ
2144 4301 2275 4374 τοῦ
2331 4290 2597 4396 θρήνου
2649 4291 3063 4400 πρόφασις,
3095 4335 3174 4393 30

734 4529 819 4585 13.
853 4509 932 4585 τί]
959 4511 1072 4569 τίνα
1096 4512 1165 4569 Ε.
1478 4529 1562 4581 14.
1601 4515 1836 4586 κηπουρός
1859 4513 1925 4571 Ε.
2228 4527 2312 4583 15.
2346 4513 2456 4586 ἀρῶ
2478 4514 2634 4570 αὐτόν
2655 4511 2761 4568 hoc
2784 4511 2976 4568 ordine
3001 4512 3069 4568 Ε.

664 4612 750 4671 16.
785 4613 863 4670 τη
886 4611 1091 4671 omen.
1320 4629 1408 4671 22.
1443 4598 1633 4685 πρεπὲῖ
1656 4614 1722 4671 Ε.
1938 4626 2044 4683 25:
2059 4611 2177 4686 rav]
2201 4613 2563 4687 legendumne
2583 4609 2683 4668 ra?
2742 4611 2900 4681 mas-:52
2923 4612 2996 4669 n.
