3269 5166
294 398 518 437 nuru
1131 373 1455 433 INDEX

380 564 498 620 475
542 560 600 626 d,
647 558 721 617 iii.
773 560 916 623 379,
989 576 1090 614 cur
1138 576 1250 614 non
1303 563 1452 627 ante,

378 660 478 717 sed
499 665 632 735 post
641 656 1138 716 Resurrectionem
1158 655 1410 713 datus4⁷
1415 660 1451 713 4

379 755 626 832 antiquis
677 755 886 831 pignus
931 754 1117 818 datus,
1160 753 1324 811 nobis
1366 752 1451 809 in-

379 853 598 911 habitat
641 852 882 928 Spiritus
925 856 1044 910 4⁷4
1074 870 1107 909 c
1133 852 1169 908 d
1200 870 1232 908 e
1317 851 1451 907 Pro-

378 952 565 1028 phetis
619 959 688 1009 ut
735 950 1213 1027 prophetarentur
1267 948 1450 1015 datus,

380 1050 545 1107 nobis
587 1049 868 1106 inhabitat
912 1052 1029 1106 475
1070 1046 1157 1105 cd
1179 1066 1212 1104 e
1279 1044 1455 1102 mittit

383 1148 649 1205 Christus
680 1150 801 1205 670
836 1165 869 1204 e
939 1165 1053 1203 non
1095 1144 1255 1202 Alius
1286 1162 1455 1219 quam

383 1244 513 1321 lpse
542 1245 769 1303 Natura
799 1248 916 1304 823
948 1244 987 1300 d
1050 1241 1338 1318 Apostolis
1365 1240 1453 1298 in·

385 1343 629 1400 sufflavit
679 1340 962 1409 Christus,
1011 1341 1143 1416 quia
1191 1349 1249 1398 et
1293 1339 1455 1396 initio

379 1460 482 1517 per
498 1441 926 1516 inspirationem
949 1440 1173 1496 Adamo
1193 1439 1454 1514 Evaeque

381 1539 655 1616 Spiritum
680 1539 838 1597 dedit
864 1540 1018 1598 1097
1042 1538 1078 1594 d
1097 1556 1130 1594 e
1176 1536 1451 1611 Spiritum

382 1638 562 1695 Suum
593 1637 790 1695 inserit
820 1646 882 1694 ut
902 1636 1191 1693 Primitiae
1217 1636 1371 1694 1098
1394 1635 1450 1703 b,

386 1738 536 1795 1101
573 1755 625 1794 a.

297 1833 548 1910 Spiritus
577 1832 822 1891 Sanctus
866 1851 967 1910 per
1007 1832 1177 1891 fidem
1211 1839 1271 1890 et
1300 1830 1450 1908 Bap-

379 1933 552 1990 tisma
590 1931 864 1990 Sanctum
903 1930 1181 1989 inhabitat
1214 1932 1369 1988 1086
1401 1948 1451 2001 a,

385 2033 543 2088 1097
585 2030 625 2088 b
705 2030 935 2088 Veritas
980 2027 1047 2087 Μ
1089 2031 1166 2088 84
1250 2028 1309 2086 in
1364 2029 1452 2086 Eo

378 2128 606 2185 videtur
635 2128 808 2184 Filius
836 2127 912 2186 iii.
943 2130 1080 2186 558.

298 2225 578 2302 Spiritum
628 2224 907 2283 Sanctum
956 2233 1148 2282 utrum
1191 2224 1453 2300 Apostoli

381 2333 722 2399 acceperunt
752 2324 842 2380 die
863 2322 1232 2381 Pentecostes
1260 2341 1330 2379 an
1355 2340 1456 2397 per

378 2421 818 2479 insufflationem
875 2418 1090 2479 Christi
1136 2418 1295 2480 1096
1341 2439 1457 2478 c—

386 2522 543 2579 1099
576 2538 629 2578 e.

299 2618 547 2695 Spiritus
576 2617 823 2677 Sanctus
856 2617 927 2676 de
956 2616 1224 2675 Samuele
1253 2616 1453 2674 testifi-

379 2726 543 2774 catur
570 2718 690 2775 488
722 2735 774 2775 a.
1009 2709 1018 2716 ’

298 2814 547 2890 Spiritus
568 2814 765 2873 Sancti
793 2814 968 2872 verba
994 2811 1390 2871 contradicunt
1417 2812 1454 2869 ii

381 2912 477 2988 qui
515 2912 641 2970 Filii
678 2911 1120 2970 Generationem
1163 2918 1456 2968 aeternam

378 3017 598 3087 negant
624 3010 699 3068 iii.
732 3015 871 3068 375.

299 3119 336 3142 “
368 3107 616 3184 Spiritus
657 3115 973 3184 promptus,
1002 3125 1135 3164 caro
1172 3105 1399 3163 infirma
1418 3105 1452 3127 ’⁸

379 3214 440 3264 et
467 3207 526 3264 in
557 3204 806 3263 Domino
837 3203 1071 3264 Christo
1090 3208 1206 3262 332
1231 3203 1289 3260 b.

298 3303 603 3380 Sponsalia
670 3301 833 3378 quasi
908 3302 1144 3359 humani
1227 3301 1455 3378 generis

379 3400 611 3461 Christo
639 3400 935 3477 Baptisma
967 3402 1081 3459 159
1111 3400 1165 3456 d.

301 3499 597 3558 Stabilitas
639 3506 697 3556 et
738 3498 1167 3556 immutabilitas
1204 3517 1306 3573 per
1333 3497 1455 3555 Na·

380 3607 570 3655 turam
626 3596 700 3654 ad
757 3597 940 3654 Deum
999 3595 1317 3673 pertinent3
1381 3596 1455 3653 ad

380 3713 488 3753 nos
516 3694 587 3752 ad
618 3712 941 3752 mensuram
962 3712 1066 3769 per
1087 3694 1451 3752 sobrietatem

381 3805 440 3851 et
470 3793 722 3852 studium
754 3797 870 3852 305
903 3811 937 3848 a
957 3811 1005 3852 c.

298 3891 655 3967 Stephanum
714 3892 771 3949 S.
824 3900 1039 3953 contra,
1103 3889 1141 3946 J
1145 3889 1453 3947 ndaeorum

380 3988 647 4046 saevitiae
677 3992 795 4048 913
826 4007 874 4048 e.

297 4085 593 4162 Subjectio
612 4087 772 4143 aliius
783 4087 852 4144 ad
871 4086 1041 4144 alium
1054 4085 1450 4161 aequalitatem

380 4184 838 4242 co-essentialem
897 4204 1012 4241 non
1069 4183 1242 4242 laedit
1293 4188 1455 4244 334-

383 4288 520 4349 336,
550 4280 617 4340 Μ
649 4287 723 4342 75
754 4279 833 4362 [ρ.
866 4278 1027 4362 306].

297 4380 597 4458 Superbia,
624 4380 923 4437 hominum
951 4400 1308 4456 magnorum,
1336 4399 1452 4438 non

378 4479 573 4537 vilium
604 4478 845 4535 tentatio
878 4482 995 4537 720
1018 4478 1054 4534 d
1078 4497 1125 4534 e.

299 4576 605 4656 Suppliciis
655 4576 800 4633 affici
850 4594 949 4633 eos
999 4576 1093 4652 qui
1143 4576 1305 4633 nobis
1357 4597 1455 4634 no-

1538 371 1909 431 RERUM.
2595 371 2715 429 658

1640 560 1807 611 ceant
1848 559 2138 628 exoptare,
2179 552 2488 609 humanum
2528 555 2646 611 905
2679 572 2713 610 c

1639 651 1678 707 d
1696 670 1745 710 e.

1557 747 1845 825 Supplicia
1871 748 1940 805 iis
1968 748 2062 823 qui
2091 766 2206 805 non
2236 747 2589 824 ignorantiae
2612 766 2710 806 ex-

1639 848 1988 905 cusationem
2005 847 2252 906 habeant
2263 852 2600 923 quanta907
2612 848 2648 906 d
2660 866 2710 906 e.

1558 946 1831 1022 Supplicii
1883 946 2098 1004 aeterni
2150 964 2415 1004 mensura
2463 945 2713 1022 peccatis

1640 1044 1845 1119 duplex
1876 1048 1995 1103 500
2018 1063 2069 1103 e.

1558 1141 1908 1217 Supplicium
1927 1161 2030 1217 pro
2041 1142 2167 1200 Deo
2177 1149 2505 1219 contempto
2518 1145 2553 1201 5
2562 1145 2589 1200 1
2600 1148 2634 1201 7
2647 1141 2706 1202 d.

1558 1238 1835 1316 Supplicii
1868 1248 2053 1297 metus
2090 1259 2196 1297 nos
2223 1240 2295 1298 ad
2325 1239 2513 1297 Deum
2542 1248 2710 1298 vocat

1643 1341 1761 1397 876
1785 1338 1842 1396 d.

1559 1436 1966 1512 Susceptorum
2000 1432 2088 1515 (in
2111 1434 2171 1493 S.
2200 1430 2582 1512 Baptismate)
2615 1442 2707 1511 ty-

1638 1553 1744 1610 pus
1772 1532 2004 1592 Martha
2032 1535 2149 1593 683
2175 1533 2211 1591 d
2240 1551 2288 1603 e,
2321 1535 2441 1590 684
2464 1551 2514 1588 a.

1558 1632 1909 1710 Synousiasti
1957 1631 2033 1689 iii.
2081 1635 2195 1692 502
2274 1630 2515 1688 Diodori
2569 1648 2713 1704 opus

1638 1738 1837 1788 eontra
1859 1729 1999 1806 Syn.
2031 1737 2405 1787 memoratum
2434 1729 2510 1785 iii.
2545 1730 2682 1787 490.

1556 1827 2007 1907 Syrophoenissa
2042 1828 2157 1886 176
2177 1828 2233 1893 d,
2269 1831 2296 1885 1
2316 1831 2392 1886 77
2419 1847 2471 1885 a.

2098 2094 2150 2151 Τ

1552 2226 2063 2284 Tannauacnmn
2093 2244 2335 2290 vnaius,
2368 2225 2644 2300 templum
2685 2242 2718 2283 e

1638 2324 1881 2401 Virgine
1901 2328 2018 2383 384
2038 2343 2090 2390 e,
2114 2326 2232 2382 386
2255 2342 2305 2390 a,
2326 2324 2442 2381 387
2454 2340 2506 2389 e,
2530 2324 2648 2381 403
2664 2341 2714 2380 a.

1554 2422 2008 2480 Tabernaculum
2049 2421 2109 2479 in
2153 2421 2380 2479 deserto
2414 2421 2717 2495 omniaque

1641 2519 1692 2576 ei
1741 2519 2080 2595 pertinentia
2122 2518 2334 2579 Christi
2380 2528 2550 2596 typus
2595 2520 2713 2576 385

1640 2621 1889 2676 e—392
1914 2637 1948 2675 a
2028 2636 2131 2675 cur
2186 2619 2279 2676 die
2336 2637 2449 2675 una
2502 2615 2718 2674 mensis

1640 2715 1808 2791 primi
1838 2717 1974 2782 386,
2007 2719 2123 2774 387
2190 2717 2398 2774 multas
2435 2715 2494 2772 in
2521 2714 2717 2772 Domo

1644 2811 1833 2870 Patris
1862 2814 2185 2871 mansiones
2212 2814 2397 2872 innuit
2438 2816 2555 2872 428
2578 2812 2632 2869 b.

1557 2911 1947 2969 Tabernacula
2001 2911 2182 2986 prima
2236 2919 2295 2968 et
2350 2913 2599 2970 secunda
2655 2914 2714 2972 in

1637 3009 1881 3084 Templo
1923 3008 2121 3084 politia
2158 3008 2363 3085 legalis
2406 3029 2474 3067 ac
2515 3010 2709 3068 Evan-

1637 3108 1821 3184 gelica
1853 3110 2027 3172 1070,
2063 3110 2241 3167 1071.

1553 3205 1922 3264 Tabernacnli
1940 3214 2057 3262 tres
2076 3213 2270 3281 partes
2296 3204 2373 3262 iii.
2403 3208 2542 3273 406,
2575 3210 2713 3266 407.

1652 3303 1784 3360 Vide
1811 3301 2181 3380 Scenopegia.

1553 3401 1920 3459 Talentorum
2031 3401 2178 3458 bene
2287 3400 2714 3477 negotiatorum

1643 3498 1795 3556 Laus
1825 3498 1897 3557 iii.
1934 3501 2074 3556 472.

1553 3599 1792 3656 Talenta
1809 3599 2160 3664 clericorum,
2182 3618 2261 3655 sc.
2277 3600 2714 3674 praedicationis

1637 3698 2712 3776 verbum‚greg·icommittendaiii.474.

1553 3795 1790 3871 Templa
1818 3795 1925 3853 Dei
1954 3815 2055 3871 per
2080 3795 2356 3871 Spiritum
2386 3797 2709 3855 inhabitan-

1637 3893 1710 3950 tis
1755 3913 1878 3958 nos,
1930 3893 2154 3970 Corpus
2209 3894 2391 3953 Suum
2441 3905 2711 3971 tanquam

1637 3989 1939 4066 Templum
1972 3991 2154 4050 Suum
2184 3992 2519 4052 inhabitavit
2549 3991 2713 4053 Chri-

1636 4097 1757 4146 stus
1793 4091 1905 4148 143
1929 4108 1980 4148 c.

1550 4186 1851 4261 Templum
1903 4205 1935 4244 e
1978 4186 2219 4263 Virgine
2259 4199 2585 4264 susceptum
2625 4189 2714 4247 in-

1633 4284 1855 4342 habitat
1877 4284 2035 4343 Deus
2057 4284 2311 4344 Verbum
2344 4291 2461 4345 237
2481 4288 2535 4355 b,
2551 4291 2712 4350 3840

1637 4401 1671 4439 a
1701 4381 1901 4457 Seipso
1933 4402 2047 4440 non
2080 4383 2277 4442 dividit
2309 4388 2427 4444 559
2450 4405 2497 4442 c.

1553 4479 1772 4555 Templi
1805 4481 1989 4539 velum
2031 4501 2091 4544 se
2121 4482 2326 4549 scissit,
2355 4483 2711 4542 «Iudaeorum

1638 4578 2044 4655 blasphemiam
2075 4580 2388 4641 abhorrens
2422 4585 2577 4644 1073
2599 4601 2630 4641 a
2649 4582 2708 4641 b.
