3269 5166
310 432 422 498 [26
446 436 521 485 M.
550 435 571 499 ]

284 515 556 580 Supravii.

284 1486 447 1549 Supra
460 1487 520 1537 ii.

288 1566 365 1615 14.

283 1634 363 1683 Ib.
387 1648 460 1699 15·

623 331 751 396 212
960 329 1041 394 Β.
1088 326 1464 394 CYRILLI
1514 325 2046 392 ALEXANDR.
2101 325 2666 391 FRAGMENTA
2791 325 2930 390 viii.
2955 345 3014 409 3.

620 501 798 574 σθαι
849 500 1026 598 δρᾶν
1061 494 1261 574 αὐτό·
1328 493 1472 601 ἔφη
1507 492 1652 596 γάρ
1695 527 1806 572 οτι
1863 502 1908 539 “
1943 490 2054 572 T6
2110 489 2254 595 γὰρ
2309 491 2541 571 θέλειν
2593 488 3023 595 παράκειταί

620 628 666 665 “
698 653 843 717 μοι,
897 617 983 698 τὸ
1039 617 1114 698 δὲ
1171 615 1731 720 κατεργάζεσθαι
1785 615 1870 696 τὸ
1929 615 2158 695 καλὸν
2210 617 2316 695 οὕ’
2264 616 2364 659 ''⁸”
2441 613 3018 713 πλεονεκτούσης

620 741 955 841 δηλονότι
999 746 1127 841 τῆς
1162 743 1528 844 ἁμαρτίας,
1567 746 1684 821 καὶ
1719 750 1848 820 τοῦ
1884 744 2012 839 τῆς
2047 737 2321 843 σαρκὸς
2356 738 2576 840 νόμου
2614 738 3014 842 καταστρέ-

621 872 886 973 φοντος
942 871 1038 949 εἶς
1087 865 1179 946 τά
1223 871 1442 946 οἰκεῖα
1497 868 1613 944 καὶ
1670 866 1802 969 οὐχ
1861 864 2116 943 ἑκόντα
2177 861 2306 943 τὸν
2368 872 2559 944 νοῦν·
2649 862 2839 943 κατὰ
2890 861 3019 943 τὸν

618 987 837 1069 αὐτὸν
873 988 952 1069 δὲ
999 986 1194 1088 οἶμαι
1241 990 1521 1069 τουτονὶ
1568 988 1840 1090 τρόπον
1877 989 2085 1068 νοοῖτ’
2124 984 2215 1066 ἂν
2250 988 2534 1071 εἰκότως
2577 986 2651 1069 rc?
2697 983 3017 1068 ἀδύνατον
3043 1019 3078 1080 5

618 1115 733 1194 τοῦ
788 1116 1000 1220 νόμου,
1048 1122 1176 1194 τοῦ
1231 1147 1307 1193 τε
1362 1115 1439 1193 ἐν
1492 1110 1876 1216 γράμμασι
1929 1115 2047 1192 καὶ
2100 1110 2216 1191 διὰ
2257 1110 2654 1209 Μωυσέως,
2695 1109 3018 1217 καθάπερ

619 1236 803 1342 ἕφην
841 1238 1119 1340 ἀρτίως,
1165 1240 1281 1317 καὶ
1334 1237 1574 1336 μέντοι
1627 1244 1756 1317 τοῦ
1808 1235 2128 1343 ἐμφύτου
2182 1238 2298 1316 καὶ
2347 1239 2424 1316 ἐν
2467 1237 2657 1337 ἡμῖν,
2713 1237 2882 1316 καθ’
2932 1234 3018 1316 ὃν

621 1364 737 1441 καὶ
793 1359 883 1440 τὰ
939 1361 1128 1460 ἔθνη,
1175 1362 1402 1441 καίτοι
1455 1359 1582 1441 τὸν
1641 1359 1970 1464 γραπτὸν
2024 1361 2152 1441 οὐκ
2205 1360 2461 1465 ἔχοντα
2518 1361 2756 1460 νόμον,
2794 1361 3019 1465 φύσει

619 1483 712 1564 τὰ
769 1494 896 1565 τοῦ
955 1484 1175 1583 νόμου
1230 1493 1568 1566 ποιοῦντα
1628 1485 1971 1592 φαίνεται,
2025 1487 2142 1564 καὶ
2197 1485 2413 1581 νόμος
2472 1488 2655 1564 εἰσὶν
2711 1486 3012 1568 ἑαυτοῖς·

621 1618 664 1654 “
701 1610 1166 1688 ἐνδείκνυνται
1237 1607 1381 1710 γὰρ
1439 1607 1524 1688 τὸ
1597 1608 1808 1712 ἔργον
1864 1617 1994 1688 τοῦ
2055 1607 2276 1707 νόμου
2334 1606 2661 1711 γραπτὸν
2721 1611 2799 1687 ἐν
2860 1616 3018 1693 ταῖς
3049 1643 3126 1686 10

619 1742 662 1779 ‘⁶
700 1732 1017 1835 καρδίαις
1073 1733 1366 1830 αὐτῶν,”
1427 1731 1614 1812 καθὰ
1664 1731 2084 1835 γέγραπται.
2141 1738 2350 1813 ποῖον
2386 1731 2463 1812 δὲ
2503 1738 2585 1813 ’τὶ
2630 1734 2705 1812 ἐν
2741 1735 3021 1838 ἀμφοῖν

617 1851 956 1952 ἀδύνατον,
1011 1856 1416 1952 βασανίσαι
1471 1855 1736 1958 καιρός·
1818 1857 1859 1934 6
1907 1853 2038 1954 μὲν
2075 1855 2219 1960 γὰρ
2257 1857 2332 1935 ἐν
2367 1853 2749 1959 γράμμασι
2801 1854 3018 1955 νόμος

379 3866 461 3922 27
495 3864 589 3921 M.

617 1978 1053 2065 διδάσκαλος
1099 1977 1191 2078 ἦν
1225 1978 1608 2080 εὐκοσμίας
1662 1982 1779 2059 καὶ
1826 1986 1972 2059 τῶν
2018 1982 2337 2084 ἀρίστων
2372 1979 2784 2084 εἰσηγητὴς,
2826 1984 3014 2060 δεδι-

615 2106 870 2184 καίωκε
934 2102 1011 2184 δὲ
1072 2111 1446 2187 παντελῶς
1510 2102 1781 2183 οὐδένα·
1864 2106 1904 2183 6
1963 2101 2192 2208 γεμὴν
2250 2103 2565 2213 ἔμφυτός
2626 2139 2705 2185 τε
2762 2108 2882 2184 καὶ
2940 2105 3019 2183 ἐν

613 2228 807 2327 ἡμῖν,
851 2225 933 2307 ὃν
970 2231 1086 2308 καὶ
1143 2225 1465 2330 ὀνομάζει
1518 2230 1629 2308 rofi
1685 2226 2091 2334 πνεύματος,
2144 2228 2556 2311 ἀπονένευκε
2606 2226 2739 2328 μὲν
2787 2234 2886 2313 εἶς
2928 2226 3017 2309 τὸ
3049 2256 3124 2316 15

614 2351 912 2499 ἀγαθὸν,
976 2352 1272 2451 ἡττᾶται
1334 2349 1412 2431 δὲ
1473 2351 1645 2431 λίαν
1699 2361 1828 2432 τοῦ
1891 2351 2073 2502 πρὸς
2138 2351 2231 2433 τὰ
2294 2355 2558 2458 αἰσχίω
2622 2361 3020 2437 καλοῦντος

614 2475 857 2572 νόμου.
941 2476 1195 2555 οὐκοῦν
1248 2513 1318 2556 το
1376 2470 1660 2557 ἀδύνατα
1668 2513 1715 2573 ν,
1752 2477 2082 2557 τουτέστι
2134 2474 2220 2556 τὸ
2276 2479 2649 2573 ἀσθενοῦν,
2694 2476 2831 2556 εἴτε
2884 2484 3018 2557 τοῦ

614 2599 690 2677 ἐν
747 2598 1169 2703 γράμμασιν
1224 2600 1357 2680 εἴτε
1411 2609 1541 2681 τοῦ
1597 2600 1917 2707 ἐμφύτου
1973 2602 2246 2753 νόμου,Α
2262 2601 2617 2682 πέπαυται
2669 2600 2787 2680 διὰ
2825 2605 3011 2706 Χρι-

614 2730 819 2803 στοῦ.
881 2725 1392 2826 νενεκρωμένης
1447 2722 1592 2827 γὰρ
1633 2723 1904 2827 τρόπον
1946 2724 2106 2805 τινὰ
2159 2729 2287 2825 τῆς
2342 2723 2643 2829 σαρκὸς,
2688 2729 2808 2805 καὶ
2860 2760 3016 2805 οιον

613 2848 1051 2952 ἀνῃρημένης
1110 2853 1237 2947 τῆς
1296 2850 1373 2928 ἐν
1433 2850 1600 2948 ἡμῖν
1663 2849 1938 2949 ἡδονῆς,
1979 2851 2130 2929 κατ’
2172 2850 2421 2929 οὐδένα
2469 2848 2737 2953 τρόπον
2785 2852 2827 2930 6
2883 2858 3017 2930 τοῦ
3049 2891 3132 2932 20

612 2969 1012 3070 πνεύματος
1066 2972 1223 3072 ἤτοι
1276 2981 1404 3052 τοῦ
1461 2969 1622 3057 νοὸς
1688 2972 2076 3074 ἀσθενήσει
2141 2971 2378 3070 νόμος·
2460 2973 2876 3076 νενέκρωται
2935 2975 3017 3055 δὲ

612 3097 772 3174 τίνα
805 3097 1076 3199 τρόπον
1111 3097 1154 3194 ἡ
1193 3098 1269 3175 ἐν
1302 3096 1471 3195 ἡμιν
1508 3098 1842 3198 ἁμαρτία,
1885 3098 2054 3202 φέρε
2098 3097 2424 3199 λέγωμεν
2460 3100 2557 3182 ὡς
2593 3097 2713 3177 ἔνι·
2791 3101 2832 3178 6
2867 3098 3015 3201 γὰρ

613 3226 742 3297 τοῦ
781 3224 972 3299 Θεοῦ
1010 3218 1253 3322 Λόγος
1304 3222 1380 3299 ἐν
1417 3221 1698 3328 εὐδοκία
1740 3228 1869 3300 τοῦ
1906 3226 2098 3300 Θεοῦ
2153 3223 2271 3300 καὶ
2311 3219 2602 3324 Πατρὸς
2656 3223 2719 3303 ἐν
2764 3222 3008 3328 ὁμοιά-

614 3376 789 3445 ματι
840 3341 1089 3445 γέγονε
1140 3343 1394 3454 capu&
1445 3344 1820 3452 ἀμαρτίας,
1856 3344 1976 3424 ἵνα
2011 3346 2395 3451 κατακρίνῃ
2429 3343 2536 3440 τὴν
2572 3343 2921 3454 ἁμαρτίαν
2955 3347 3020 3428 ἓν

614 3467 697 3575 τῇ
741 3468 968 3572 σαρκί·
1028 3466 1282 3572 γέγονε
1339 3467 1483 3572 γὰρ
1531 3468 1929 3573 ἅνθρωπος,
1967 3472 2202 3554 καθεὶς
2252 3468 2503 3550 ἑαυτὸν
2537 3474 2632 3554 εἷς
2687 3470 3014 3569 κένωσιν,
3051 3498 3132 3559 25

615 3590 731 3668 καὶ
769 3590 1077 3689 ὁμοειδὲς
1133 3589 1264 3689 μὲν
1301 3590 1411 3671 ὅτι
1456 3594 1573 3672 καὶ
1631 3591 1942 3698 ὀμοφυὲς
1976 3601 2125 3679 τοῖς
2179 3593 2538 3696 ἡμετέροις
2570 3592 2872 3695 σώμασι
2926 3592 3017 3677 τὸ

614 3712 853 3813 αὐτοῦ,
901 3721 1055 3799 πῶς
1111 3713 1200 3796 ἂν
1259 3715 1651 3796 ἐνδοιάσειέ
1711 3750 1869 3814 τις;
1951 3715 2150 3816 πλὴν
2208 3715 2299 3796 τὰ
2357 3716 2488 3816 μὲν
2550 3725 2697 3797 τῶν
2756 3721 3018 3801 ἄλλων

615 3835 952 3918 ἀπάντων
988 3840 1297 3938 σώματα
1340 3837 1603 3943 σάρκες
1655 3837 1744 3919 ἂν
1790 3840 2117 3943 λέγοιντο
2162 3845 2290 3942 τῆς
2326 3841 2694 3944 ἁμαρτίας,
2733 3843 2851 3923 διά
2901 3878 3017 3924 τοι

614 3958 697 4040 τὸ
752 3962 1139 4065 πεφυκέναι
1198 3970 1438 4042 νοσεῖν
1486 3970 1633 4044 τῶν
1677 3961 1997 4045 ἐκτόπων
2034 3965 2307 4064 ἡδονῶν
2361 3964 2493 4065 τὴν
2547 3966 2859 4068 γένεσιν·
2928 3966 3019 4048 τὸ

614 4085 701 4163 δέ
726 4118 810 4185 γε
846 4090 1064 4183 σῶμα
1099 4091 1430 4188 Χριστοῦ
1468 4088 1650 4191 φαίη
1694 4122 1800 4172 τις
1839 4087 1929 4168 ἂν
1966 4091 2099 4193 οὐχ
2144 4091 2491 4193 ἁμαρτίας
2527 4086 2702 4170 εἶναι
2740 4090 3012 4196 σάρκα·
3051 4121 3142 4179 30

610 4203 712 4305 μὴ
750 4206 1047 4309 γένοιτο·
1111 4212 1424 4317 ὁμοίωμα,
1472 4209 1547 4290 δὲ
1594 4218 1889 4311 μᾶλλον
1942 4212 2195 4318 ταρκὶς
2247 4218 2624 4324 ἁμαρτίας·
2683 4216 3019 4296 τουτέστι

681 4444 734 4500 3.
773 4426 955 4499 νόμον]
982 4452 1082 4496 μου
1106 4432 1263 4500 νόμου
1287 4431 1354 4487 Α.
1957 4437 2113 4561 νόοέ
2086 4459 2116 4490 υ
2139 4438 2200 4491 τὸ
2224 4436 2475 4493 ἀδύνατον
2499 4436 2775 4505 (omittens
2799 4440 2917 4508 τοῦ)
2943 4439 3015 4494 A.

609 4501 761 4569 9.τᾶ
783 4503 877 4554 τοῦ
900 4503 1057 4569 νόμου
1079 4505 1325 4557 ποιοῦντα
1348 4503 1417 4558 A.
1442 4507 1690 4561 ποιοῦντα
1715 4506 1807 4561 τὸν
1829 4448 1954 4574 νό5μο
1957 4528 1985 4561 ν
2521 4524 2607 4575 24
2643 4509 2785 4578 τῆν’
2757 4510 3019 4580 αμορτίαν

610 4571 880 4641 κατακρίνῃ
905 4571 1117 4627 inverso
1140 4571 1327 4627 ordine
1349 4574 1418 4629 A.
1508 4564 1551 4600 ζ’
1721 4575 1807 4630 28.
1845 4578 1937 4645 τῆς
1961 4593 2069 4633 om.
2095 4547 2165 4635 A.
2272 4597 2334 4647 γε
2359 4593 2457 4648 pro
2480 4600 2561 4634 τοι
2586 4580 2654 4635 A.
2678 4601 2736 4635 τε
2766 4579 2833 4636 Β.
2860 4580 2954 4639 Cr.
