3269 5166
347 423 372 487 [
423 423 454 475 6
478 425 539 474 Μ
581 427 603 490 ]
657 332 787 395 266
1004 331 1084 395 B.
1131 328 1506 396 CYRILLI
1558 330 2087 397 ALEXANDR.
2141 332 2710 398 FRAGMENTA
2837 330 2923 394 vi.
2956 349 3051 413 19.

393 438 420 487 5
540 461 557 477 .

655 498 772 574 καὶ
821 496 979 575 τίνα
1030 493 1321 599 τρόπον,
1354 498 1515 599 ἐρῶ.
1587 495 1680 575 τὰ
1725 501 1912 596 μέλη
1950 504 2074 577 τοῦ
2111 495 2450 595 σώματος
2502 496 2707 595 ἡμῶν
2754 493 2878 574 διὰ
2923 492 3055 592 μὲν

655 621 780 716 τῆς
832 620 1117 720 ἁγνείας
1173 624 1506 723 Χριστοῦ
1559 619 1756 719 με’λη
1811 619 2271 720 μεμενηκότα,
2326 621 2714 728 μεθέξουσι
2762 618 3054 703 πάντως

318 745 782 840 Phil-iii·²1-r²‘7'9
815 744 982 845 παρ’
1012 743 1229 823 αὐτοῦ
1266 742 1445 846 ζωῆς
1481 778 1557 823 τε
1595 747 1713 823 καὶ
1749 742 1988 850 δόξης·
2049 754 2093 791 “
2120 746 2747 848 μετασχηματίσει
2780 743 2931 847 γὰρ
2968 742 3052 823 τὸ

655 876 698 913 “
730 873 949 963 σῶμα
1000 870 1129 965 τῆς
1183 867 1675 951 ταπεινώσεως
1718 868 1921 968 ἡμῶν
1957 868 2397 974 σύμμορφον
2433 872 2539 976 τῷ
2580 868 2874 966 σώματι
2922 872 3052 966 τῆς

655 998 695 1037 “
733 987 951 1095 δόξης
987 990 1267 1070 αὐτοῦ·”
1323 998 1383 1070 εἰ
1418 990 1495 1070 δὲ
1532 989 1622 1090 δὴ
1659 1025 1936 1094 γενοιτο
1971 992 2241 1097 πόρνης
2277 993 2491 1093 με’λη,
2514 1000 2669 1077 πῶς
2698 991 2790 1071 ἀν
2827 990 3051 1088 λάβοι
3078 1023 3112 1083 5

648 1147 777 1193 τον
825 1114 1520 1219 μετασχηματισμὸν
1557 1120 1676 1195 καὶ
1729 1115 1860 1215 τὴν
1892 1120 2022 1215 τῆς
2074 1116 2258 1269 πρὸς
2313 1115 2529 1197 αὐτον
2575 1116 3051 1220 συμμορφίας

649 1237 1128 1343 λαμπρότητα
1161 1238 1464 1339 νοητήν,
1526 1239 2017 1388 ἐγηγερμένων
2054 1240 2197 1345 γὰρ
2231 1248 2376 1321 τῶν
2412 1240 2559 1323 ἀπο
2605 1245 2742 1342 γῆς
2777 1239 3042 1339 σωμά-

312 1371 555 1502 Ξέὶῗᾝῑῇ
650 1397 797 1443 των
833 1360 1014 1443 κατὰ
1046 1398 1172 1443 τον
1208 1367 1333 1461 τῆς
1370 1361 1842 1447 ἀναστάσεως
1885 1364 2131 1468 καιρόν
2174 1377 2220 1413 “
2245 1365 2773 1471 Ἐκλάμψουσι
2810 1364 2946 1464 μὲν
2981 1400 3048 1446 οι

653 1497 696 1534 “
733 1489 985 1567 δίκαιοι
1045 1490 1141 1570 ὡς
1190 1489 1230 1565 ὁ
1286 1486 1552 1587 ἥλιος,”
1620 1493 1688 1567 οὶ
1743 1486 1820 1568 δὲ
1884 1491 2174 1583 ἀσεβεῖς
2238 1523 2316 1568 τε
2383 1493 2501 1568 καὶ
2560 1487 2871 1588 βέβηλοι
2931 1494 3048 1569 καὶ

647 1610 1074 1706 βεβιωκότες
1127 1609 1462 1708 ἐκτόπως,
1498 1610 2012 1714 ἐγερθήσονται
2066 1613 2220 1713 μὲν,
2257 1614 2341 1692 οὐ
2395 1612 2540 1712 μὴν
2580 1613 2683 1693 ἔτι
2740 1619 2860 1692 καὶ
2914 1612 3048 1713 τὴν
3077 1643 3145 1685 10

648 1735 903 1816 εὐκλεᾶ
952 1736 1463 1832 διαβιώσονται
1518 1733 1720 1839 ζωὴν,
1760 1734 2097 1841 ἀμέτοχοι
2146 1736 2224 1816 δὲ
2267 1738 2563 1834 μένουσι
2620 1739 2739 1815 καὶ
2797 1736 3043 1843 δόξης·

308 1864 395 1914 Pa.
421 1865 453 1915 ἰ·
478 1878 526 1930 5·
647 1858 1185 1959 ἀναστήσονται
1260 1858 1403 1963 γὰρ
1475 1844 1606 1940 οὐκ
1682 1871 1725 1907 “
1752 1862 1828 1939 ἐν
1900 1862 2131 1963 κρίσει
2203 1862 2364 1940 οὔτε
2440 1859 2584 1960 μὴν
2654 1862 2732 1939 ἐν
2805 1863 3048 1966 βουλῇ

648 1995 690 2031 “
728 1984 1083 2080 δικαίων,”
1123 1983 1295 2064 ἀλλ’
1334 1987 1448 2064 ἐπὶ
1500 1991 1714 2088 ποινῇ
1763 1986 1881 2063 καὶ
1928 1984 2108 2090 δίκῃ,
2144 1983 2703 2091 κατοιχήσονται
2753 1982 2897 2087 γὰρ
2950 1991 3049 2069 εἷς

643 2104 726 2186 τὸ
764 2104 1027 2191 σκότος
1084 2106 1168 2187 τὸ
1225 2107 1594 2214 ἐξώτερον·
1674 2114 1830 2191 πῶς
1873 2107 2019 2210 γὰρ
2053 2109 2130 2187 ἐν
2167 2106 2347 2217 δόξῃ
2381 2107 2465 2188 τὸ
2503 2105 2986 2209 κολαζόμενον
3017 2141 3038 2204 ;

641 2229 1086 2334 προσεπάγει
1141 2230 1226 2310 δέ
1265 2267 1333 2310 τι
1383 2235 1501 2312 καὶ
1556 2232 1817 2335 ἕτερον,
1875 2233 2002 2312 οὐκ
2052 2231 2398 2315 ἀνικάνως
2440 2232 2608 2336 ἕχον
2656 2234 3046 2312 ἀναπεῖσαι
3075 2258 3145 2318 15

640 2362 878 2455 μισεῖν
913 2355 1044 2455 τὴν
1077 2354 1432 2459 ἐπάρατον
1467 2364 1596 2435 τοῦ
1633 2354 1976 2453 σώματος
2011 2353 2296 2455 ἡδονήν.

750 2476 1045 2577 Ἐπειδὴ
1096 2483 1214 2558 καὶ
1252 2479 1291 2557 ὁ
1330 2478 1652 2578 φονεύων
1688 2482 1805 2559 καὶ
1852 2476 2208 2582 ἀτιμάζων
2244 2483 2362 2560 καὶ
2399 2483 2772 2581 λοιδορῶν,
2813 2485 2877 2558 εἰ
2929 2484 3048 2561 καὶ

640 2602 925 2699 σώματι
956 2611 1149 2683 ποιεῖ
1166 2603 1297 2703 τὴν
1330 2605 1703 2707 ἁμαρτίαν,
1741 2605 1911 2683 ἀλλ’
1955 2602 2148 2702 ὅμως
2184 2608 2282 2692 εἰς
2308 2602 2583 2707 ἐτέρους
2610 2602 2785 2685 αὐτὸ
2815 2604 3049 2708 πράτ-

639 2760 762 2823 τει,
823 2727 1094 2808 τούτων
1144 2733 1288 2806 τῶν
1345 2726 1633 2830 τρόπων
1694 2727 1982 2878 λέγεται
2039 2728 2190 2808 Παν
2245 2726 2631 2834 ἁμάρτημα
2688 2727 2886 2816 ἕκτος
2937 2733 3050 2814 τοῦ

641 2850 983 2954 σώματος,
1024 2860 1053 2933 ὁ
1094 2846 1165 2931 δὲ
1204 2849 1505 2958 πορνεύων
1542 2847 1814 2931 αὐτὸ
1752 2887 1822 2930 το
1859 2845 2014 2930 ἴδιον
2050 2853 2278 2930 ἀδικεῖ
2314 2878 2549 2958 σωμα·
2603 2850 2696 2931 τά
2732 2853 3049 2951 σώματα
3075 2887 3147 2928 20

305 2997 381 3048 Of.
401 3013 565 3064 supra.
639 2972 841 3073 ἡμῶν
877 2977 968 3054 δι’
1006 2975 1288 3077 ἀγνειάς
1325 2973 1622 3074 μένουσι
1653 2975 1839 3074 μελη
1862 2978 2213 3076 Χριστοῦ,
2242 2977 2360 3054 καὶ
2395 2973 3048 3073 μεταλαμβάνουσι

638 3101 767 3198 τῆς
821 3101 987 3201 παρ’
1029 3100 1246 3179 αὐτοῦ
1300 3103 1480 3200 ζωῆς
1528 3103 1647 3180 καὶ
1690 3097 1933 3205 δόξης·
2001 3095 2126 3177 ἐὰν
2163 3095 2266 3177 δὲ·
2296 3102 2647 3203 μολυνθῇ,
2685 3109 3050 3205 στερεῖται

641 3226 765 3321 τῆς
800 3223 1127 3322 τοιαύτης
1164 3220 1400 3329 δόξης.

810 3369 825 3416 t

545 3522 616 3578 19
760 3477 900 3546 Ocu<
956 3477 1179 3547 οἴδατε
1233 3484 1333 3548 ὅτι
1387 3482 1461 3547 τὸ
1516 3482 1706 3558 σῶμα
1762 3483 1943 3558 ὑμῶν
1998 3481 2154 3547 ναὸς
2208 3487 2320 3546 τοῦ
2376 3483 2446 3548 ἐν
2502 3478 2921 3559 ὑμῖνῙΑΓῶυ

1642 3608 2044 3684 Πνεύματοο.
3080 3610 3153 3669 ²5

303 3778 451 3891 Pom·
478 3779 581 3828 viii·
759 3761 1148 3871 Κατῴκηκε
1179 3761 1323 3866 γὰρ
1360 3765 1435 3842 ἐν
1471 3761 1640 3860 ἡμῖν
1675 3761 1759 3841 τὸ
1796 3766 1922 3861 τῆς
1959 3773 2003 3809 “
2033 3764 2390 3848 υἱοθεσίας
2422 3765 2783 3862 Πνεῦμα,”
2826 3799 3044 3846 τουτ-

340 3858 386 3906 5-
641 3887 799 3966 ἐστι
863 3887 948 3968 τὸ
992 3887 1255 3990 Ἅγιον,
1313 3899 1354 3935 “
1388 3888 1461 3965 ἐν
1520 3883 1576 3993 ᾦ
1634 3884 1979 3988 κράζομεν
2035 3886 2266 3981 Ἀββᾶ
2318 3887 2357 3965 ὃ
2405 3886 2708 3989 πατήρ·”
2792 3890 3045 3996 ἠγορά-

640 4010 865 4116 σμεθσι
914 4011 987 4092 δὲ
1040 4017 1155 4092 καὶ
1204 4011 1425 4109 τιμῆς,
1470 4008 1860 4094 τεθεικότος
1914 4007 2089 4111 ὑπὲρ
2146 4010 2347 4107 ἡμῶν
2401 4009 2533 4110 τὴν
2571 4012 2756 4091 ἰδίαν
2792 4012 3052 4119 ψυχὴν

717 4278 832 4334 ῐ-7,
870 4268 933 4320 τὰ
955 4264 1343 4336 μέλη-νοητήν
1367 4264 1607 4319 exhibuit
1630 4272 1684 4319 et
1709 4264 1841 4319 Mai.
2300 4282 2345 4318 1.
2382 4264 2477 4332 μὲν
2499 4272 2847 4335 assumptum
2873 4286 2942 4322 ex
2971 4267 3047 4321 H.

638 4353 761 4406 3-5.
798 4337 1471 4411 μετασχηματίσει-αὐτοῦ
1496 4353 1604 4389 om.
1637 4335 1710 4389 H.
1997 4351 2048 4404 3.
2086 4333 2446 4404 μετασχὴμιιτι
2469 4335 2514 4388 ἐι
2542 4336 2667 4404 (sic)
2688 4337 2758 4389 A.
2785 4337 3050 4392 Voluitne

634 4413 1069 4477 μετασχηματιεῖ.
1057 4414 1075 4447 >
1433 4421 1484 4472 5.
1522 4406 1584 4473 δὴ
1610 4423 1716 4460 om.
1746 4406 1814 4459 A.
2150 4423 2231 4458 10.
2270 4406 2498 4461 ἐκτόπως
2521 4404 2683 4459 edidi.
2710 4406 2948 4463 ἐκτόπων
2975 4408 3047 4463 Η.

642 4491 722 4546 15.
756 4478 1000 4535 ἀνικάνως
1027 4503 1048 4532 ε
1053 4501 1151 4551 χον
1175 4477 1334 4533 edidi.
1359 4476 1467 4532 tw*
1446 4482 1625 4532 ικανῶς
1649 4477 1784 4546 ἔχων
1809 4475 1945 4530 Cod.
2334 4489 2416 4564 17.
2460 4474 2578 4529 Hoc
2603 4475 2853 4533 scholion
2889 4479 3047 4535 nobis

556 4548 562 4554 ’
636 4549 939 4618 suppeditat
969 4550 1040 4604 H.
1344 4549 1428 4604 26
1473 4547 1591 4602 Hoc
1617 4546 1861 4602 scholion
1884 4546 2099 4602 exhibet
2123 4555 2175 4601 et
2205 4545 2278 4600 H.
2386 4547 2505 4615 ὑμῖν
2532 4545 2657 4616 (sic)
2685 4547 2756 4602 A.
