3269 5166
356 457 639 522 [¹¹²st]

350 1405 467 1454 Joel
485 1405 539 1453 ii.
565 1406 641 1453 28.

352 2021 467 2085 Sap.
484 2021 537 2069 ii.
556 2034 634 2083 24.

354 3333 664 3383 eMaioua.

352 3948 490 4001 Heb.
517 3948 570 3998 ii.
589 3947 664 3998 16.

685 346 815 408 464
1332 344 1409 408 B.
1457 342 1836 408 CYRILLI
1895 343 2418 408 ALEXANDR.

688 508 932 611 Λόγου
966 507 1052 589 τὸ
1087 508 1556 611 ἀνθρώπινον·
1616 507 1795 587 ἴδιον
1831 507 1974 610 γὰρ
2023 507 2412 608 ἐποιήσατο
2468 506 2552 589 τὸ
2601 515 2809 607 σῶμα
2856 504 2933 586 τὸ
2964 510 3029 587 ἐκ

684 637 811 731 τῆς
846 634 1056 735 ἁγίας
1092 634 1472 735 παρθένου,
1506 633 1687 712 ἴδιον
1721 629 1796 711 δὲ
1847 636 2110 712 ὡσανεὶ
2148 632 2432 736 λε’γοιτο
2473 631 2688 737 τυχὸν
2723 635 2832 711 καὶ
2861 633 3034 729 ἡμῶν

681 753 990 836 ἑκάστου
1060 754 1147 836 τὸ
1217 758 1459 836 αὐτοῦ·
1547 759 1666 836 καὶ
1737 766 1949 837 τοῦτο
2012 755 2209 853 οἶμαι
2267 762 2535 856 δηλοῦν
2595 754 2680 836 τὸ
2745 754 3042 858 γενέσθω

685 880 926 982 σάρκα
961 878 1199 976 αὐτὸν,
1236 881 1320 959 οὐ
1367 878 1549 960 κατὰ
1599 878 1875 982 τροπὴν
1912 879 1956 981 ἦ
2006 880 2484 979 μετάστασιν·
2544 880 2879 984 ἄτρεπτος
2920 877 3046 982 γὰρ

685 1005 731 1103 ἡ
768 1005 923 1084 θεία
959 1006 1203 1111 φύσις·
1267 1007 1437 1084 ἀλλ’
1480 1003 1587 1084 ὅτι
1640 1010 1731 1109 τῇ
1782 1005 1939 1111 θείᾳ
1988 1009 2243 1112 γραφῇ
2289 1003 2594 1105 σύνηθές
2637 1040 2786 1089 πως
2817 1008 2917 1083 ἀεὶ
2948 1008 3093 1089 καὶὸ

686 1130 863 1207 ὅλον
916 1129 1079 1210 ἔσθ’
1134 1127 1251 1208 ὅτε
1309 1125 1437 1207 τὸν
1491 1128 1895 1230 ἄνθρωπον,
1944 1126 2074 1207 τὸν
2127 1130 2205 1207 ἐκ
2265 1133 2514 1234 ψυχῆς
2571 1128 2660 1229 δὴ
2714 1129 2900 1229 λε’γω
2951 1129 3050 1205 καὶ

684 1253 1045 1351 σώματος,
1096 1256 1211 1331 καὶ
1271 1255 1367 1336 ὡς
1428 1252 1573 1331 ἀπὸ
1636 1249 1862 1351 μόνης
1919 1255 2374 1352 καταδηλοῦν
2421 1256 2547 1352 τῆς
2596 1251 2884 1355 σαρκὸς,
2923 1249 3050 1329 οἷόν

686 1379 846 1457 ἐστι
882 1376 966 1456 τό
1000 1386 1045 1423 “
1070 1379 1347 1480 Ἐκχεῶ
1384 1375 1529 1456 ἀπὸ
1565 1383 1694 1454 τοῦ
1728 1374 2128 1473 πνεύματός
2165 1411 2305 1472 μου
2341 1379 2455 1456 ἐπὶ
2493 1383 2745 1456 πᾶσαν
2779 1374 3047 1476 σάρκα.”

687 1502 810 1580 ἕνα
869 1502 1109 1580 τοίνυν
1171 1503 1670 1601 ὁμολογοῦμεν
1733 1499 1941 1596 Υὶὸν,
2014 1500 2437 1600 γεννηθέντα
2507 1498 2640 1599 μὲν
2702 1505 2935 1581 θεῖκῶς
2989 1500 3052 1578 ἐκ

689 1624 1002 1728 Πατρὸς,
1052 1623 1231 1703 καθὸ
1288 1630 1547 1703 νοεῖται
1602 1627 1718 1703 καὶ
1777 1622 1937 1702 ἔστι
1976 1622 2237 1725 Λόγος,
2293 1625 2777 1730 ἀποτεχθέντα
2830 1623 2901 1703 δὲ
2947 1620 3053 1702 τὸν
3071 1652 3123 1693 10

687 1748 902 1828 αὐτὸν
938 1752 1015 1827 ἐκ
1051 1743 1384 1850 γυναικός
1418 1746 1602 1827 κατὰ
1639 1746 1904 1849 σάρκα·
1968 1748 2397 1847 νοηθήσεται
2434 1746 2578 1850 γὰρ
2618 1750 2823 1843 οὕτω,
2860 1781 3054 1826 κεκοι-

687 1871 1016 1973 νωνηκὼς
1052 1872 1351 1971 αἵματος
1387 1873 1500 1950 καὶ
1539 1867 1813 1973 σαρκὸς
1864 1872 2391 1974 παραπλησίως
2430 1873 2618 1970 ἡμῖν,
2655 1872 2772 1950 ἵνα
2807 1869 2917 1949 διὰ
2949 1875 3054 1949 τοῦ

688 1999 941 2077 οἰκείου
975 1994 1285 2076 θανάτου
1336 1996 1762 2101 καταργήσῃ
1813 1993 1938 2074 τὸν
1975 1994 2341 2092 διάβολον,
2377 1996 2461 2074 οὗ
2499 2006 2541 2043 “
2571 1994 2822 2103 φθόνῳ
2858 1991 3051 2074 θάνα-

689 2131 733 2168 “
769 2155 892 2205 τος
958 2127 1052 2205 εἶς
1116 2118 1244 2200 τὸν
1308 2120 1587 2217 κόσμον
1649 2117 2015 2218 εἶσῆλθε·”
2071 2119 2230 2223 ῥίζα
2292 2119 2437 2221 γὰρ
2497 2116 2750 2222 ὥσπερ
2811 2119 2974 2221 ζωῆς
3022 2117 3056 2195 5

688 2249 1018 2347 Χριστοῦ
1053 2243 1305 2345 γε’γονε
1341 2243 1670 2340 θάνατος,
1704 2246 1819 2323 καὶ
1858 2248 2136 2350 φθορᾶς
2169 2245 2548 2347 ἀναίρεσις,
2587 2247 2707 2323 καὶ
2745 2242 3056 2345 ἁμαρτίας
3077 2262 3128 2321 15

689 2365 1064 2469 ἀποτροπὴ
1130 2370 1246 2446 καὶ
1301 2367 1521 2468 περας
1582 2369 1829 2469 ὀργῆς·
1889 2364 2285 2468 γεγόναμεν
2341 2367 2708 2468 ἐπάρατοι,
2774 2370 2885 2447 καὶ
2945 2363 3058 2444 ὑπὸ

691 2493 999 2576 θανάτου
1044 2497 1246 2595 δίκην
1289 2496 1366 2573 ἐν
1400 2493 1662 2593 Ἀδὰμ,
1700 2493 1903 2574 ἀλλὰ
1951 2492 2459 2599 κεχρημάτικεν
2503 2496 2543 2574 5
2585 2496 2850 2599 Λόγος,
2895 2494 2930 2573 5
2977 2489 3060 2593 μὴ

689 2617 889 2703 εἰδὼς
945 2621 1316 2722 ἁμαρτίαν,
1353 2621 1498 2702 υἱὸς
1546 2619 1809 2718 Ἀδὰμ,
1857 2623 1975 2699 καὶ
2021 2617 2319 2699 λε’λυται
2375 2620 2460 2699 δι’
2508 2620 2734 2699 αὐτοῦ
2787 2624 2908 2717 τῆς
2955 2622 3061 2695 τοῦ
3114 2660 3122 2666 ·

687 2743 976 2845 πρώτου
1019 2740 1503 2843 παραβάσεως
1554 2742 1648 2821 τὰ
1694 2740 2138 2844 ἐγκλήματα·
2200 2740 2414 2850 ὤφθη
2455 2741 2597 2845 γὰρ
2627 2744 2678 2843 ἡ
2716 2743 3064 2846 ἀνθρώπου

691 2865 913 2972 φύσις
962 2868 1038 2946 ἐν
1075 2872 1380 2975 Χριστῷ
1430 2869 1644 2968 ὑγιῶς
1700 2867 1969 2971 ἔχουσα
2023 2865 2109 2947 τὸ
2166 2866 2658 2966 ἀπλημμελές,
2697 2876 2904 2948 τοῦτο
2949 2862 3055 2944 σε’·
3081 2891 3134 2936 ²0

690 3024 882 3070 σωκε
919 2988 1084 3075 τοὺς
1120 2992 1235 3071 ἐπὶ
1271 2994 1426 3093 γῆς.

1817 3151 1954 3229 ΙΧ.

802 3305 962 3383 Οὔκ
1022 3306 1209 3410 Ιαὐτῇ
1278 3305 1518 3403 μέντοι
1589 3310 1681 3411 τῇ
1755 3314 1883 3385 τοῦ
1954 3302 2201 3405 Λόγου
2261 3302 2501 3410 φύσει,
2567 3302 2654 3383 τό
2722 3298 3067 3407 Ἀρχιερέα

689 3431 1083 3526 κεκλῆσθαι
1128 3430 1244 3508 καὶ
1280 3426 1372 3508 τὰ
1406 3431 1642 3509 τοιάδε
1679 3436 1825 3508 τῶν
1860 3425 2248 3524 ὀνομάτων,
2288 3425 2489 3506 ἀλλὰ
2535 3433 2626 3533 τῇ
2677 3427 2862 3528 μετὰ
2906 3458 3063 3527 σαρ·

690 3549 812 3634 κὸς
847 3553 1208 3659 οἰκονομίᾳ
1258 3556 1377 3632 καὶ
1420 3553 1702 3655 με’τροις
1748 3560 1894 3637 τοῖς
1933 3550 2102 3632 καθ’
2143 3552 2349 3651 ἡμᾶς.
2440 3554 2555 3631 καὶ
2593 3555 2773 3656 φερε
2806 3558 3067 3653 πρῶτον
3089 3577 3141 3636 25

688 3676 909 3756 ἐκεῖνο
946 3675 1382 3779 ζητήσωμεν,
1419 3675 1524 3760 τίς
1559 3675 1650 3777 ἦν
1684 3679 1724 3756 5
1775 3673 2156 3774 δυνάμενος
2205 3672 2336 3773 μὲν
2371 3679 2486 3754 καὶ
2534 3677 2876 3782 ἐξουσίαν
2908 3673 3071 3777 ἔχων

690 3800 1171 3896 ἐπιλαβέσθαι
1198 3799 1558 3903 ἀγγέλων,
1580 3805 1636 3878 εὶ
1661 3809 1872 3880 τοῦτο
1900 3798 2261 3904 χρήσιμον
2284 3795 2394 3898 ἦν,
2415 3800 2542 3879 οὐκ
2572 3796 3070 3896 ἐπιλαβόμενος

691 3924 767 4003 δὲ
802 3932 1092 4024 μᾶλλον
1128 3926 1425 4022 ἐκείνων,
1457 3936 1498 3971 “
1521 3922 1725 4003 ἀλλὰ
1760 3924 2177 4028 σπέρματος
2211 3924 2560 4027 Ἀβραάμ
2585 3922 2648 4018 ;”
2709 3931 2769 4004 εἶ
2801 3923 2930 4021 μὲν
2961 3920 3071 3999 οὖν

692 4098 991 4153 &somnio
1016 4098 1369 4167 Evangelium
1408 4097 1511 4152 sub
1548 4098 1766 4152 nomine
1788 4106 1999 4152 tantum
2027 4095 2231 4169 cyrini,
2259 4114 2424 4168 supra
2455 4096 2554 4151 Ev.
2580 4098 2616 4151 i.
2648 4114 2751 4164 14„
2785 4095 3067 4151 citationem

689 4186 799 4222 non
844 4168 1076 4235 brevem,
1112 4186 1175 4222 ex
1209 4168 1569 4240 operibusque
1602 4167 1826 4222 diversis
1865 4167 2212 4238 desumptum
2248 4167 2509 4238 incipiens
2549 4167 2694 4238 [cod.
2741 4161 3066 4238 Mosquensis

691 4239 834 4293 xciii.
859 4240 989 4293 olim
1013 4239 1152 4294 xciv.
1177 4238 1271 4293 fol.
1300 4238 1386 4293 26.
1413 4238 1643 4294 membr.
1668 4256 1774 4294 sec.
1800 4236 1902 4309 xi‚]
1925 4237 2108 4305 Ἡμεῖς
2131 4238 2189 4292 δὲ
2211 4237 2399 4293 ἕνωσιν
2419 4238 2604 4307 ἀληθῆ.
2843 4255 2889 4291 1.
2925 4232 3067 4288 verba

689 4311 792 4381 γὰρ
831 4307 1318 4378 ἐποιήσατο-ἴδιον
1352 4310 1531 4364 omisit
1570 4308 1672 4363 Ed.
1785 4311 1846 4364 τὸ
1884 4309 2180 4363 secundum
2217 4309 2483 4378 assumpsi
2518 4327 2549 4363 e
2587 4308 2715 4363 Nik.
2755 4308 2810 4362 in
2838 4307 2894 4362 S.
2917 4305 3066 4360 Joan-

692 4397 834 4434 nem.
1153 4398 1205 4451 3.
1242 4381 1444 4453 ἑκαστῷ
1472 4379 1554 4434 Ib.
1877 4393 1928 4450 7.
1965 4382 2161 4450 σαρκὸς
2183 4382 2418 4434 τοιοῦτόν
2440 4380 2555 4434 ἐστι
2577 4382 2637 4434 τὸ
2661 4378 2924 4448 εἰρημένον
2943 4372 3067 4442 παρὰ

693 4455 829 4506 Θεοῦ
853 4451 1255 4524 ἐκχεῶ-σάρκα
1282 4460 1334 4505 et
1358 4451 1531 4521 pergit
1555 4448 1762 4504 diverse
1789 4449 1871 4505 lb.
2262 4469 2315 4523 9.
2352 4451 2475 4504 Υἷὸν
2496 4449 2707 4504 exhibet
2733 4449 2912 4503 Maius
2935 4462 2997 4499 ex
3017 4442 3067 4497 b.

692 4522 812 4576 θεὸν
834 4540 881 4576 a.
1073 4539 1155 4578 10.
1191 4524 1283 4577 τὸν
1306 4538 1413 4575 om.
1439 4521 1494 4575 b.
1710 4537 1795 4575 21.
1835 4521 1920 4575 ἐπὶ
1985 4528 2038 4584 -1-
2067 4522 2158 4587 τ-ῆς
2178 4538 2226 4575 ει.
2416 4535 2502 4591 23.
2536 4538 2602 4575 ex
2624 4538 2673 4575 a.
2697 4528 2752 4573 et
2779 4519 2814 4574 b
2839 4517 2929 4571 fol.
2959 4519 3066 4578 ¹89·

695 4592 780 4649 26.
817 4593 993 4665 ἐκείνῳ
1016 4592 1070 4648 b.
1131 4594 1268 4663 ἔχων
1291 4592 1396 4647 a.b.
1424 4597 1460 4621 “
1476 4590 1686 4647 mediol.
1710 4590 1908 4662 ἀνέχων
1982 4591 2035 4646 d.
2059 4592 2213 4663 mg.''
2240 4590 2335 4646 sed
2359 4608 2548 4646 errore.
2657 4589 2741 4645 28.
2779 4587 2871 4644 οὖν
2892 4602 2993 4640 om.
3017 4582 3068 4638 b.
