3269 5166
298 1216 377 1251 22.

303 3561 354 3609 S.
370 3561 409 3610 J
411 3577 521 3610 oon.
542 3560 595 3609 ii.

630 335 763 398 488
1081 334 1159 398 Β.
1205 332 1584 398 CYRILLI
1646 332 2171 399 ALEXANDR..
2229 333 2568 398 FRAGM.

628 509 814 608 ἡμᾶς
848 505 1037 588 οἶδεν
1071 508 1282 592 ὄντας
1318 510 1591 612 σαρκὸς
1628 512 1748 588 καὶ
1797 509 2141 606 αἵματοςς
2195 506 2334 612 ἆρα
2371 509 2772 606 πνεύμασιν
2808 508 3019 586 ἀσω-

627 630 882 730 μοίτοις
924 632 1017 712 τὰ
1064 632 1299 713 τοιάδε
1343 639 1807 735 προσλαλεΐ;
1874 633 2100 713 καίτοι
2133 640 2286 717 πῶς
2323 634 2408 712 οὐ
2454 633 2818 735 τερθρείαν
2857 637 3030 709 τοῦ-

626 752 713 833 τό
747 789 834 855 γε
870 763 1052 835 νοεῖν
1088 754 1134 857 ἢ
1174 756 1459 861 φράσαι
1486 789 1507 851 3
1566 758 1819 836 οὐκοῦν
1856 759 1966 863 ἐφ’
2005 757 2207 856 ἡμῶν
2242 755 2374 855 μὲν
2408 754 2650 857 σάρκα
2696 758 2886 861 φησὶ
2935 750 3033 832 τὰ

625 882 754 974 τῆς
787 878 1061 1028 σαρκὸς
1095 879 1362 962 ἕκτοπά
1401 914 1481 959 τε
1518 884 1636 961 καὶ
1673 882 1800 960 οὐκ
1836 882 2331 980 ἀνεπίπληκτα
2365 877 2589 979 πάθη·
2668 880 2782 957 ἐπὶ
2819 877 2908 956 δέ
2945 910 3033 977 γε

625 1013 756 1085 τοῦ
805 1002 1098 1085 πάντων
1134 1005 1338 1104 ἡμῶν
1375 1009 1712 1107 Σωτῆρος
1748 1010 2097 1109 Χριστοῦ,
2135 1004 2507 1106 πανάγνου
2538 1037 2614 1082 τε
2657 1000 2865 1084 ὄντος
2910 1003 3033 1079 καὶ
3062 1019 3098 1078 5

303 1153 322 1185 ¹
343 1136 395 1186 Β»
412 1137 525 1188 Pet.
550 1137 605 1187 fi·
627 1161 712 1207 το
765 1133 1220 1228 πλημμελεῖν
1255 1130 1383 1208 οὐκ
1437 1126 1730 1213 ειδότος*
1806 1140 1849 1178 “
1872 1129 1990 1208 Οὐ
2032 1127 2177 1231 γὰρ
2220 1128 2554 1226 ἐποίησεν
2597 1124 3031 1226 ἀμαρτίαν·”

628 1250 1109 1356 ετεροτρόπως
1168 1249 1260 1332 ἂν
1314 1253 1399 1333 τό
1461 1253 1675 1332 Κατὰ
1733 1252 1975 1355 σάρκα
2034 1258 2354 1332 νοεῖσθαι
2406 1251 2679 1354 πρέπει,
2736 1249 2824 1327 οὐ
2884 1248 3035 1349 γάρ

628 1379 829 1456 ἐστιν
863 1379 939 1456 ἐν
975 1378 1369 1460 ἀσθενείαις
1406 1377 1507 1456 ἔτι
1547 1384 1942 1479 σαρκικαΐς.

1760 1595 1886 1691 ιβ’.

740 1760 1189 1860 Νενήστευκε
1250 1768 1426 1861 γοῦν
1481 1763 1597 1839 καὶ
1656 1760 1985 1840 ἐπείνασε
2043 1762 2162 1840 καὶ
2216 1760 2557 1860 κε’κμηκεν
2612 1759 2690 1837 ἐκ
2744 1764 3033 1860 μακρᾶς
3067 1796 3130 1835 10

626 1885 1050 1987 ὁδοιπορίας,
1092 1883 1195 1963 ἔτι
1239 1917 1319 1963 τε
1370 1881 1551 1986 πρὸς
1597 1884 1870 1967 τούτοις
1926 1884 2345 1985 ἐσταυρώθη
2384 1916 2462 1962 τε
2506 1883 2624 1962 καὶ
2680 1883 3025 1961 ἀπέθανε·

627 2006 1023 2087 συνδέδωκε
1080 2005 1156 2087 δὲ
1210 2014 1435 2086 ταῦτα
1484 2013 1739 2087 παθεῖν
1773 2004 1991 2086 αὐτὸν
2027 2009 2112 2086 ού
2148 2005 2368 2111 φύσει
2422 2005 2778 2106 θεότητος·
2842 2006 3036 2106 πέρα

628 2129 773 2233 γὰρ
807 2139 937 2210 τοῦ
984 2136 1237 2210 παθεῖν
1277 2131 1319 2230 ἡ
1357 2131 1510 2211 θεία
1545 2165 1624 2210 τε
1662 2133 1779 2210 καὶ
1826 2130 2181 2234 ὑπερτάτη
2221 2130 2445 2235 φύσις
2500 2136 2780 2208 νοεῖται·
2854 2129 3030 2208 ἀλλ’

629 2255 771 2360 ἰδίᾳ
803 2260 1094 2354 μᾶλλον
1129 2255 1374 2358 σαρκί·
1454 2253 1694 2355 ἐπειδὴ
1733 2253 1810 2333 δὲ
1847 2255 2105 2349 ἀνεβίω
2141 2251 2477 2353 πατήσας
2512 2286 2642 2332 τον
2679 2251 3029 2349 θάνατον,

628 2379 1243 2484 ἀναστοιχειῶσας
1317 2411 1397 2457 τε
1462 2376 1593 2477 τὴν
1666 2377 2049 2480 ἀνθρώπου
2120 2377 2348 2481 φύσιν
2410 2379 2487 2455 ἐν
2544 2379 2774 2483 εαυτῷ
2847 2411 3039 2476 προς
3065 2402 3132 2462 15

629 2502 1049 2609 ἀφθαρσίαν
1087 2503 1203 2581 καὶ
1252 2501 1459 2603 ζωὴν,
1495 2504 1611 2580 καὶ
1663 2505 2007 2605 σαρκικῆς
2050 2503 2421 2586 ἀσθενείας
2465 2498 2777 2579 εἶσάπαν
2812 2501 3031 2601 ἠμοι-

629 2658 863 2727 ρηκως
914 2628 1160 2727 ὁρᾶται
1209 2623 1489 2706 λοιπόν·
1565 2626 1900 2726 ταύτητοι
1937 2627 2055 2705 καὶ
2091 2624 2292 2723 μάλα
2328 2624 2530 2724 εἶκος,
2567 2624 2800 2704 οὐκέτι
2848 2624 3037 2704 κατὰ

632 2744 871 2852 σάρκα
937 2748 1432 2850 γινώσκεσθαί
1488 2756 1722 2857 φησιν
1787 2748 2024 2846 αὐτον,
2089 2747 2455 2830 τουτέστιν
2515 2751 2593 2827 ἐν
2654 2757 3037 2851 σαρκικαΐς

631 2873 1116 2971 ἀσθενείαις,
1083 2907 1124 2952 ο
1162 2880 1306 2953 τῶν
1344 2874 1562 2954 αὐτοῦ
1595 2875 2017 2977 μυστηρίων
2054 2874 2436 2978 ἱερουργός.

1769 3134 1890 3236 ιγ’.
3068 3154 3136 3193 20

750 3291 1204 3393 Γευσοῖμενος
1279 3292 1356 3375 δὲ
1444 3304 1573 3377 τοῦ
1650 3294 1963 3377 θανάτου
2052 3298 2273 3400 σαρκὶ
2356 3298 2440 3376 δι’
2528 3297 2736 3396 ἡμᾶς,
2813 3298 3039 3398 ἀνέβη

637 3417 861 3499 πάλιν
916 3419 1350 3518 ἐνσώματος,
1407 3423 1520 3500 καὶ
1575 3429 1755 3524 γοῦν
1809 3420 1983 3500 αὐτὸ
2048 3417 2136 3521 δὴ
2201 3424 2399 3501 τουτὶ
2462 3428 2608 3506 τοῖς
2669 3422 3041 3502 Ἰουδαίων

640 3540 889 3642 δήμοις
934 3542 1613 3646 προκαταμεμήνυκε
1669 3544 1907 3646 λε’γων
1957 3555 2002 3592 “
2029 3543 2326 3625 Λύσατε
2369 3541 2499 3624 τὸν
2534 3542 2707 3625 ναὸν
2741 3552 3034 3643 τοῦτον,

639 3677 684 3713 “
720 3669 836 3745 καὶ
892 3669 967 3746 ἐν
1021 3668 1258 3770 τρίσιν
1310 3665 1597 3770 ἡμέρως
1664 3669 1886 3772 ε’γερῶ
1942 3666 2226 3748 αύτόν.”
2317 3665 2693 3772 ἐγήγερται
2748 3667 2899 3771 γὰρ
2954 3669 3042 3749 τὸ

638 3789 876 3889 λυθὲν,
933 3789 1291 3870 λελύσθαι
1353 3789 1579 3893 γεμὴν
1631 3790 1766 3890 τὴν
1819 3791 2064 3895 σάρκα
2117 3790 2357 3899 φαμὲν
2406 3794 2524 3872 καὶ
2578 3793 2664 3872 οὐ
2716 3791 2854 3894 τὴν
2910 3802 3042 3874 τοῦ
3071 3829 3142 3888 ²5

639 3912 886 4016 Λόγου
922 3910 1173 4018 φύσιν·
1252 3914 1622 4019 ἀμήχανον
1659 3914 1823 4018 γάρ.

712 4145 816 4198 2.]
884 4142 1514 4286 ρηᾶιιωιιῐνίὀ.τερρεθ
1517 4146 1585 4200 ία.
1947 4163 2029 4200 10.
2066 4145 3044 4238 rofiamfie'aerofiawofimyovbae.

637 4213 790 4288 γοῦν]
1163 4232 1245 4270 12.
1274 4167 1514 4307 ιιιίτὸιο]ρε
1482 4218 1555 4272 ita
1578 4216 1631 4271 b.
1637 4234 1685 4272 c.
1788 4215 1922 4286 πέρα
1945 4215 2073 4288 γὰρ]
2099 4219 2239 4287 παρά
2263 4219 2400 4288 γε(ἓ)
2426 4236 2475 4272 c.
2647 4237 2731 4288 ι4.
2771 4222 2889 4276 ἐπει
2913 4223 2968 4276 δὲ
2995 4240 3044 4276 c.

646 4287 727 4341 18.
765 4236 1057 4359 σαρκικαῖς]
1085 4288 1239 4355 σαρκὶ
1264 4288 1345 4340 καὶ
1369 4305 1417 4341 c.
1634 4304 1720 4343 21.
1748 4291 1842 4341 τοῦ
1864 4288 2023 4342 αὐτοῦ
2046 4290 2102 4341 ἐκ
2125 4292 2218 4342 τοῦ
2240 4289 2397 4343 αὐτοῦ
2420 4291 2584 4360 λόγον
2602 4289 2707 4346 bx.
