3269 5166
323 439 581 508 [ΜΕ]

640 342 767 406 194
966 341 1049 405 B.
1095 337 1474 404 CYRILLI
1528 338 2063 403 ALEXANDR.
2118 336 2680 403 FRAGMENTA
2833 332 2944 398 vii.
2969 346 3032 415 5.

635 503 816 583 κατά
874 536 951 582 τε
1004 499 1224 602 νόμου
1271 501 1539 587 παντὸς
1576 504 1693 582 καὶ
1728 509 1873 582 τῶν
1921 500 2058 582 ὑπὸ
2109 500 2349 602 νόμον·
2426 499 2660 582 ἅπασι
2705 494 2836 596 μὲν
2883 493 3033 597 γὰρ

635 634 782 711 τοῖς
819 625 958 706 ὑπὸ
994 630 1332 730 σκῆπτρα
1368 624 1738 720 βασιλέων
1775 625 2158 730 διορίζουσι
2203 623 2406 722 νόμοι
2440 623 2530 705 τό
2562 658 2640 704 τε
2674 618 3034 725 πρακτέον

636 753 754 829 καὶ
802 749 886 829 τὸ
929 749 1056 850 μή·
1136 749 1475 854 ἰσχύουσι
1519 748 1597 828 δὲ
1631 748 1832 853 παρά
1873 784 1962 851 γε
2016 757 2164 834 τοῖς
2218 748 2439 852 ζῶσιν
2486 748 2615 828 ἔτι·
2694 751 2754 825 εἰ
2810 743 2887 825 δὲ
2944 741 3034 842 δή

637 907 744 957 τις
816 879 962 952 τῶν
1031 870 1169 954 ὑπὸ
1242 871 1463 972 νόμον
1525 876 1654 971 τῆς
1720 873 2141 972 ἐνσωμὰτου
2217 873 2395 978 ζωῆς
2468 868 3036 963 ἀπαλλάττοιτο,

638 996 1189 1077 συναπεδύσατο
1237 998 1328 1101 τῇ
1376 996 1519 1100 ζωῇ
1571 1000 1690 1077 καὶ
1744 1003 1891 1077 τῶν
1928 996 2165 1094 νόμων
2201 995 2333 1098 τὴν
2366 996 2730 1103 ἐξουσίαν·
2790 998 2848 1071 εἰ
2887 989 3036 1093 γὰρ
3063 1019 3098 1080 5

634 1120 988 1199 πέπαυται
1044 1128 1172 1200 τοῦ
1229 1127 1705 1219 πλημμελεῖν,
1761 1119 2210 1230 ἀπρακτήσει
2269 1155 2412 1201 που
2468 1119 2754 1201 πάντως
2813 1117 2933 1195 καὶ
2994 1114 3036 1192 ὃ

638 1242 849 1342 νόμος
888 1245 993 1323 ἔπ’
1033 1244 1243 1350 αὐτῷ.
1311 1242 1573 1343 ἀληθὲς
1609 1243 1733 1323 οὖν
1771 1243 1878 1323 ὅτι
1935 1243 2194 1353 κυριεύει
2233 1247 2341 1324 τοῧ
2379 1242 2705 1349 ἀνθρώπου
2742 1241 2850 1345 ἐφ’
2890 1236 3038 1317 ἴσον

410 1399 487 1452 15
517 1397 611 1455 Π.
637 1370 852 1472 χρόνον
894 1368 996 1478 Q·
1056 1369 1175 1446 καὶ
1224 1368 1330 1450 τίς
1375 1366 1515 1468 ἄρα
1558 1368 1758 1446 ἐστὶν
1796 1369 1836 1445 ὃ
1873 1376 2001 1447 τοῦ
2044 1367 2273 1470 λόγου
2309 1365 2608 1463 σκοπὸς,
2643 1365 3037 1464 ἀναγκαῖον

637 1496 877 1570 εἰπεῖν·
952 1490 1080 1570 δύο
1138 1493 1286 1570 κατ’
1328 1489 1545 1570 αὑτὸν
1580 1489 1958 1594 εἰσκομίζει
2012 1490 2364 1596 χρήσιμα·
2429 1491 2625 1590 ἡμεῖς
2677 1487 2811 1586 μὲν
2864 1483 3034 1587 γὰρ,

637 1615 888 1719 φησὶν,
926 1619 993 1693 οἱ
1048 1613 1614 1711 συντεθαμμένοι
1667 1618 1974 1722 Χριστῷ
2034 1614 2153 1695 διὰ
2206 1623 2334 1695 τοῦ
2389 1616 2918 1711 βαπτίσματος,
2971 1614 3037 1689 οἶ
3067 1647 3131 1687 10

638 1735 1117 1819 ἀποθανόντες
1172 1744 1262 1843 τῇ
1319 1739 1660 1844 ἁμαρτίᾳ,
1714 1738 1856 1845 ἔξω
1908 1738 2301 1841 γεγόναμεν
2350 1743 2477 1837 τῆς
2525 1734 2861 1843 ἐξουσίας
2905 1742 3037 1814 τοῦ

642 1858 882 1960 νόμου,
920 1862 1602 1966 μετεστοιχειῶμεθα
1651 1860 1799 1964 γὰρ
1834 1868 1931 1946 εἰς
1980 1859 2237 1964 ζωὴν
2199 1863 2464 1966 ετε’ραν·
2522 1867 2590 1941 οἰ
2637 1859 2725 1940 δέ
2757 1894 2844 1960 γε
2889 1892 3037 1961 προ

640 1988 769 2082 τῆς
839 1983 1230 2083 ἐπιδημίας,
1307 1987 1507 2065 οὔπω
1580 1982 1708 2065 τὸν
1771 1988 1848 2065 ε’ν
1906 1991 2212 2093 Χριστῷ
2286 1984 2661 2084 νοούμενον
2724 1981 3037 2063 θάνατον

641 2109 1159 2206 ὑπομείναντες,
1197 2107 1369 2212 ἔζων
1404 2108 1504 2188 ἔτι
1540 2112 1630 2214 τῇ
1668 2110 2003 2216 ἁμαρτίᾳ.
2080 2109 2355 2213 ἐκράτει
2405 2108 2494 2209 δὴ
2541 2108 2667 2187 οὖν
2703 2111 2798 2190 ὡς
2849 2105 3029 2209 ζών-

639 2265 785 2311 των
831 2231 871 2309 ὁ
911 2229 1142 2329 νόμος,
1180 2231 1502 2335 καθάπερ
1551 2229 1801 2330 ἀμέλει
1857 2232 1976 2313 καὶ
2031 2232 2362 2335 γυναικὸς
2412 2234 2452 2313 ὃ
2502 2229 2708 2336 ἁνήρ·
2781 2228 3038 2331 ὥσπερ
3067 2266 3092 2306 ι
3099 2261 3134 2320 5

639 2352 785 2458 γὰρ
822 2359 856 2449 ἦ
894 2350 1216 2463 ὕπανδρος
1267 2355 1448 2457 γυνὴ,
1486 2354 1746 2458 ζῶντος
1795 2356 1923 2454 μὲν
1959 2356 2062 2437 ἔτι
2109 2365 2238 2437 τοῦ
2290 2356 2474 2436 κατὰ
2522 2352 2742 2453 νόμον
2788 2388 3031 2461 συνῳ-

641 2479 955 2579 κηκότος,
994 2481 1121 2559 οὐκ
1171 2478 1556 2561 ἀνεύθυνον
1602 2486 1903 2562 ποιεῖται
1952 2478 2086 2581 τὴν
2137 2481 2256 2589 ὑφ’
2297 2481 2511 2589 ἑτέρῷ
2564 2478 2902 2560 σύνοδον·
2980 2484 3040 2558 εἰ

643 2602 721 2684 δὲ
785 2603 873 2703 δὴ
938 2603 1246 2704 τεθναίη,
1309 2608 1562 2708 φησὶν,
1627 2604 1771 2712 ἔξω
1829 2606 2139 2686 κείσεται
2201 2605 2417 2705 δίκης,
2481 2602 2616 2686 κᾶν
2674 2609 2733 2683 εἰ
2798 2603 3039 2683 ἕλοιτο

642 2734 853 2807 τοῦτο
910 2730 1158 2831 δρᾶν’
1122 2727 1456 2827 εννόμως·
1529 2729 1714 2809 κατὰ
1768 2727 1895 2810 τὸν
1944 2729 2110 2809 ἴσον
2153 2726 2345 2826 οἶμαι
2389 2727 2658 2835 τρόπον
2702 2733 2770 2808 οἰ
2819 2727 3040 2828 μήπω

642 2855 770 2950 τῆς
826 2852 1172 2955 ἁμαρτίας
1229 2849 1360 2952 τὴν
1416 2852 1764 2955 νέκρωσιν
1817 2851 2096 2958 ἔχοντες
2149 2855 2227 2932 ἐν
2276 2858 2602 2960 Χριστῷ,
2651 2852 2909 2956 ζῶντες
2964 2849 3041 2932 δε
3069 2890 3139 2930 20

642 2972 894 3078 ὥσπερ
930 2977 1005 3054 ἐν
1040 2975 1245 3080 αὐτῇ,
1284 2977 1746 3080 πεπράχασιν
1783 2976 2067 3060 εἰκότως
2105 3010 2220 3056 και
2258 2974 2398 3058 ὑπο
2443 2974 2684 3076 νόμον·
2771 2975 3039 3083 κυριεύει

640 3136 779 3207 γαρ
823 3103 935 3180 τοῦ
985 3096 1318 3206 ἀνθρώπου
1368 3101 1473 3207 ἐφ’
1512 3100 1655 3180 ’ὄσ-ον
1692 3100 1903 3206 χρόνον
1945 3101 2043 3211 ζῇ·
2109 3105 2175 3179 οὶ
2222 3100 2315 3181 δέ’
2343 3135 2426 3202 γε
2465 3097 2603 3180 ὑπο
2651 3098 2867 3205 χάριν
2903 3100 3040 3200 ἤδη

641 3220 1012 3325 γεγονότες
1060 3220 1193 3321 τὴν
1242 3224 1319 3301 ἐν
1356 3228 1684 3330 Χριστῷ,
1736 3223 1821 3302 δι’
1861 3223 1945 3323 ἧς
1988 3226 2107 3304 καὶ
2153 3223 2540 3325 τεθνήκασι
2587 3231 2678 3327 τῇ
2725 3225 3043 3331 ἁμαρτίᾳ

642 3349 761 3425 καὶ
798 3347 1253 3449 νενέκρωνται
1288 3351 1380 3450 τῇ
1414 3349 1659 3451 σαρκὶ,
1699 3348 2031 3427 τουτέστι
2066 3354 2213 3430 τοῖς
2247 3347 2518 3428 πάθεσι
2567 3350 2694 3448 τῆς
2743 3346 3043 3449 σαρκὸς,

643 3474 702 3548 εἰ
750 3469 999 3570 μηκέτι
1052 3468 1608 3576 χρηματίζουσιν
1655 3474 1750 3555 ὦς
1799 3470 2052 3574 ζῶντες
2105 3472 2180 3550 ἐν
2224 3470 2503 3580 κόσμῳ,
2542 3473 3046 3553 ἁκαταιτίατον
3075 3504 3144 3564 25

642 3599 958 3672 ποιοῖντο
1026 3591 1116 3673 ἂν
1178 3592 1310 3694 τὴν
1374 3594 1517 3701 ἔξω
1578 3593 1802 3692 νόμου
1865 3593 2073 3697 ζωήν·
2149 3595 2668 3675 τεθανὰτωνται
2734 3595 2883 3699 γὰρ
2949 3602 3046 3682 ὦς

645 3716 828 3822 ἔφην
878 3713 996 3798 ὃιᾶ.
1052 3720 1165 3798 τοῧ
1223 3723 1544 3824 σώματος
1601 3721 1710 3800 τοῧ
1759 3721 2056 3826 Χριστοῦ,
2107 3721 2223 3798 καὶ
2279 3719 2636 3800 ἀπέθανον
2686 3723 2792 3829 τῷ
2848 3719 3046 3832 νόμῳ

648 3841 1115 3939 δικαιούμενοι
1170 3840 1287 3920 διὰ
1344 3842 1678 3926 πίστεως.

586 4096 623 4156 5
667 4077 831 4145 Ὅτε
892 4081 1008 4169 ι-ἁρ
1062 4077 1226 4158 εἶμεν
1277 4083 1349 4147 ἐν
1403 4088 1483 4172 τῇ
1540 4080 1749 4170 σαρκὶ,
1803 4082 1883 4147 τὰ
1939 4087 2292 4163 παθήματα
2345 4085 2479 4151 τῶν
2533 4085 2878 4174 ἁμαρτιῶν
2936 4110 3014 4153 τα

1265 4206 1371 4272 διὰ
1426 4211 1539 4273 τοῦ
1591 4209 1791 4284 νόμου
1848 4206 2182 4299 ἒνΗρΓεῖτο
2237 4225 2434 4277 κ.τ.λ.
3080 4236 3156 4294 3ο

761 4374 1008 4478 Σάρκα
1070 4377 1201 4478 μὲν
1261 4379 1346 4460 τὸ
1410 4379 1761 4483 σαρκικὸν
1820 4382 2144 4487 ὀνομάζει
2210 4382 2572 4491 φρόνημα,
2632 4388 2730 4469 ὡς
2799 4388 2921 4465 καὶ
2978 4388 3055 4467 ἐν

1640 4571 1722 4625 18.
1760 4571 1962 4628 κεῖσθαι
1990 4571 2057 4628 Β.
