3269 5166
308 421 561 491 [essu]

443 1245 591 1305 9⁵11·

286 1661 424 1712 Heb.
441 1662 514 1711 iii.
537 1675 584 1711 α.

286 2028 409 2078 Mic.
432 2027 498 2080 vi.
526 2029 578 2080 8.

287 2399 337 2448 S.
357 2398 483 2478 buc.

286 2480 411 2514 xvu.
439 2476 484 2526 5.

286 3025 338 3074 S.
356 3023 549 3075 Matth.

286 3105 379 3205 ῗί).Ι
387 3127 442 3207 ’8.

399 3529 501 3564 ver.
524 3526 600 3565 10.

619 325 750 388 288
966 323 1046 387 B.
1087 321 1470 388 OYRILLI
1522 321 2061 387 ALEXANDR.
2114 320 2683 386 FRAGMENTA
2818 318 2928 384 xii.
2952 340 3020 404 9.

620 487 817 571 ὅπως
864 487 1158 592 ἄρχεται
1207 485 1341 587 μὲν
1377 486 1522 567 ἀπὸ
1568 495 1699 567 τοῦ
1741 487 2160 586 Πνεύματος
2196 490 2295 572 ὦς
2342 486 2546 570 ὄντος
2580 487 2658 565 ἐν
2692 486 2868 586 ἡμῖν
2903 487 3026 565 καὶ

620 610 753 712 τὴν
805 618 952 691 τῶν
1008 611 1215 692 θείων
1275 607 1749 715 χαρισμάτων
1802 613 2250 713 ἐνεργοῦντος
2316 608 2685 709 διανομήν·
2767 610 3026 703 ἀναβι-

619 734 866 829 βάσας
901 733 977 814 δὲ
1012 732 1142 814 τὸν
1178 734 1404 836 λόγον
1435 737 1552 814 ἐπὶ
1585 732 1714 813 τὸν
1747 731 1946 831 wan,
1986 733 2064 817 ὅς
2100 735 2300 812 ἐστιν
2332 730 2506 816 Υἱὸς
2542 730 2730 812 κατὰ
2768 731 3024 838 φύσιν,

622 856 896 938 ἄνεισιν
933 859 1117 937 οὕτω
1154 856 1416 937 λοιπὸν
1451 859 1566 936 ἐπὶ
1603 856 1731 936 τὸν
1769 856 2083 959 Πατέρα,
2119 853 2251 955 τὴν
2286 854 2403 935 διὰ
2437 864 2567 935 τοῦ
2595 854 3026 954 Πνεύματος

621 980 973 1083 ἐνέργειαν
1010 980 1126 1062 διὰ
1165 982 1396 1080 μέσου
1430 990 1560 1061 τοῦ
1598 986 1780 1060 Υἱοῦ
1815 980 2246 1083 προσνέμων
2280 980 2492 1086 αὐτῷ.
3054 1010 3090 1070 5

1032 1224 1293 1313 Ἐτὲρῳ
1347 1224 1419 1291 δὲ
1474 1223 1686 1291 πίστις
1738 1223 1809 1290 ἐν
1863 1226 1960 1309 τῷ
2014 1224 2195 1309 αὐτῷ
2239 1222 2588 1300 Πνεύματι.

737 1399 981 1483 nlo-m
1038 1399 1113 1476 ἐν
1159 1395 1431 1481 τούτοις
1489 1396 1592 1497 ε’ίη
1650 1395 1759 1494 ἂν,
1821 1395 2143 1499 καθάπερ
2198 1397 2486 1502 ἐγῷμαι,
2532 1393 2577 1492 ἡ
2632 1392 2820 1497 πρὸς
2874 1400 3027 1475 πᾶν

623 1520 858 1600 ὁτιοῦν
919 1527 1065 1600 τῶν
1124 1524 1417 1623 ἀγαθῶν
1482 1518 1845 1624 ἑδραιότης
1909 1523 2026 1601 καὶ
2082 1517 2183 1599 ὧν
2242 1518 2331 1598 ἂν
2394 1516 2738 1613 βούλοιτο
2800 1516 3018 1602 Θεός·

624 1641 864 1749 φαμὲν
899 1641 1041 1745 γὰρ
1077 1646 1263 1724 οὕτω
1312 1643 1645 1744 γενέσθαι
1687 1640 1955 1724 πιστὸν
2004 1652 2048 1689 “
2077 1645 2152 1722 ἐν
2188 1641 2341 1751 ὅλῳ
2376 1648 2481 1750 τῷ
2528 1641 2698 1750 οἴκῳ
2735 1642 2957 1722 αὐτοῦ
2976 1640 3021 1668 ”

623 1763 753 1845 τὸν
791 1767 1216 1872 ἱεροφάντην
1255 1767 1561 1847 Μωσέα·
1639 1769 1722 1846 οὐ
1768 1765 1910 1871 γὰρ
1944 1763 2027 1846 τὸ
2073 1769 2329 1871 χρῆναι
2371 1773 2763 1846 πιστεῦσαι
2797 1762 3025 1865 μόνον
3057 1791 3136 1831 10

626 1887 737 1969 ὅτι
792 1889 1011 1996 φύσει
1068 1894 1184 1970 καὶ
1237 1894 1526 1990 ἀληθῶς
1581 1888 1679 1975 εἷς
1734 1894 1893 1970 ἐστι
1943 1896 2089 1971 τῶν
2133 1889 2328 1970 ὅλων
2371 1889 2577 1986 Θεὸς,
2632 1891 2875 1976 πίστις
2930 1885 3027 1969 ἂν

628 2021 862 2094 νοοῖτο
903 2016 1018 2094 καὶ
1065 2013 1371 2117 λέγοιτο,
1414 2013 1614 2094 ἀλλὰ
1649 2012 1732 2093 τὸ
1771 2014 1848 2092 εὖ
1880 2013 2261 2114 βεβηκέναι
2299 2012 2481 2093 κατὰ
2518 2012 2793 2118 ψυχὴν,
2829 2023 2879 2060 “
2902 2017 3027 2093 καὶ

630 2147 673 2184 “
700 2137 981 2236 ἕτοιμον
1016 2134 1189 2217 εἶναι
1224 2145 1354 2217 τοῦ
1387 2137 1819 2240 πορεύεσθαι
1851 2136 2032 2234 μετὰ
2072 2138 2342 2239 Κυρίου
2375 2145 2504 2217 τοῦ
2542 2142 2736 2215 Θεοῦ
2756 2136 2798 2164 ”
2834 2134 3027 2216 κατὰ

628 2258 763 2360 τὴν
797 2269 927 2341 τοῦ
969 2259 1350 2366 προφήτου
1395 2259 1672 2365 φωνήν·
1749 2264 1865 2341 καὶ
1920 2269 2098 2361 γοῦν
2152 2266 2218 2340 οἱ
2274 2261 2652 2341 θεσπέσιοι
2704 2262 3026 2360 μαθηταὶ

628 2381 1053 2489 προσῄεσάν
1106 2418 1283 2465 ποτε
1338 2391 1442 2492 τῷ
1496 2389 1804 2492 Χριστῷ
1860 2383 2190 2487 λέγοντες
2245 2386 2561 2487 ἐναργῶς
2605 2394 2652 2431 “
2681 2380 3026 2488 Πρόσθες
3057 2411 3134 2472 15

630 2518 673 2555 “
711 2507 877 2607 ἡμῖν
945 2504 1262 2591 πίστιν.”
1357 2509 1625 2588 δίδοται
1700 2506 1776 2588 δὲ
1847 2504 2028 2610 πρὸς
2099 2507 2331 2616 τούτῳ
2406 2510 2524 2587 καὶ
2595 2510 3026 2616 χαρίσματα

626 2630 937 2737 ἰαμάτων
972 2633 1031 2712 ἔν
1066 2640 1160 2741 τῷ
1196 2632 1277 2712 ἑνὶ
1320 2629 1688 2739 Πνειίματι.
1760 2632 1885 2711 καί
1924 2667 2045 2730 μοι
2097 2629 2324 2712 πάλιν
2360 2630 2668 2735 ἐπιτήρει
2703 2639 3022 2717 λεπτῶς·

625 2762 754 2834 τοῦ
816 2754 960 2858 γὰρ
1015 2755 1432 2855 Πνεύματος
1490 2756 1839 2855 διανέμειν
1893 2754 2285 2858 λεγομένου
2346 2753 2437 2835 τὰ
2495 2761 2641 2834 τῶν
2699 2755 3029 2855 ἰαμάτων

627 2878 1063 2983 χαρίσματα,
1102 2875 1428 2981 Χριστός
1459 2880 1661 2959 ἐστιν
1696 2880 1735 2958 ὃ
1772 2878 2031 2963 διδούς·
2092 2879 2345 2960 δέδωκε
2397 2877 2540 2982 γὰρ
2587 2885 2737 2963 τοῖς
2792 2880 3027 2981 ἁγίοις

626 3000 1071 3086 ἀποστόλοις
1135 3011 1180 3048 “
1208 3001 1546 3109 ἐξουσίαν
1608 3001 1792 3083 κατὰ
1853 3000 2277 3101 πνευμάτων
2340 3003 2764 3103 ἀκαθάρτων
2827 3000 3025 3083 ὥστε
3054 3042 3133 3082 20

627 3135 671 3174 “
706 3122 1091 3221 ἐκβάλλειν
1126 3124 1375 3205 αὑτά·”
1424 3130 1538 3207 καὶ
1575 3122 1663 3227 δὴ
1698 3129 1811 3207 καὶ
1846 3127 2165 3231 ἔφασκεν
2199 3136 2243 3174 “
2268 3125 2777 3210 Ἀσθενοῦντας
2813 3132 3027 3229 θερα-

626 3258 670 3296 “
704 3248 972 3344 πεύετε,
1009 3253 1127 3328 καὶ
1183 3246 1468 3352 νεκροὺς
1504 3250 1822 3353 ἐγείρετε,
1861 3248 2169 3353 λεπροὺς
2226 3247 2647 3352 καθαρίζετε,
2692 3252 2810 3330 καὶ
2858 3255 3019 3330 δαι-

626 3382 670 3420 “
705 3371 916 3470 μόνια
961 3371 1376 3471 ἐκβάλλετε,
1416 3373 1685 3475 δωρεὰν
1719 3373 2033 3472 ἐλάβετε,
2074 3372 2344 3476 δωρεὰν
2381 3372 2607 3452 δότε.”
2681 3374 2904 3453 αὐτοῦ
2947 3372 3027 3453 δὲ

626 3496 712 3596 δὴ
745 3497 1032 3582 πάντως
1087 3499 1204 3577 καὶ
1253 3494 1346 3576 τὰ
1397 3503 1540 3576 τῶν
1595 3494 1926 3601 δυνάμεων
1964 3499 2402 3604 ἑνεργῆματα,
2437 3493 2635 3597 πλὴν
2668 3498 2745 3575 ἐν
2784 3495 3022 3577 Πνεύ-

622 3654 795 3717 ματι
838 3623 943 3729 τῷ
993 3621 1118 3701 ἑνί·
1197 3616 1347 3699 οἷον
1382 3618 1676 3726 ἕῤῥιψεν
1713 3621 1753 3698 ὁ
1792 3624 2080 3719 Μωσῆς
2114 3618 2246 3720 τὴν
2280 3616 2553 3723 ῥάβδον
2591 3625 2688 3704 εἶς
2725 3623 2869 3722 γῆν
2906 3624 3027 3700 καὶ
3056 3657 3132 3719 25

623 3742 915 3847 γέγονεν
951 3743 1138 3850 ὄφις,
1170 3742 1698 3842 μετεσκεύασεν
1733 3748 1829 3828 εἷς
1870 3741 2045 3843 αἷμα
2102 3742 2269 3828 τοὺς
2322 3741 2717 3842 ποταμοὺς,
2757 3742 3028 3850 ἐξήγα-

623 3902 749 3971 γεν
787 3870 975 3972 ὕδωρ
1012 3870 1092 3948 ἐκ
1147 3867 1427 3972 πέτρας·
1494 3867 1904 3948 τετελέκασι
1962 3865 2037 3947 δὲ
2090 3874 2411 3948 πλεῖστα
2465 3866 2611 3949 ὅσα
2666 3872 2786 3950 καὶ
2841 3869 3030 3974 πέρα

623 4058 923 4129 χαρίσματα
958 4058 1185 4127 ἷαμάτων
1212 4060 1264 4113 αἶ
1286 4065 1390 4115 τῶν
1421 4056 1591 4114 νόσων
1613 4058 1894 4128 θεραπεῖαι,
1919 4055 1980 4114 ἃς
2002 4060 2033 4112 ὁ
2055 4058 2285 4125 Χριστὸς
2308 4053 2392 4112 διὸ
2419 4061 2510 4113 τοῦ
2533 4058 2837 4128 Πνεῦματος
2869 4063 3029 4116 ποιεῖ·

625 4129 885 4198 δυνάμεων
908 4130 965 4183 δὲ
990 4129 1325 4201 ἐνεργήματα,
1349 4130 1484 4185 εἷσὶν
1505 4130 1558 4183 αἱ
1582 4129 1843 4196 θαυματου
1913 4128 1985 4183 ίαι
2009 4130 2093 4183 καὶ
2115 4130 2167 4183 αἱ
2192 4129 2506 4199 προφητεῖαι
2537 4129 2596 4183 δὲ
2628 4129 2714 4183 διὰ
2740 4134 2839 4184 τοῦ
2861 4132 3030 4186 Πνεῦ-

622 4221 799 4269 ματος.
849 4200 1132 4269 διακρίσεις
1166 4200 1223 4255 δέ
1252 4201 1552 4270 πνευμάτων
1574 4199 1709 4254 εἰσὶν
1742 4200 1804 4253 τὸ
1873 4198 2092 4255 υνασθαι
2127 4200 2483 4269 διαγινώσκειν
2513 4202 2658 4255 ποῖαι
2693 4201 3033 4256 διδασκαλίαι

625 4270 762 4325 εἶσιν
795 4271 1062 4339 αἷρετικῶν
1084 4272 1169 4325 καὶ
1200 4273 1427 4338 πλάνων,
1453 4270 1536 4324 καὶ
1564 4272 1709 4325 ποῖαι
1743 4274 1846 4324 τῶν
1868 4269 2034 4340 ὅρθως
2066 4272 2432 4325 πιστευόντων.
2480 4272 2781 4341 χαρίσματα
2807 4271 2950 4342 (sic)
2972 4273 3032 4328 δὲ

623 4341 685 4394 τὸ
707 4343 891 4395 λαλεῖν
911 4343 1186 4429 γλώσσαις
1210 4340 1370 4398 ἵδικον
1395 4341 1520 4429 (sif)
1546 4341 1629 4432 καὶ
1652 4340 1708 4395 ἐν
1730 4344 1890 4431 καιρῷ
1916 4343 1998 4432 καὶ
2021 4341 2336 4432 γρείᾳΙτισὶν
2358 4341 2686 4432 οἰκονομικῶς
2709 4342 2798 4408 (ut
2822 4344 3032 4429 p3289,

623 4412 683 4481 8)
732 4433 1156 4503 κεχορηγιῑμενον.
1209 4412 1366 4467 ἄλλοι
1414 4412 1470 4465 δε
1518 4432 1609 4465 ουκ
1652 4410 1875 4466 ε’λαλουν
1916 4414 2021 4466 αλλ
2076 4413 2351 4480 ἑρμηνευον
2388 4412 2455 4465 τὰ
2492 4432 2691 4481 ετεραις
2730 4414 3033 4482 λαλουμενα

621 4483 915 4609 γιλῷιιατιέαις·
946 4505 1033 4610 ἰεινε
1102 4487 1151 4540 εἲ
1173 4484 1230 4539 δὲ
1254 4483 1517 4555 διαφόρως
1541 4481 1596 4537 ἐν
1618 4482 1822 4553 ἑκάστῳ
1845 4483 1905 4538 τὸ
1931 4485 2140 4552 Πνεῦμα
2164 4482 2255 4551 τὴν
2275 4486 2380 4537 τῶν
2400 4483 2741 4553 χαρισμάτων
2766 4482 3032 4554 διανομήν..

624 4570 653 4614 β
700 4570 717 4607 l
833 4571 944 4609 eflm
1076 4595 1089 4609 -
