3269 5166
262 353 350 417 ix.
384 375 441 419 1.
780 353 885 418 IN
935 352 1459 419 EPISTOLAM
1511 351 1640 418 AD
1695 350 2165 416 ROMANOS.
2548 347 2676 412 223
2727 448 2748 513 [
2861 448 2981 513 M]

2774 461 2835 510 33
2925 486 2935 497 ·

277 643 638 708 Ἀλήθειαν
695 642 870 716 λέΓω
922 639 992 706 ὲν
1049 642 1323 728 Χριστῷ,
1379 639 1455 704 οὐ
1508 638 1858 721 ψεύδομαι,
1913 637 2492 726 συμμαρτυρούσιιε
2545 659 2654 712 μοι
2707 654 2863 730 Κεφ.
2897 648 2975 713 θ’.

1068 772 1188 832 τῆς
1243 765 1679 833 συνειδήσεώς
1733 788 1878 841 μου.
2710 782 2737 821 1
2773 781 2894 839 sqq.

380 955 834 1038 Ἀπόλεκτον
897 956 1030 1057 μὲν
1089 959 1388 1038 ἐποιεῖτο
1454 952 1643 1038 Θεὸς
1703 958 1778 1035 ἐν
1839 957 2089 1059 ἀρχαῖς
2153 952 2281 1033 τὸν
2343 948 2676 1054 Ἰσραὴλ,

269 1082 389 1161 καὶ
452 1078 541 1181 δὴ
598 1083 714 1160 καὶ
777 1076 1234 1183 πρωτότοκον
1295 1078 1515 1158 αὑτὸν
1575 1077 1942 1158 ἀπεκάλει·
2028 1077 2231 1156 ἀλλὰ
2287 1075 2677 1178 γεγόνασιν
2706 1091 2866 1205 ξζοᾶ-
2895 1092 2963 1139 iv.

205 1237 243 1296 5
272 1203 615 1307 ἀλαζόνες
672 1207 788 1284 καὶ
850 1206 1210 1308 ὑβρισταὶ,
1257 1205 1372 1282 καὶ
1421 1200 1506 1281 τὸ
1564 1201 1668 1281 ἔτι
1728 1202 2001 1281 τούτων
2057 1199 2376 1281 ἐπέκεινα
2436 1233 2672 1303 κυριο-
2776 1193 2788 1204 ’

270 1326 539 1409 κτόνοι·
601 1329 935 1435 ταύτῃτοι
981 1327 1411 1426 διολώλασι,
1466 1324 1817 1429 γεγόνασι
1865 1325 2009 1428 γὰρ
2052 1322 2511 1420 ἀπόπεμπτοι
2566 1326 2685 1402 καὶ

269 1452 775 1559 ε’ξερῥιμμένοι,
815 1457 930 1535 καὶ
984 1457 1112 1552 τῆς
1163 1449 1346 1554 πρὸς
1381 1450 1573 1531 Θεὸν
1629 1448 2054 1549 οἰκειότητος
2110 1454 2205 1532 εἶς
2255 1445 2448 1527 ἅπαν
2502 1449 2677 1525 ὠλι-

252 1577 649 1676 ·σθηκότες,
687 1576 1027 1658 τέθεινται
1065 1575 1368 1656 κατόπιν
1404 1578 1648 1656 ἐθνῶν·
1701 1573 2070 1679 πεφήνασι
2109 1570 2184 1652 δὲ
2224 1573 2339 1651 καὶ
2375 1575 2502 1670 τῆς
2538 1577 2683 1649 τῶν

270 1702 607 1804 πατέρων
658 1702 944 1786 ἐλπίδος
995 1697 1394 1801 ἀλλότριοι.
1475 1698 1715 1798 ἐπειδὴ
1767 1699 1841 1778 δὲ
1898 1700 1938 1778 ὃ
1989 1696 2334 1800 μακάριος
2383 1700 2682 1777 Παῦλος

166 1859 246 1899 10
272 1832 422 1906 τῶν
477 1827 685 1906 θείων
745 1825 1183 1927 εὐαγγελίων
1239 1822 1537 1904 τέθειται
1601 1820 2037 1927 λειτουργὸς,
2095 1823 2211 1900 καὶ
2280 1816 2679 1921 διεκήρυττε

272 1957 424 2033 τοῖς
476 1949 758 2029 ἔθνεσιν
793 1947 921 2029 τὸν
962 1949 1274 2048 Ἰησοῦν,
1313 1948 1460 2028 ἀνω
1511 1982 1589 2029 τε
1649 1951 1765 2028 καὶ
1815 1945 2006 2027 κάτω
2053 1942 2219 2030 τοὺς
2254 1944 2344 2051 ἐξ
2384 1943 2679 2041 αἵματος

198 2161 211 2170 ,
270 2074 586 2173 Ἰσραὴλ
626 2072 1213 2154 ἀποπεπτωκέναι
1269 2072 1526 2175 λέγων,
1566 2075 1682 2152 καὶ
1729 2067 1893 2156 τοὺς
1935 2072 2012 2150 ἐν
2047 2068 2292 2176 σκότῳ
2329 2065 2503 2148 ποτὲ
2562 2072 2679 2146 καὶ

272 2204 423 2276 τῶν
469 2198 851 2293 δαιμονίων
889 2194 1325 2300 θεραπευτὰς
1369 2195 1677 2297 κλητοὺς
1724 2196 2060 2299 γενέσθαι
2111 2193 2292 2273 κατὰ
2326 2190 2680 2296 πρόθεσιν

273 2325 393 2401 καὶ
448 2319 868 2424 πρόγνωσιν
924 2327 1114 2401 Θεοῦ
1171 2319 1793 2425 διισχυριζόμενος,
1829 2319 1946 2400 ἵνα
1999 2318 2100 2419 μή
2156 2352 2340 2401 τινες
2394 2316 2677 2396 οἴωνται

166 2481 244 2539 15
272 2450 422 2525 τῶν
477 2443 984 2549 ἀμαθεστέρων
1031 2449 1412 2549 μονονουχὶ
1462 2443 1802 2545 κειμένοις
1860 2445 1978 2524 καὶ
2033 2441 2474 2522 ἐνάλλεσθαι
2529 2449 2679 2523 τοῖς

271 2572 352 2650 ἐκ
388 2567 632 2673 γένους
670 2567 910 2663 αὐτὸν,
951 2573 1064 2650 καὶ
1101 2577 1459 2651 πεσοῦσιν
1494 2571 1907 2667 ἐπιμειδιᾶν,
1944 2567 2339 2669 ἀναγκαίαν
2375 2572 2678 2646 ποιεῖται

273 2695 409 2795 τὴν
452 2697 858 2799 ἀπολογίαν
894 2696 1015 2775 καί
1065 2702 1297 2800 φησιν
1332 2692 1681 2789 Ἀλήθειαν
1726 2691 1917 2796 λέγω
1955 2694 2014 2773 ἐν
2054 2689 2337 2800 Χριστῷ,
2379 2696 2447 2769 οὐ
2483 2685 2669 2798 ψεύ-

277 2814 523 2921 δομαι,
585 2822 700 2898 καὶ
754 2817 847 2899 τὰ
901 2819 1092 2927 ἑξῆς.
1176 2816 1376 2898 ἀλλὰ
1429 2826 1577 2902 τοῖς
1643 2816 1775 2915 μὲν
1832 2824 1926 2901 εἶς
1981 2825 2194 2896 τοῦτο
2249 2813 2680 2912 σκαιότητος

272 2941 888 3047 ἐκπεφοιτηκόσιν,
911 2946 1008 3027 ὦς
1043 2947 1168 3041 τῆς
1204 2948 1300 3027 εἷς
1329 2942 1521 3023 Θεὸν
1556 2941 1842 3047 ἀγάπης
1871 2944 2317 3033 ἀπολισθεῖν,
2345 2937 2679 3037 σκληράς

162 3097 247 3137 20
273 3100 352 3147 τε
390 3064 521 3150 τὰς
555 3068 670 3147 ἐπὶ
704 3067 932 3174 τούτῳ
970 3065 1231 3148 λοιπὸν
1266 3069 1660 3166 ἀνατλῆναι
1699 3068 1918 3163 δίκας,
1956 3062 2551 3165 ε’πιστυγνιίσειεν
2588 3060 2681 3138 ἄν

272 3217 402 3274 τις·
464 3193 580 3270 καὶ
616 3188 697 3271 τὸ
732 3192 810 3270 ἐκ
844 3193 1345 3298 φιλαλληλίας
1382 3194 1621 3276 αὐτοῖς
1657 3190 2043 3298 ε’πιστοῖξαι
2087 3186 2394 3289 δάκρυον
2445 3184 2548 3284 εἴη
2584 3183 2678 3264 ἀν

271 3315 358 3394 οὗ
402 3313 589 3418 πέρα
632 3311 877 3416 λόγου,
923 3322 1214 3412 μᾶλλον
1262 3314 1336 3397 δὲ
1383 3321 1509 3415 τῆς
1556 3312 1840 3419 ἀγάπης
1892 3314 2027 3413 τὴν
2068 3312 2457 3415 πλήρωσιν
2508 3311 2671 3416 ἔχει·

268 3436 357 3518 τό
401 3472 488 3541 γε
543 3437 631 3540 δὴ
680 3444 798 3518 καὶ
851 3437 1008 3547 ὑπὲρ
1042 3440 1279 3520 αὐτῶν
1315 3439 1627 3548 ἀνάθεμα.
1684 3437 1921 3519 θέλειν
1977 3436 2137 3518 εἶναι
2186 3435 2330 3517 ἀπὶ
2370 3438 2671 3545 Χριστοῦ,

269 3564 553 3667 μέτρων
599 3561 913 3643 ἐπέκεινα
959 3570 1105 3644 τῶν
1149 3564 1438 3667 ἀγάπης
1486 3563 1764 3645 λοιπόν·
1824 3564 1908 3643 οὐ
1964 3561 2107 3667 γὰρ
2148 3559 2241 3641 ἀν
2278 3558 2516 3639 ἕλοιτό
2567 3595 2678 3645 τις

166 3711 245 3771 25
272 3687 469 3788 εἴπερ
525 3687 725 3766 ἐστὶν
778 3688 855 3766 ἐν
913 3692 1116 3797 καλῷ
1175 3689 1459 3792 φρενὸς,
1518 3693 1647 3789 τῆς
1724 3685 1978 3791 ἑτέρων
2042 3687 2243 3765 ἕνεκα
2310 3686 2675 3786 σωτηρίας

269 3808 747 3913 προσκρούειν
786 3815 976 3918 Θεῷ,
1026 3815 1141 3891 καὶ
1196 3819 1558 3893 ποιεῖσθαι
1611 3812 1744 3911 μὲν
1779 3813 1946 3915 παρ’
2007 3807 2211 3890 οὐδὲν
2254 3807 2385 3908 τὴν
2421 3810 2678 3888 ἑαυτοῦ

268 3933 477 4039 ζωὴν,
515 3933 773 4036 ἑτέροις
809 3933 1039 4036 γεμὴν
1073 3935 1158 4015 τὸ
1195 3941 1440 4042 χρῆμα
1471 3939 1717 4016 ἐνεῖναι
1756 3937 1966 4016 ἑλεῖν.

337 4216 393 4271 3.
435 4199 551 4254 Ine.
589 4201 761 4255 Πάλιν
802 4199 859 4254 δὲ
900 4198 1095 4254 ἄνωθεν
1135 4200 1258 4255 καθ’
1300 4199 1483 4272 ἑτέραν
1526 4201 1779 4269 ἐπιβολὴν
1818 4200 1938 4269 περὶ
1980 4204 2082 4254 τῶν
2122 4196 2397 4267 εἰρημένων
2437 4193 2676 4264 εἴπωμεν.

264 4271 560 4326 ἀπόλεκτοι
585 4273 652 4324 Α.
853 4289 907 4337 4.
944 4271 1028 4324 καὶ
1051 4272 1140 4324 alt.
1167 4288 1277 4326 om.
1303 4272 1373 4327 Α.
1576 4289 1659 4338 14.
1697 4270 1902 4327 οἴωνται
1928 4272 1995 4325 Α.
2025 4270 2230 4339 Migne.
2255 4267 2448 4322 οἴονται
2478 4268 2542 4321 Β.
2574 4267 2676 4323 Ed.

274 4342 358 4397 18.
398 4339 730 4425 σκαιότητος]
766 4347 824 4404 4
853 4338 1048 4425 τρόπρν
1075 4341 1141 4396 Β.
1170 4341 1274 4398 Ed.
1655 4358 1742 4397 20.
1782 4341 2043 4434 fofmptA.
2067 4344 2222 4422 τοῦτο
2247 4338 2349 4392 Ed.
2458 4338 2602 4419 δι’κας
2625 4347 2676 4392 et

266 4409 2677 4623 {ggassfzsszsfffffffigggffiffifflimma-122⁹§wazffssztzssg‘ssssss2:

341 4597 354 4610 .
492 4577 553 4609 ου
893 4569 924 4606 2
968 4592 980 4607 .
1020 4575 1043 4607 ε
1084 4575 1148 4608 w
1183 4576 1234 4607 αι
1315 4594 1329 4609 .
