3269 5166
618 341 660 402 2
1138 337 1218 401 Β.
1266 336 1692 401 CYRILLI
1755 335 2337 401 ALEXANDR.
2600 331 2753 396 xvii.
2786 348 2886 407 22,
2915 346 3020 413 23.

615 498 902 602 προσὸν
939 501 1159 609 αὐτῷ·
1219 500 1309 602 ἦν
1358 501 1502 605 γὰρ
1555 506 1674 584 καὶ
1724 504 1926 584 ἔστιν
1969 506 2045 583 ἐν
2088 506 2338 609 μορφῇ
2389 502 2505 582 καὶ
2558 496 2844 597 ἰσότητι
2890 503 3025 575 τοῦ

623 623 935 726 Πατρός.
1041 626 1295 706 οὐκοῦν
1368 625 1746 728 ἐπειδήπερ
1818 629 1951 733 οὐχ
2026 625 2409 725 όμοούσιος
2482 629 2588 731 τῷ
2663 624 2832 727 Θεῷ
2904 621 3027 700 καὶ

628 751 889 849 Πατρῖ,
946 750 1116 827 ἀλλ’
1181 748 1342 829 οὐδὲ
1407 748 1669 829 ταύτὸν
1729 756 1827 835 εἰς
1890 748 2121 856 φύσιν
2169 750 2214 849 ἡ
2283 751 2361 829 ἐκ
2423 743 2759 851 γυναικὸς
2821 740 3032 849 σάρξ

621 875 844 968 ἐστιν,
903 873 1127 974 ἤγουν
1187 873 1609 976 ὁλοκλήρως
1673 876 1713 953 5
1774 876 1851 953 ἐκ
1916 877 2045 973 τῆς
2104 872 2460 975 παρθένου
2524 867 2714 966 ναὸς,
2774 900 3018 970 παρα-

564 1016 600 1059 0
624 997 898 1101 δεχθεὶς
961 994 1036 1076 δὲ
1101 993 1310 1103 ἅπαξ
1367 1003 1465 1081 εἷς
1527 1003 1750 1095 σῶμα
1813 1004 1943 1076 τοῦ
2002 996 2273 1099 Λόγου,
2330 991 2590 1076 λοιπὸν
2653 995 2751 1076 ὡς
2817 991 2893 1070 ἕν
2953 1023 3024 1070 τι
3055 1004 3095 1065 5

623 1117 1054 1220 λελόγισται
1105 1117 1248 1200 σὺν
1284 1122 1501 1228 αὐτῷ·
1564 1119 1664 1205 εἷς
1713 1119 1857 1223 γὰρ
1907 1122 1948 1201 5
1991 1118 2321 1222 Χριστὸς
2372 1122 2489 1199 καὶ
2537 1116 2635 1203 εἷς
2670 1115 2867 1212 Υἱὸς,
2907 1119 3028 1196 καὶ

622 1241 741 1323 ὅτε
778 1243 1074 1346 γέγονεν
1112 1245 1511 1348 ἅνθρωπος.
1581 1243 1916 1350 ταύτῃτοι
1965 1251 2219 1338 λαβεῖν
2257 1249 2517 1323 νοεῖται
2558 1239 2692 1340 τὴν
2728 1241 3020 1336 ἕνωσιν,

621 1370 1092 1473 παραδεχθεὶς
1140 1374 1238 1452 εἷς
1278 1377 1492 1449 τοῦτο
1528 1372 1645 1448 καὶ
1680 1367 1863 1469 μετὰ
1899 1367 2194 1470 σαρκὸς,
2230 1369 2358 1449 οὐκ
2401 1365 2712 1475 ἐχούσης
2748 1363 3028 1445 οἴκοθεν

622 1488 708 1571 τὸ
769 1490 846 1571 ἓν
901 1488 1076 1572 εἶναι
1131 1493 1317 1596 πρὸς
1375 1491 1588 1575 Θεόν.
1672 1497 1791 1573 καὶ
1848 1499 1907 1574 εἶ
1971 1492 2113 1597 χρή
2176 1526 2246 1572 τι
2308 1490 2851 1593 συντομώτερον
2907 1492 3028 1570 καὶ

621 1616 1084 1722 σαφέστερον
1129 1623 1366 1715 εἰπεῖν,
1406 1619 1636 1724 ἑαυτῷ
1689 1615 2031 1698 δεδόσθαι
2086 1618 2320 1723 φησὶν
2369 1617 2411 1696 5
2458 1612 2884 1717 Μονογενὴς
2937 1610 3025 1694 τὸ
3059 1636 3140 1677 ¹0

623 1737 831 1820 δοθὲν
865 1744 957 1846 τῇ
1003 1741 1145 1847 ἰδίᾳ
1195 1743 1441 1845 σαρκί·
1504 1741 1714 1823 δοθὲν
1751 1739 1829 1821 δὲ
1879 1738 1968 1841 δὴ
2017 1738 2308 1825 πάντως
2355 1738 2559 1844 παρὰ
2595 1735 2889 1842 Πατρός
2932 1738 3021 1817 δι’

624 1864 842 1944 αὐτοῦ
886 1868 963 1945 ἐν
1003 1864 1395 1964 Πνεύματι.
1476 1867 1517 1946 5
1566 1864 1711 1969 γὰρ
1762 1870 1891 1966 τῆς
1942 1863 2125 1967 πρὸς
2161 1863 2353 1945 Θεὸν
2389 1864 2711 1947 ἑνῶσεως
2758 1859 3029 1967 τρόπος

558 2004 601 2069 d
625 1988 759 2092 οὐχ
804 1988 1051 2092 ἑτέραν
1096 1989 1240 2095 ἔχει
1286 1990 1419 2090 τὴν
1464 1987 1633 2071 ὁδὸν
1678 1994 1795 2071 καὶ
1850 1994 1909 2070 εἶ
1957 1995 2190 2070 νοοῖτο
2239 1986 2461 2094 τυχὸν
2505 1990 2621 2069 ἐπὶ
2655 1992 3023 2089 Χριστοῦ,

625 2109 807 2193 καθὸ
840 2112 1126 2219 πέφηνέ
1149 2147 1228 2194 τε
1265 2116 1382 2193 καὶ
1419 2115 1936 2220 κεχρημάτικεν
1969 2113 2367 2216 ἅνθρωπος·
2431 2112 2684 2193 ἑνώσει
2716 2116 2807 2216 τῇ
2842 2108 3029 2213 πρὸς

623 2235 709 2316 τὸ
751 2242 1070 2335 Πνεῦμα,
1110 2236 1293 2319 κατὰ
1336 2237 1466 2319 τὸν
1510 2241 1822 2344 ἅῤῥητον
1866 2242 1995 2339 τῆς
2042 2236 2355 2319 συνόδου
2403 2235 2694 2341 τρόπον,
2730 2232 3020 2337 ἁγιαζο-
3060 2255 3137 2315 15

625 2359 840 2461 με’νης
876 2364 1103 2461 δῆλον
1138 2362 1248 2443 ὅτι
1283 2366 1412 2462 τῆς
1446 2363 1741 2468 σαρκὸς,
1770 2365 1956 2444 οὕτω
1982 2397 2059 2443 τε
2086 2360 2269 2466 πρὸς
2298 2362 2559 2443 ἕνωσιν
2595 2359 3029 2465 ἀσυγχύτως

627 2486 1161 2586 ἀναβαινούσης
1220 2487 1440 2589 αὐτῆς
1495 2486 1678 2593 πρὸς
1731 2486 1860 2568 τὸν
1916 2488 2110 2569 Θεὸν
2167 2485 2434 2589 Λόγον,
2491 2489 2610 2567 καὶ
2663 2485 2748 2565 δι’
2812 2484 3033 2564 αὑτοῦ

625 2610 813 2713 πρὸς
871 2610 1001 2690 τὸν
1061 2611 1376 2717 Πατέρα,
1443 2620 1797 2718 σχετικῶς
1861 2618 2087 2712 δῆλον
2145 2612 2255 2693 ὅτι
2320 2615 2439 2693 καὶ
2514 2613 2597 2692 οὐ
2671 2616 3025 2718 φυσικῶς.

627 2732 895 2835 ταύτην
945 2744 1331 2838 τοιγαροῦν
1379 2734 1515 2836 τὴν
1558 2735 1900 2817 δοθεῖσάν
1942 2773 2084 2844 μοι,
2129 2739 2382 2845 φησὶν,
2422 2733 2480 2815 ὦ
2528 2733 2777 2838 Πάτερ
2831 2733 3034 2839 παρὰ

627 2866 772 2939 σοῦ
818 2856 1031 2964 χάριν
1067 2893 1144 2940 τε
1192 2864 1315 2944 καὶ
1359 2856 1578 2969 δόξαν,
1617 2864 1846 2961 δῆλον
1891 2859 1967 2943 δὲ
2016 2861 2127 2942 ὅτι
2180 2859 2313 2962 τὴν
2349 2868 2477 2942 τοῦ
2530 2855 2591 2942 ’ἓν
2627 2857 2804 2941 εἶναι
2850 2856 3035 2961 πρὸς
3061 2892 3142 2932 20

626 2979 741 3080 σέ,
780 2977 1045 3065 δέδωκα
1081 2989 1306 3072 αὐτοῖς
1336 2983 1451 3066 ’ἵνα
1487 2986 1644 3066 ὦσιν
1681 2982 1743 3066 ἓν
1784 2983 2008 3072 καθῶς
2046 2990 2232 3091 ἡμεῖς
2272 2985 2353 3066 ἕν.

620 3107 631 3118 ”
744 3109 1310 3211 Προσενούμεθα
1364 3108 1496 3210 μὲν
1548 3107 1693 3215 γὰρ
1748 3108 2111 3210 ἀλλήλοις
2165 3109 2382 3210 ἡμεῖς,
2439 3108 2622 3190 κατὰ
2675 3105 2840 3192 τοὺς
2897 3108 3035 3209 ἤδη

628 3233 1256 3332 προαποδοθέντας
1308 3233 1641 3338 τρόπους·
1708 3234 2052 3334 ἑνούμεθα
2109 3233 2184 3314 δὲ
2239 3239 2356 3318 καὶ
2404 3239 2598 3342 Θεῷ.
2678 3235 2795 3315 καὶ
2853 3230 3038 3315 κατὰ

575 3395 610 3436 e
634 3354 790 3433 τίνα
826 3352 1057 3454 λόγον
1092 3353 1138 3455 ἢ
1177 3362 1353 3453 πῶς,
1389 3357 1874 3463 σαφεστάτην
1900 3359 2071 3459 ἡμῖν
2107 3361 2148 3439 5
2174 3358 2438 3460 Κύριος
2475 3357 2869 3458 ἐποιήσατο
2903 3354 3039 3456 τὴν

633 3475 1009 3583 ἐξήγησιν,
1047 3481 1164 3559 καὶ
1199 3482 1327 3578 τῆς
1363 3483 1615 3561 ἑαυτοῦ
1649 3484 2125 3566 διδασκαλίας
2162 3486 2477 3589 διαφανῆ
2517 3482 2868 3566 καθιστὰς
2905 3480 3038 3581 τὴν
3065 3510 3143 3570 25

622 3599 887 3716 ὄνησιν
919 3602 1109 3706 Ἐγῶ
1154 3608 1388 3709 φησιν
1423 3605 1483 3686 ἐν
1521 3610 1746 3693 αὐτοῖς
1802 3613 1922 3688 καὶ
1972 3604 2058 3687 cb
2097 3608 2158 3688 ἐν
2193 3608 2337 3711 ἐμοὶ
2377 3605 2490 3687 ’ἵνα
2526 3604 2649 3687 ὦσι
2687 3626 3030 3688 τετελειω-

632 3722 805 3829 μένοι
862 3734 953 3813 εἰς
1006 3724 1086 3808 ἕν.
1158 3729 1429 3832 γίνεται
1467 3728 1598 3829 μὲν
1634 3728 1778 3833 γὰρ
1815 3732 1891 3811 ἐν
1928 3732 2096 3832 ἡμῖν
2133 3732 2172 3810 5
2210 3730 2409 3830 Υἱὸς,
2445 3737 2871 3830 σωματικῶς
2907 3727 3041 3827 μὲν

633 3853 732 3935 ὡς
791 3850 1192 3954 ἅνθρωπος,
1254 3853 1955 3959 συνανακιρνάμενός
2022 3888 2099 3935 τε
2172 3857 2290 3935 καὶ
2364 3855 2876 3952 συνενούμενος
2949 3855 3036 3933 δι’

634 3975 965 4077 εὐλογίας
1007 3980 1135 4076 τῆς
1182 3983 1563 4080 μυστικῆς·
1622 3986 2117 4077 πνευματικῶς
2163 3978 2242 4060 δὲ
2287 3980 2378 4061 αὖ
2423 3976 2651 4060 πάλιν
2688 3983 2785 4064 ὡς
2822 3977 3037 4075 Θεὸς,

634 4103 727 4204 τῇ
799 4107 930 4179 τοῦ
1003 4103 1183 4182 ἰδίου
1245 4102 1669 4205 Πνεύματος
1732 4105 2044 4212 ἐνεργείᾳ
2105 4107 2220 4186 καὶ
2281 4102 2521 4209 χάριτι
2581 4101 2666 4183 τὸ
2728 4106 2807 4183 ἐν
2874 4103 3042 4202 ἡμῖν
3071 4133 3154 4190 3ο

297 4247 458 4302 1002
471 4245 542 4302 A.
577 4261 613 4300 a
636 4221 1027 4326 ἀνακτίζων
1061 4234 1342 4327 πνεῦμα
1378 4226 1563 4330 πρὸς
1599 4227 1983 4329 καινότητα
2019 4229 2220 4333 ζωῆς,
2256 4232 2374 4308 καὶ
2412 4233 2539 4328 τῆς
2585 4228 2777 4311 θείας
2822 4228 3044 4308 αὑτοῦ

636 4344 927 4453 φύσεως
983 4348 1356 4435 κοινωνοὺς
1410 4352 1782 4438 καθιστάς.
1858 4352 2269 4453 σύνδεσμος
2325 4353 2451 4433 οὖν
2506 4351 2649 4457 ἄρα
2705 4355 2832 4451 τῆς
2888 4350 3040 4433 ἑνό-

847 4567 899 4622 6.
938 4570 1020 4623 καὶ
1044 4572 1134 4628 alt.
1158 4584 1496 4645 assumptum
1521 4594 1587 4632 ex
1613 4575 1680 4632 E.
2215 4579 2302 4632 28.
2340 4575 2735 4648 συνωνούμενος
2761 4576 2826 4632 Ε.
