3269 5166
238 350 353 415 xii.
383 372 445 435 9.
642 352 750 417 IN
802 352 935 417 ΕΡ.
977 352 1034 417 Ι.
1089 351 1216 416 ΑΙ)
1270 349 1857 417 CORINTHIOS.
1945 349 2120 414 LIB.
2162 345 2244 411 V.
2511 346 2641 410 289
2695 446 2929 512 [66M]

239 514 476 618 λόγου
530 522 648 598 καὶ
705 518 1064 618 θαύματος
1121 524 1187 598 οἱ
1240 515 1572 622 μακάριοι
1617 510 2010 625 προφῆται·
2072 525 2297 605 ταῦτα
2343 514 2421 596 δὲ
2464 513 2645 597 εἶναι’

237 647 485 745 φαμεν
518 641 611 721 τὰ
664 650 810 723 τῶν
846 639 1243 750 δυνάμεων
1217 645 1637 751 ενεργῆμαται
1687 644 1771 722 δι’
1813 640 1967 727 ἑνὸς
2015 650 2144 721 τοῦ
2191 639 2633 740 Πνεύματος·

237 763 445 844 ἀλλὰ
499 770 617 846 καὶ
669 768 1104 875 προφητεύει
1158 802 1265 852 τις
1314 767 1572 870 ἕτερος,
1627 765 1829 866 πλὴν
1876 768 1960 846 οὐ
2010 766 2176 871 δίχα
2226 773 2352 846 τοῦ
2393 764 2628 845 Πνεύ-

235 919 489 988 ματος·
566 890 708 996 ἔχει
757 890 839 971 δέ
886 926 994 975 τις
1046 894 1163 971 καὶ
1214 888 1581 997 διακρίσεις
1615 891 2033 997 πνευμάτων,
2069 888 2265 988 πλὴν
2320 892 2396 969 ἐν
2444 891 2637 997 αὐτῷ

166 1035 204 1093 5
236 1018 345 1119 τῷ
403 1013 794 1113 Πνεύματι·
865 1015 1088 1094 ποίων
1145 1012 1221 1094 δὲ
1273 1012 1715 1111 πνευμάτων,
1773 1013 2038 1115 ε’ίρηται
2090 1010 2462 1115 πρότερον·
2534 1016 2638 1092 δι-

240 1134 444 1215 δόναι
494 1135 720 1238 γεμὴν
758 1141 874 1217 καὶ
911 1137 1170 1240 ἑτέροις
1209 1135 1640 1241 ἰσχυρίζεται
1676 1135 1760 1215 τὸ
1800 1134 2048 1216 εἰδέναι
2086 1132 2235 1238 γένη
2278 1136 2636 1238 γλωσσὶὖν,

241 1262 363 1339 καὶ
398 1259 638 1358 μέντοι
688 1265 804 1341 καὶ
851 1262 1209 1368 ἑρμηνείας·
1291 1258 1621 1365 χάρισμα
1659 1258 1734 1338 δὲ
1768 1256 1981 1340 τοῦτό
2025 1265 2264 1366 φαμεν
2306 1260 2485 1340 ἴδιον
2521 1265 2639 1339 καὶ

238 1386 318 1463 ἐν
356 1390 578 1492 καιρῷ
615 1390 730 1466 καὶ
769 1386 970 1492 χρείᾳ
1001 1388 1198 1464 τισὶν
1235 1389 1690 1484 οἰκονομικῶς
1728 1381 2321 1487 κεχορηγημένον.

352 1508 570 1587 Ἀλλ’
631 1506 887 1608 οἱμὲν
939 1516 1095 1593 ταῖς
1151 1507 1537 1610 γλώσσαις
1593 1507 1932 1603 ἐλάλουν,
1993 1508 2219 1586 καίτοι
2279 1508 2450 1609 πρὶν
2510 1508 2638 1586 οὐκ

125 1668 149 1707 1
162 1667 205 1707 0
236 1627 498 1714 εἰδότες
543 1631 783 1730 αὐτὰς,
821 1638 887 1712 οἱ
933 1630 1007 1712 δὲ
1044 1637 1378 1733 συνῆσαν
1415 1628 1977 1737 διερμηνεύοντες
2024 1632 2250 1711 καίτοι
2285 1626 2517 1711 πάλαι
2552 1629 2636 1709 τὸ

234 1752 361 1838 οὖς
398 1755 528 1834 οὐκ
575 1756 864 1858 ἐντριβῆ
901 1790 981 1837 τε
1017 1760 1134 1836 καὶ
1169 1759 1245 1837 ἐν
1281 1754 1420 1838 ἔθει
1475 1762 1621 1835 τῶν
1669 1754 2008 1836 τοιούτων
2043 1753 2358 1860 ἐχόντων
2400 1760 2635 1834 τινῶν·

232 1874 580 1957 δεδόσθαι
611 1878 839 1980 γεμὴν
866 1881 908 1959 ὁ
936 1881 1323 1964 θεσπέσιος
1353 1885 1651 1963 Παῦλος
1687 1886 1833 1964 τοῖς
1870 1913 1954 1958 το
1990 1879 2317 1980 τηνικάδε
2354 1883 2633 1983 διισχυ-

232 1999 499 2103 ρι’ζεται
552 2036 638 2082 το
696 2003 1080 2106 γλώσσαις
1129 2011 1403 2101 λαλεῖν,
1439 2038 1574 2108 ουχ
1629 2006 1726 2087 ὡς
1782 2005 1856 2082 ἐν
1895 2005 2112 2109 μοίρᾳ
2165 2002 2632 2158 χαρίσματος,
2662 2030 2746 2086 67
2777 2027 2872 2084 Μ.

236 2126 548 2209 ἀλλ’ὡς
585 2129 661 2206 ἐν
697 2126 897 2233 τάξει
934 2129 1233 2227 σημείου
1267 2134 1415 2212 τοῖς
1451 2134 1761 2210 πιστοῖς·
1824 2131 1940 2206 καὶ
1975 2124 2063 2225 δὴ
2101 2129 2217 2205 καὶ
2267 2132 2631 2233 προφητι-

123 2277 205 2338 15
236 2283 370 2328 κον
416 2249 780 2353 παρετίθει
834 2251 1083 2353 λόγιον
1133 2253 1356 2334 οὕτως
1412 2249 1577 2355 ἕχον
1637 2260 1680 2297 “
1704 2249 1883 2331 Ὅτι
1940 2252 2015 2328 ἐν
2064 2249 2637 2352 ἑτερογλώσσοις
2664 2280 2810 2328 Infra
2832 2280 2936 2328 xiv.

238 2382 285 2419 “
322 2375 441 2452 καὶ
497 2376 575 2452 ἐν
605 2375 930 2478 χείλεσιν
976 2374 1236 2476 ἑτέροις
1293 2372 1606 2475 λαλήσω
1663 2380 1765 2481 τῷ
1821 2379 1979 2482 λαῷ
2033 2375 2284 2482 τούτῳ,
2323 2376 2437 2452 καὶ
2485 2374 2633 2452 οὐδ’
2667 2360 2745 2394 ²¹⁶

238 2505 285 2543 “
322 2497 420 2580 ὡς
485 2496 1084 2577 πιστεύσουσιν.”
1174 2501 1447 2602 ἐνεργεῖ
1508 2497 1584 2577 δὲ
1649 2497 2009 2604 διαφόρως
2073 2500 2146 2576 ἐν
2211 2495 2498 2604 ἑκάστῳ
2553 2494 2639 2575 τὸ

239 2625 548 2720 Πνεῦμα
599 2620 733 2721 τὴν
777 2628 924 2702 τῶν
977 2621 1448 2727 χαρισμάτων
1504 2621 1867 2722 διανομήν.
1947 2622 2064 2701 ἵνα
2118 2618 2388 2722 ὥσπερ,
2428 2625 2639 2727 φησὶ,

237 2742 326 2824 τὸ
363 2744 564 2850 παχὺ
601 2743 689 2845 δὴ
728 2754 938 2825 τοῦτο
977 2749 1091 2826 καὶ
1129 2744 1274 2825 ἀπὸ
1311 2749 1446 2846 γῆς
1480 2752 1699 2842 σῶμα
1750 2743 2187 2844 συνέστηκεν
2224 2747 2301 2824 εἰ(
2348 2745 2639 2845 μορίων,

122 2905 206 2944 20
237 2869 431 2948 οὕτω
481 2870 596 2947 καὶ
641 2869 681 2947 ὁ
717 2867 1041 2972 Χριστὸς
1089 2868 1247 2968 ἤτοι
1290 2904 1375 2948 το
1424 2875 1647 2985 σῶμα
1697 2870 1936 2966 αὐτοῦ,
1974 2869 2346 2948 τουτέστιν
2391 2868 2435 2967 ἡ
2471 2870 2641 2946 Ἐκ-

238 2992 541 3091 κλησία,
580 2991 696 3072 διὰ
749 2998 1035 3092 πολλῆς
1094 2994 1318 3095 ἁγίων
1361 2982 1688 3093 πληθύος
1735 2998 1830 3076 εἷς
1873 2989 2171 3091 ἑνότητα
2214 2988 2344 3089 τὴν
2382 2988 2640 3088 νοητὴν

236 3113 690 3214 τελεωτάτην
746 3150 887 3220 εχει
942 3115 1074 3216 τὴν
1129 3116 1524 3196 σύστασιν.
1605 3116 1939 3221 ταύτῃτοι
1996 3118 2110 3195 καὶ
2168 3115 2208 3192 ὃ
2254 3111 2640 3195 θεσπέσιος

237 3242 514 3317 Δαυειδ
548 3239 1062 3341 περιεστάλθαι
1099 3242 1329 3345 φησιν
1366 3239 1585 3339 αὐτὴν
1620 3250 1664 3287 “
1692 3241 1767 3318 ἐν
1807 3243 2166 3346 ιματισμῷ
2205 3233 2633 3343 διαχρύσω”
2662 3264 2746 3313 Pe.
2766 3264 2885 3315 xliv.

233 3362 946 3471 περιπεποικιλμένῳ,
993 3362 1077 3442 τὸ
1132 3369 1277 3441 τῶν
1332 3361 1804 3467 χαρισμάτων
1854 3397 2047 3460 οιμαι
2099 3358 2465 3443 πολυειδες
2521 3362 2638 3439 καὶ
2667 3343 2741 3378 ¹⁰

122 3517 201 3577 25
234 3486 479 3586 τίμιον
514 3489 612 3568 ὡς
642 3486 716 3565 ἕν
753 3521 838 3586 γε
876 3486 1105 3594 τούτῳ
1144 3521 1540 3585 σημαινων.

342 3605 522 3688 Ὅτι
551 3609 788 3690 τοίνυν
824 3610 1134 3710 ἔμελλον
1171 3616 1232 3690 οἱ
1272 3615 1399 3710 τῆς
1435 3611 1555 3716 ὑφ’
1588 3608 1772 3716 ἡλίω
1813 3611 2283 3712 μυσταγωγοὶ
2319 3608 2640 3713 γλώσσῃ

314 3826 475 3881 9-22.
503 3810 654 3866 Haec
678 3813 805 3866 citat
828 3822 880 3867 et
900 3813 1139 3869 Oatena
1125 3833 1182 3869 m
1208 3813 1651 3908 Praxapostolum
1673 3813 1927 3867 Cramero
1952 3812 2093 3868 edita
2116 3831 2144 3866 e
2164 3811 2485 3868 Cod.cois1
2512 3833 2638 3869 xxv.

238 3881 336 3935 sol.
364 3897 423 3934 11
401 3899 489 4021 viv
577 3900 702 3936 uem
726 3901 756 3936 c
781 3883 1013 3974 signavi]
1053 3895 1106 3939 et
1129 3883 1249 3939 cod.
1278 3885 1503 3955 Collegii
1529 3884 1673 3938 Novi
1696 3884 1806 3938 lviii
1817 3883 1988 3975 ‘apud
2007 3883 2338 3938 oxonienses
2381 3883 2565 3974 [qpem
2603 3885 2641 3938 d

598 3955 746 4007 tulus
759 3954 905 4007 Τοῦ’
878 3955 1028 4025 αγίου
1042 3955 1334 4026 κυρίλλου’
1306 3977 1361 4009 εκ
1379 3958 1470 4023 τῆς
1493 3955 1757 4025 ερμηνείας
1779 3956 1871 4023 τῆς
1893 3954 2024 4021 πρὸς
2049 3954 2332 4048 κορινθίους
2354 3977 2387 4007 α
2427 3976 2639 4008 επιστο-

236 4024 337 4091 λῆς
359 4024 522 4091 τόμον
548 4021 601 4076 Β’
630 4021 761 4095 [sic]
790 4040 840 4077 c.
1094 4043 1174 4080 10.
1213 4047 1261 4078 οι
1285 4027 1342 4079 δε
1368 4044 1415 4080 c.
1419 4025 1472 4081 d.
1496 4027 1577 4078 καὶ
1604 4026 1672 4078 A.
1697 4024 1798 4078 Ed.
1911 4023 2058 4078 Haec
2083 4026 2142 4078 τὸ
2168 4023 2254 4079 οὖς
2278 4033 2330 4078 et
2354 4026 2438 4078 ε’ντ
2434 4027 2559 4094 ρῆιβ
2584 4047 2643 4079 τε

235 4094 323 4146 καὶ
350 4103 690 4147 accesserunt
708 4112 774 4147 ex
799 4111 845 4148 c.
851 4092 904 4148 (1.
1070 4111 1152 4149 11.
1179 4095 1206 4148 ε’
1204 4099 1403 4165 χόντων
1426 4102 1576 4150 τινῶν
1598 4114 1644 4149 (3.
1651 4095 1712 4150 (1.·
1727 4094 1870 4150 ὄντες
1892 4095 2081 4164 φωνῶν
2104 4095 2172 4148 Α.
2199 4094 2303 4149 Ed.
2468 4110 2548 4148 12.
2579 4098 2641 4149 τὸ

232 4163 474 4231 τηνικάδε
529 4166 647 4218 τότε
672 4167 764 4233 τὴν
825 4165 939 4233 (ἱριν
961 4164 1017 4218 (1.
1042 4187 1187 4234 τοτη
1278 4167 1364 4220 lus
1390 4165 1608 4220 dimidia
1630 4166 1771 4220 linea
1793 4166 1986 4220 lacuna
2009 4183 2055 4220 (3.
2434 4182 2639 4231 Ι4.πι·

234 4235 391 4289 στοῖς
414 4233 484 4287 ha
552 4243 614 4288 nt
638 4186 733 4288 Am
710 4253 756 4289 c.
890 4236 952 4304 δὴ
924 4236 1025 4304 ὴ.(3
1030 4234 1084 4290 (1.
1110 4257 1189 4289 τοι
1192 4189 1318 4291 νᾶ.
1390 4234 1737 4328 προφητικὸν]
1757 4237 2133 4326 προτρεπτικὸν
2157 4253 2202 4288 (3.
2208 4234 2262 4289 (1.
2426 4235 2507 4291 16.
2532 4238 2640 4289 ἑτε-

232 4304 545 4393 ροχείλεσιν
568 4322 667 4374 pro
692 4305 749 4359 ἐν
768 4327 824 4375 χ.
850 4307 926 4360 ἑτ.
952 4323 998 4360 (3.
1003 4305 1058 4360 (1.
1374 4322 1456 4377 17.
1494 4309 1563 4362 ὡς
1585 4328 1969 4361 πιστευσουσιν
2022 4305 2181 4361 οὕτως
2208 4305 2568 4361 πιστεύσωσιν
2591 4324 2639 4360 c.

246 4373 391 4429 18.”
368 4373 429 4427 uv'
455 4390 503 4427 c.
863 4393 950 4429 22.
987 4377 1313 4443 τελειοτάτην
1336 4396 1381 4432 (3.
1387 4378 1440 4431 (1.
1549 4378 1659 4447 ἔχει
1685 4395 1730 4430 (3.
1737 4377 1790 4430 (1.
1814 4377 1926 4446 ἔχοι
2005 4377 2058 4430 d.
2131 4398 2394 4431 συστασιν
2418 4375 2527 4429 des.
2533 4395 2578 4429 c.
2584 4375 2638 4427 d.

240 4460 330 4511 24.
365 4448 772 4513 περιπεποικιλμ
734 4444 868 4527 μένῳ
892 4445 1167 4501 emendavi
1195 4458 1314 4516 post
1340 4447 1545 4518 Migne.
1569 4447 2027 4536 περιεποικιλμένῳ
2052 4448 2119 4499 Α.
2150 4447 2278 4500 Mai.
2481 4446 2638 4513 26-p.

240 4530 480 4639 Ξτ9οάῐ9.
524 4513 675 4570 Haec
700 4515 858 4570 nobis
884 4517 1229 4588 suppeditant
1253 4535 1299 4572 c.
1305 4516 1357 4571 (1.
1384 4519 1464 4571 καὶ
1490 4517 1599 4587 μετ’
1624 4518 1780 4587 ὀλίγα
1806 4518 2172 4586 praemittente
2197 4515 2250 4571 d.
2368 4514 2451 4568 26.
2490 4515 2566 4568 ὅτι
2593 4532 2639 4566 c.

303 4607 327 4638 ἐ

328 4685 472 4730 vm..
506 4686 610 4732 111.
1406 4689 1440 4732 Ρ
1472 4694 1513 4754 p
