3269 5166
392 431 648 497 [75M·]

363 532 527 596 Supra
547 550 649 584 vor.

371 611 447 661 25.

362 743 439 791 Cf.
463 745 516 792 iu
540 745 590 793 S.

361 809 513 857 Joan.
533 824 627 872 33²

364 889 470 938 Sqq.

359 3234 463 3312 8351
465 3250 577 3284 oan.

359 3316 447 3349 ιιι.
473 3315 552 3361 31.

701 335 830 399 306
1048 336 1127 400 B.
1170 335 1545 400 CYRILLI
1597 334 2123 399 ALEXANDR.
2175 334 2744 399 FRAGMENTA
2863 354 2966 395 xv.
2987 330 3073 394 28.

1403 499 1426 526 ἱ

703 509 927 600 λητον
985 508 1091 608 τῷ
1144 504 1301 608 Υὶῷ
1355 535 1438 580 το
1503 511 1547 547 “
1571 499 1709 580 ὑπὸ
1771 496 1936 583 τοὺς
1993 497 2222 583 πόδας
2285 501 2502 579 αὑτοῦ
2563 502 2857 597 τεθῆναι
2926 492 3070 576 τοὺς

702 632 746 669 “
772 624 1068 727 ε’χθροὺς
1104 622 1383 721 αὑτοῦ,”
1424 624 1491 702 εἴ
1520 657 1605 723 γε
1643 631 1768 703 νῦν
1800 622 1931 722 μὲν
1957 622 2480 722 συμβασιλεύει
2507 626 2610 729 τῷ
2639 624 2905 723 Πατρὶ,
2934 616 3074 699 τότε

700 745 776 827 δὲ
831 751 956 845 τῆς
1010 747 1391 842 βασιλείας
1444 747 1786 826 ἐκπίπτει.
1860 746 2051 844 ὅμως
2100 746 2232 825 κᾶν
2289 746 2780 827 ὑποτάσσεται
2836 746 2880 824 5
2921 741 3076 824 Υἱὸς

697 876 801 977 τῷ
840 874 1075 973 Πατρὶ
1132 872 1216 949 οὑ
1263 870 1446 950 κατὰ
1499 878 1713 949 τοῦτο
1767 871 2001 969 ἥττων
2043 872 2199 949 ἐστὶ
2254 878 2383 950 τοῦ
2423 868 2733 974 Πατρός·
2805 865 2897 948 τὸ
2952 865 3077 968 γὰρ

696 998 825 1093 τῆς
886 995 1251 1095 ὑποταγῆς
1315 999 1576 1099 χρῆμα,
1640 994 1723 1072 οὑ
1788 993 2079 1097 φύσεως
2145 996 2262 1072 καὶ
2324 994 2576 1079 οὐσίας
2640 992 2807 1096 ὅρος
2869 995 3126 1098 ἐστὶνρ

695 1116 897 1196 ἀλλὰ
958 1116 1384 1218 πράγματος
1455 1117 1875 1221 ὑπεμφαίνει
1939 1116 2232 1217 τρόπον.
2315 1123 2375 1196 εἰ
2439 1118 2716 1217 γένοιτο
2789 1122 2916 1196 καὶ
2981 1116 3077 1220 ἐφ’

695 1241 899 1339 ἡμῶν
942 1243 1076 1346 οὑχ
1112 1241 1592 1344 ἑτεροουσίους
1647 1238 1858 1323 ὄντας
1912 1239 2266 1338 ἀλλήλοις
2322 1241 2728 1347 ἀποφαίνει·
2810 1239 3076 1330 πόθεν;

697 1362 1161 1444 ὑποτάττεται
1237 1361 1379 1466 γὰρ
1449 1363 1667 1463 πατρὶ
1739 1362 1870 1460 μὲν
1935 1364 1974 1441 5
2039 1360 2204 1458 υἱὸς,
2267 1361 2588 1468 δεσπότῃ
2654 1361 2730 1443 δὲ
2810 1365 3078 1456 δοῦλος,

696 1485 1115 1595 διδασκάλῳ
1172 1486 1248 1566 δὲ
1303 1484 1646 1585 μαθητὴς,
1684 1484 2051 1593 ἡγουμένῳ
2087 1485 2178 1565 δέ
2216 1519 2324 1569 τις
2379 1492 2522 1565 τῶν
2556 1485 2696 1565 ὑπὸ
2731 1494 2946 1590 χεῖρα
2981 1490 3080 1565 καὶ

695 1610 1245 1713 ὑπεζευγμένων.
1309 1611 1478 1688 ἀλλ’
1539 1605 1743 1688 οὐδὲν
1806 1611 1883 1687 ἐν
1936 1607 2211 1694 τούτοις
2267 1612 2308 1688 5
2357 1613 2485 1708 τῆς
2532 1609 3152 1711 όμοουσιότητοςῑῡ

694 1735 1029 1812 ἀδικεῖται
1078 1734 1321 1835 λόγος·
1392 1734 1533 1813 εἰσὶ
1579 1730 1725 1832 γὰρ
1767 1730 2122 1832 ἀλλήλοις
2170 1734 2524 1830 ὁμοειδεῖς,
2562 1729 2696 1812 κᾶν
2732 1737 2793 1812 εἶ
2837 1743 3082 1813 τοῦτον

695 1855 921 1960 ἔχοιεν
974 1854 1100 1936 τὸν
1145 1855 1432 1959 τρόπον,
1472 1853 1772 1938 ε’ίκοντές
1827 1890 1902 1934 τε
1958 1853 2311 1953 ἀλλήλοις
2366 1859 2483 1935 καὶ
2538 1854 3080 1955 ὑποταττόμενοι

694 1984 810 2060 καὶ
846 1979 931 2060 τὸ
980 1979 1081 2079 μὴ
1126 1982 1253 2060 οὑκ
1289 1978 1742 2081 ἀτιμάζοντες
1793 1977 1909 2058 διά
1961 1975 2046 2058 τὸ
2096 1978 2490 2086 σύμφερον.
2553 1980 2636 2059 τὸ
2684 1980 2934 2060 τοίνυν
2979 1984 3081 2060 καὶ

690 2104 804 2208 ἐφ’
843 2103 1043 2202 ἡμῶν
1079 2106 1433 2184 ἀσθενοῦν
1474 2109 1629 2186 πῶς
1676 2103 1791 2183 ἐπὶ
1829 2108 2021 2182 Θεοῦ
2065 2104 2534 2206 κρατύνουσιν
2568 2137 2588 2201 ;
2647 2109 2706 2182 εἶ
2756 2102 2909 2208 γὰρ
2945 2103 3075 2208 φύ-

692 2260 880 2309 σεως
907 2226 1168 2327 ἰδιότης
1195 2226 1353 2325 ἤτοι
1375 2226 1636 2329 με’τρον
1665 2224 1852 2307 καθά
1888 2234 2080 2331 φασι
2115 2225 2199 2306 τὸ
2231 2226 2763 2307 ὑποτάττεσθαί
2792 2230 2956 2309 ἐστι
2991 2230 3154 2333 rq315

693 2351 881 2455 Υἶῷ,
921 2347 1007 2428 τὸ
1039 2347 1140 2449 μὴ
1178 2347 1706 2429 ὑποτάττεσθαι
1743 2349 2036 2454 φύσεως
2071 2348 2309 2451 ἑτέρας
2345 2346 2606 2447 ἰδιότης
2639 2351 2842 2430 ἐστὶν
2877 2353 3080 2458 αὑτῷ,

692 2469 883 2575 τάχα
934 2506 1077 2551 που
1132 2472 1216 2551 τὸ
1270 2471 1559 2570 ἄμεινον
1611 2470 1782 2574 παρ’
1821 2473 2090 2571 ἐκείνην
2125 2472 2461 2576 ἐχούσης,
2504 2474 2699 2577 εἴπερ
2756 2477 2968 2554 ἐστὶν
3015 2476 3082 2552 ἐν

691 2596 974 2694 μείοσιν
1019 2596 1063 2693 ἦ
1116 2594 1466 2697 ὑποταγή·
1541 2601 1995 2694 οἰκονομικῶς
2047 2594 2189 2699 γὰρ
2228 2595 2689 2677 ὑποτάττεται
2744 2599 2833 2677 δι’
2877 2599 3077 2699 ἡμᾶς.

694 2718 735 2796 5
804 2716 880 2797 δὲ
953 2725 1100 2798 τῶν
1162 2721 1398 2821 ῥητῶν
1460 2721 1708 2802 οὕτως·
1800 2718 2037 2817 ἐπειδὴ
2103 2720 2142 2799 5
2216 2720 2590 2824 ἅνθρωπος
2665 2721 3081 2825 ἁμαρτήσας

695 2841 986 2944 γέγονεν
1024 2839 1159 2922 ὑπὸ
1197 2840 1482 2948 φθορὰν
1518 2845 1636 2922 καὶ
1676 2839 1814 2923 ὑπὸ
1849 2851 1976 2923 τοῦ
2013 2843 2361 2938 διαβόλου
2397 2848 2516 2924 καὶ
2552 2851 2696 2924 τῶν
2733 2844 3081 2945 δαιμόνων
3100 2866 3158 2908 ²0

694 2964 1023 3051 ἀποστὰς
1059 2972 1190 3045 τοῦ
1226 2964 1448 3073 φύσει
1487 2971 1700 3063 Θεοῦ,
1731 2967 1982 3068 γέγονε
2019 2968 2105 3046 δι’
2137 2966 2322 3067 ἡμᾶς
2358 2967 2731 3068 ἅνθρωπος
2769 2970 2810 3048 5
2840 2975 3082 3048 Μονο-

695 3089 906 3192 γενὴς
941 3094 1058 3170 καὶ
1109 3089 1507 3193 κατήργηκε
1558 3097 1687 3168 τοῦ
1722 3089 2032 3169 θανάτου
2068 3090 2153 3170 τὸ
2205 3090 2492 3195 κράτος,
2534 3091 2743 3197 ἐξῆρε
2791 3095 2912 3172 καὶ
2957 3089 3079 3191 τὴν

699 3222 827 3293 τοῦ
870 3214 1181 3294 θανάτου
1228 3213 1425 3316 ῥίζαν
1477 3208 1610 3311 τὴν
1655 3213 2028 3315 ἁμαρτίαν,
2074 3214 2375 3321 ἐξέβαλε
2428 3213 2553 3294 τὸν
2595 3215 2915 3321 ἄρχοντα
2959 3221 3078 3295 τοῦ

700 3339 951 3419 αἰῶνος
1000 3336 1280 3416 τούτου.
1362 3343 1586 3417 ταῦτα
1646 3333 1723 3415 δὲ
1781 3335 2022 3415 πάντα
2083 3336 2486 3439 πεποιηκὼς
2544 3340 2662 3419 καὶ
2717 3343 2846 3438 τῆς
2908 3338 3076 3438 ὅλης

696 3458 1097 3555 οἰκονομίας
1139 3458 1858 3561 συμπεπερασμένης,
1893 3463 2346 3563 παραδίδωσι
2387 3462 2717 3541 τουτέστι
2752 3494 3068 3564 προσκο-
3095 3474 3156 3532 ²5

695 3580 893 3677 μίσει
958 3582 1062 3687 τῷ
1127 3585 1362 3684 Πατρὶ
1425 3581 1560 3681 τὴν
1624 3583 2013 3673 βασιλείαν
2071 3583 2203 3683 τὴν
2259 3584 2801 3687 διηρπασμένην
2854 3582 3070 3664 πάλαι

698 3704 815 3780 καὶ
868 3703 987 3807 ὑφ’
1027 3702 1285 3806 ἑτέροις
1339 3703 1835 3807 γεγενημένην,
1871 3705 1955 3786 τὸ
2000 3706 2568 3813 κατεξουσιάζὲιν
2601 3706 2892 3787 πάντων
2935 3710 3069 3785 τῶν

696 3826 811 3903 ἐπὶ
868 3830 1003 3927 γῆς
1056 3825 1674 3926 ἀποκαταστήσας
1734 3829 1947 3936 αὐτῷ,
2003 3829 2540 3933 κατηργημένου
2594 3838 2722 3910 τοῦ
2778 3826 3068 3910 θανάτου
3191 3864 3192 3949 ἶ

697 3949 814 4026 καὶ
869 3957 996 4027 τοῦ
1050 3948 1625 4050 τυραννήσαντος
1682 3952 1834 4030 κατ’
1895 3953 2128 4031 αὑτῶν
2195 3959 2500 4050 σατανᾶ,
2556 3952 2701 4059 ἔξει
2763 3951 2978 4033 πάλιν
3027 3950 3064 4027 5
3191 3956 3192 4013 ῐ

697 4068 870 4153 Υἱὸς
915 4070 1032 4150 καὶ
1078 4077 1174 4153 εἰς
1221 4071 1346 4151 τὸν
1380 4072 1751 4172 μέλλοντα
1788 4080 2010 4153 αἰῶνα
2046 4079 2172 4173 τῆς
2210 4074 2393 4154 κατὰ
2428 4074 2719 4155 πάντων
2755 4076 3064 4182 ἐξουσίας
3085 4103 3152 4160 30

697 4188 829 4290 τὴν
868 4194 1245 4297 ὑπεροχήν.

773 4421 793 4457 1
811 4423 862 4489 13-
893 4406 1123 4495 ‹Spoftffic
1151 4406 1286 4461 Cod.
1539 4427 1630 4498 '1:3.
1671 4413 1752 4465 καὶ
1775 4413 1836 4465 τὸ
1845 4412 1927 4498 μὴ
1953 4412 2070 4484 οὑκ]
2102 4413 2183 4467 Ita
2207 4411 2343 4468 Cod.
2368 4412 2658 4484 legendum
2684 4423 2745 4471 nt
2767 4411 2966 4469 videtur
2984 4408 3062 4463 καὶ

695 4476 1169 4600 ἔξηςὲᾜένῗῖάλω
1193 4491 1328 4601 025.
1358 4480 1684 4550 παραδιδωσι
1708 4503 1951 4537 τουτεστι
1973 4482 2346 4557 προσκομίσει]
2375 4483 2458 4538 Ita
2484 4483 2631 4547 Cod„
2799 4482 2876 4538 26·
2906 4482 3062 4535 τὼ
