3269 5166
599 369 717 426 642

597 547 863 607 Paschati
895 569 1007 606 non
1041 567 1273 606 necesse
1301 549 1607 606 convenire
1636 567 1760 604 om-

680 667 783 704 nes
808 647 1127 705 Jerusalem
1158 650 1276 705 694
1300 648 1354 705 b.

599 743 796 802 Passio
840 745 1074 816 Christi,
1113 745 1296 821 gloria
1333 745 1475 821 Ejus
1505 747 1622 802 745
1659 744 1696 800 b
1725 764 1758 801 c

680 842 865 917 gloria
932 843 1116 899 Patris
1172 844 1292 901 880
1327 863 1378 909 a,
1434 843 1506 900 cf.
1543 845 1664 902 880
1704 860 1756 907 e·

682 943 796 998 881
827 941 882 999 b.

601 1038 928 1095 Passionem
954 1058 1068 1096 non
1090 1038 1756 1096 reformidavitChristus

686 1139 842 1194 1010
864 1156 911 1193 e.

603 1232 797 1290 Passio
875 1234 1134 1290 salutaris
1212 1234 1442 1291 Domini
1522 1232 1755 1303 Christi,

682 1341 913 1406 propter
959 1332 1198 1389 salutem
1252 1342 1504 1389 nostram
1555 1332 1757 1388 volun·

682 1430 843 1498 taria,
902 1440 1132 1506 propter
1187 1431 1366 1505 ipsam
1433 1430 1754 1504 passionem

681 1527 1062 1586 involuntaria
1090 1531 1228 1591 331,
1254 1531 1390 1594 332,
1416 1531 1535 1586 334
1554 1548 1603 1599 a,
1637 1530 1754 1586 338

682 1626 728 1682 si
786 1645 918 1697 non,
974 1627 1194 1701 culpam
1253 1646 1370 1682 non
1426 1626 1757 1683 habuissent

681 1734 1071 1798 perpetrantes
1099 1723 1303 1781 Judaei
1341 1726 1458 1781 338
1488 1724 1547 1788 d,
1581 1727 1701 1782 339
1724 1744 1759 1780 a

681 1819 858 1878 voluit
887 1820 1058 1878 Pater
1085 1821 1152 1877 Μ
1184 1824 1261 1879 99
1284 1809 1381 1877 fin.
1442 1821 1761 1878 voluntaria

680 1921 799 1975 452
823 1936 858 1974 a
878 1919 915 1975 b
936 1938 989 1982 c,
1017 1922 1133 1976 496
1157 1938 1208 1984 e,
1241 1923 1382 1985 497,
1415 1922 1534 1977 655
1554 1919 1611 1983 d,
1637 1921 1756 1977 660

681 2015 735 2088 b,
768 2020 925 2075 1013
949 2018 1005 2082 b,
1050 2022 1206 2076 1019
1228 2037 1281 2085 a,
1326 2020 1484 2077 1020
1503 2019 1557 2089 b,
1599 2021 1749 2076 1051

681 2114 737 2181 (1,
761 2112 830 2172 M
854 2116 992 2179 102.
1017 2116 1091 2175 iii.
1119 2119 1260 2182 413,
1290 2117 1364 2173 cf.
1389 2115 1454 2173 M
1482 2120 1597 2174 103
1654 2134 1757 2190 pro

680 2214 997 2271 reverentia
1023 2214 1213 2272 Patris
1236 2219 1356 2274 853
1375 2234 1425 2281 e,
1458 2216 1576 2272 854
1600 2233 1636 2269 a
1652 2213 1690 2269 b
1707 2231 1756 2279 c,

681 2310 756 2367 cf.
785 2311 862 2368 iii.
895 2316 1032 2372 400.

599 2407 931 2466 Passionem
959 2410 1037 2473 in,
1069 2409 1146 2466 Se
1175 2410 1342 2474 ultro,
1367 2421 1625 2484 tempore
1655 2407 1753 2465 ad-

682 2506 961 2578 veniente,
989 2506 1221 2563 tradidit
1250 2509 1368 2564 694
1393 2507 1449 2565 d.

597 2603 897 2661 Passiones
945 2613 1170 2661 nostras
1218 2605 1349 2662 tulit
1400 2604 1560 2662 Deus
1611 2605 1753 2661 Ver·

678 2702 830 2771 bum,
862 2721 976 2777 quo
1012 2702 1374 2761 infirmitates
1413 2713 1638 2760 nostras
1666 2721 1757 2759 ro-

675 2800 843 2857 boret
872 2803 990 2859 685
1015 2800 1052 2857 d
1074 2822 1123 2859 e.

596 2896 929 2956 Pastoribus
971 2919 1005 2955 a
1047 2899 1280 2957 Christo
1326 2900 1543 2956 vocatis
1593 2916 1753 2972 prae-

679 2996 796 3053 mia
823 3016 1034 3073 magna
1061 2999 1180 3056 643
1207 3017 1240 3054 a
1260 2998 1316 3056 b.

597 3093 861 3152 Pastores
890 3114 1004 3152 non
1025 3095 1213 3152 vocati
1239 3094 1394 3152 fures
1423 3104 1481 3153 et
1505 3096 1757 3155 latrones

682 3194 800 3250 644
823 3211 873 3250 a.

596 3288 799 3346 Pastor
826 3290 1081 3347 diabolus
1105 3309 1241 3347 oves
1269 3293 1329 3347 in
1356 3291 1524 3350 Hade
1554 3293 1754 3368 pascit,

677 3397 862 3446 morte
901 3387 1021 3445 Suo
1060 3407 1133 3445 ex
1175 3388 1340 3446 Hade
1380 3390 1645 3448 liberavit
1685 3391 1758 3447 ad

676 3503 914 3560 gregem
950 3504 1261 3561 supernum
1298 3498 1756 3564 congregaturus

679 3582 941 3640 Christus
971 3586 1088 3642 648
1116 3605 1145 3640 a
1167 3585 1222 3642 b.

593 3680 763 3737 Pater
781 3681 839 3735 in
859 3680 1021 3748 Filio,
1045 3682 1222 3739 Filius
1241 3683 1298 3740 in
1319 3684 1486 3740 Patre
1515 3703 1751 3759 quomo-

675 3775 750 3831 do
781 3778 875 3847 46,
902 3781 1015 3836 105
1040 3797 1090 3850 e,
1119 3781 1233 3838 106
1255 3781 1312 3846 b,
1343 3784 1458 3838 168
1483 3801 1534 3847 c,
1561 3783 1679 3840 238
1702 3801 1752 3849 e,

677 3878 795 3933 302
815 3894 849 3932 a
868 3875 920 3944 b,
942 3880 1060 3935 572
1081 3897 1131 3942 a.
1154 3881 1273 3937 673
1295 3898 1393 3945 ce,
1419 3883 1536 3938 783
1556 3880 1609 3950 d,
1632 3884 1749 3939 784

675 3994 726 4039 a,
768 3976 881 4032 831
911 3993 959 4040 c,
1005 3979 1123 4035 986
1148 3997 1197 4039 c.
1243 3977 1312 4034 cf.
1341 3979 1454 4037 801
1482 3980 1586 4049 bc,
1631 3981 1750 4036 823

674 4091 725 4140 c,
759 4072 837 4130 iii.
883 4075 1001 4131 557
1061 4075 1347 4150 quomodo
1377 4075 1602 4133 videtur
1633 4079 1749 4134 783

674 4190 709 4227 a
783 4172 1072 4246 quomodo
1114 4175 1297 4249 major
1325 4177 1442 4233 845
1473 4174 1509 4230 d
1532 4193 1581 4242 e,
1629 4177 1749 4232 846

675 4289 727 4336 a,
757 4270 832 4326 iii.
868 4274 1004 4329 372.

594 4366 767 4425 Pater
805 4376 864 4425 et
913 4368 1087 4425 Filius
1133 4369 1347 4435 Unum,
1392 4369 1427 4427 i.
1459 4389 1510 4427 e.
1554 4389 1747 4427 essen·

674 4464 810 4520 tiam
854 4464 1092 4520 eandem
1136 4465 1410 4523 habentes
1455 4470 1572 4525 667
1594 4486 1644 4532 a,
1676 4466 1749 4526 cf.

675 4562 791 4616 525
811 4559 867 4624 d,
900 4564 1019 4619 530
1042 4580 1089 4618 e.

1401 365 1725 424 INDEX
1809 364 2185 422 RERUM.

2780 381 3019 420 Pascua

1863 546 2032 603 Pater
2084 554 2145 603 et
2194 545 2368 602 Filius
2424 545 2842 619 proprietatum
2903 546 3023 603 sine

1943 644 2275 701 confusione
2338 642 2713 699 differentiam
2783 662 3021 701 conser-

1940 752 2079 800 vant
2108 747 2185 801 46
2215 743 2253 798 d
2274 760 2324 798 e.

1863 841 2046 898 Patris
2093 849 2153 897 et
2200 840 2323 897 Filii
2381 839 2509 896 Una
2550 837 2774 903 Deitas,
2823 839 3026 898 Virtus

1939 948 1999 996 et
2054 939 2313 996 Potestas
2373 947 2544 1012 atque
2606 956 2783 1013 opera
2838 941 2963 995 493
2994 957 3027 995 e

1944 1038 2077 1093 Una
2105 1036 2385 1093 Voluntas
2414 1038 2532 1093 828
2557 1054 2610 1101 a,
2654 1039 2775 1093 972
2800 1036 2858 1094 d.

1861 1134 2032 1192 Pater
2064 1135 2136 1190 ad
2166 1134 2368 1190 Filium
2410 1143 2684 1208 tanquam
2728 1134 2803 1190 ad
2842 1134 3024 1191 medi-

1940 1254 2069 1291 cum
2100 1235 2264 1291 affert
2295 1237 2413 1292 327
2432 1252 2465 1290 c
2514 1242 2791 1308 tanquam
2820 1234 2896 1290 ad
2920 1234 3023 1291 Vi-

1942 1332 2288 1397 vificantem,
2328 1330 2835 1396 corroborantem,
2873 1332 3023 1408 sapi-

1941 1431 2243 1505 entiaeque
2320 1427 2599 1486 Datorem
2660 1432 2777 1487 951
2829 1430 2866 1486 b
2912 1450 2946 1486 c
2987 1431 3025 1487 d

1942 1548 2115 1603 quum
2157 1527 2328 1584 Pater
2361 1527 2647 1603 Agricola,
2684 1526 2867 1584 Filius
2906 1528 3025 1585 falx

1943 1626 2265 1700 Manusque
2287 1628 2401 1682 871
2425 1645 2457 1681 c
2513 1625 2890 1682 salvationem
2921 1645 3023 1683 no·

1944 1733 2119 1780 stram
2151 1723 2313 1779 valde
2340 1723 2554 1797 cupivit
2577 1725 2695 1780 854
2719 1723 2755 1777 b
2774 1743 2809 1780 c
2864 1744 3025 1782 reve·

1944 1822 2096 1878 latur
2147 1840 2181 1876 a
2228 1821 2372 1877 Filio
2420 1821 2836 1895 antiquioribus
2896 1835 3022 1878 tan·

1944 1938 2111 1993 quam
2161 1916 2324 1975 Deus
2370 1921 2483 1976 961
2512 1938 2564 1982 c,
2610 1921 2731 1976 962
2813 1937 3023 1977 nomen

1944 2015 2130 2092 magis
2157 2016 2384 2090 proprie
2412 2017 2681 2073 convenit
2706 2036 2883 2091 quam
2920 2037 3023 2075 no·

1942 2132 2075 2170 men
2102 2112 2263 2171 Deus
2293 2116 2407 2172 961
2436 2133 2468 2169 c
2492 2114 2549 2173 d.
2581 2116 2719 2172 962.

1861 2209 2033 2268 Pater
2087 2231 2204 2268 non
2256 2220 2344 2268 est
2404 2212 2565 2269 Dens
2620 2212 2729 2269 nisi
2787 2212 2872 2269 eis
2929 2213 3025 2288 qui

1941 2309 2325 2367 characterem
2370 2310 2426 2366 in
2464 2329 2526 2367 se
2553 2310 2805 2366 effictum
2850 2310 3026 2367 habe-

1941 2418 2043 2465 ant
2073 2412 2192 2467 550
2219 2428 2252 2465 c
2282 2408 2339 2476 d,
2385 2412 2504 2466 552
2537 2407 2574 2464 d
2596 2427 2629 2465 e
2689 2420 2750 2464 et
2792 2410 2892 2483 qui
2936 2408 3027 2465 Fi-

1938 2507 2076 2563 lium
2106 2507 2348 2583 diligant
2377 2511 2518 2569 553,
2551 2510 2669 2564 554
2693 2526 2749 2563 a.

1857 2604 2030 2662 Pater
2096 2606 2480 2681 cognoscitur,
2541 2604 2689 2662 Filio
2759 2606 3024 2664 confesso

1943 2705 2060 2761 769
2081 2704 2186 2770 cd,
2220 2706 2338 2763 770
2362 2704 2420 2764 b.
2453 2707 2573 2761 952
2596 2704 2652 2759 d.

1858 2798 2030 2858 Pater
2055 2800 2303 2858 vivificat
2342 2819 2443 2876 per
2471 2801 2675 2857 Filium
2712 2801 2776 2857 in
2806 2799 3025 2876 Spiritu

1940 2898 2155 2956 Sancto
2215 2901 2333 2957 823
2378 2919 2414 2956 a
2501 2898 2673 2973 [Vide
2727 2898 3024 2958 Sumus

1940 2995 2250 3071 SANCTUS]
2295 2997 2496 3054 Filium
2521 3007 2676 3053 amat
2698 3002 2820 3055 844
2842 3018 2877 3055 e
2924 3016 3026 3072 per

1941 3095 2146 3154 Filium
2216 3104 2486 3172 operatur
2545 3099 2661 3154 871
2694 3114 2749 3160 e,
2803 3099 2926 3154 877
2970 3115 3021 3159 a,

1940 3196 2058 3251 993
2090 3212 2122 3250 c
2186 3193 2434 3250 vivificat
2479 3196 2598 3251 879
2630 3212 2661 3250 e
2727 3194 3022 3252 et.homi-

1941 3311 2071 3348 nem
2127 3292 2344 3348 creavit
2398 3302 2456 3348 et
2511 3291 2734 3367 Spiritu
2802 3291 3021 3350 Sancto

1940 3388 2160 3445 dotavit
2186 3389 2348 3446 initio
2376 3393 2531 3446 1097
2551 3408 2583 3445 c
2600 3408 2633 3446 e
2690 3389 2900 3448 Filium
2920 3391 3015 3448 de·-

1940 3487 2025 3543 dit
2071 3488 2358 3562 quomodo
2405 3489 2519 3545 881
2547 3488 2585 3544 b
2666 3505 2773 3562 per
2819 3488 3017 3545 Incar-

1940 3584 2229 3642 nationem
2273 3585 2627 3659 glorificatus
2666 3587 2786 3645 880
2810 3606 2865 3651 e,
2898 3587 3011 3643 881

1941 3702 1976 3738 a
2023 3683 2059 3740 b
2160 3682 2623 3740 lucarnationem
2693 3685 2873 3759 cupiit
2940 3684 3015 3741 iii.

1942 3784 2079 3839 481.

1858 3877 2042 3936 Patris
2081 3880 2258 3936 verba
2300 3880 2473 3935 verba
2513 3888 2572 3936 et
2616 3879 2741 3936 Filii
2780 3883 2903 3939 964
2927 3882 3017 3939 bc

1938 3996 2039 4052 per
2052 3976 2272 4034 Vocem
2284 3996 2441 4034 suam
2464 3978 2818 4052 corporalem
2836 3978 3020 4054 loqui-

1938 4084 2033 4131 tur
2060 4073 2238 4131 Filius
2266 4074 2603 4131 Incarnatus
2630 4074 2711 4131 iii.
2745 4078 2885 4133 364.

1855 4169 2026 4229 Pater
2055 4172 2147 4229 ubi
2177 4172 2254 4231 ibi
2285 4172 2460 4230 Filius
2488 4171 2562 4229 iii.
2598 4177 2673 4231 57
2680 4177 2738 4231 9.

1855 4267 2026 4328 Pater
2053 4268 2093 4327 J
2097 4270 2409 4328 udaeorum
2436 4269 2579 4330 Cain
2611 4273 2730 4330 560
2754 4274 3012 4330 e—564.

1856 4366 2057 4425 Patres
2098 4368 2264 4426 bonis
2292 4368 2451 4425 Deus
2493 4368 2811 4443 sanctique,
2854 4369 3019 4427 malis

1937 4465 2194 4524 diabolus
2252 4466 2504 4541 sociique
2559 4469 2678 4524 550
2712 4467 2753 4524 b
2782 4487 2835 4540 e,
2898 4472 3009 4526 551

1937 4584 1985 4636 a,
2017 4565 2091 4621 cf.
2118 4567 2236 4622 560
2266 4583 2298 4622 e
2354 4565 2453 4621 sed
2489 4563 2803 4641 Unigenito
2842 4566 3020 4624 Pater
