3269 5166
253 366 364 407 xx.
393 363 499 430 29.
612 343 730 408 IN
790 345 855 408 S.
905 343 1419 408 JOANNEM.
1513 343 1703 406 LIB.
1751 343 1913 407 XII.
2000 345 2205 409 CAP.
2253 347 2309 410 Ι.
2531 343 2656 409 153

252 507 645 605 ἐσομένους
699 515 988 610 καιροῖς.
1070 504 1159 606 ἦν
1200 507 1344 610 γὰρ
1390 505 1478 607 δή
1524 543 1718 591 τινας
1776 508 1954 591 εἰκὸς
2015 509 2154 614 ε”ξω
2211 513 2336 607 τῆς
2393 510 2658 593 εὐθείας

255 631 497 714 ἰόντας
553 634 744 730 ὀδοῦ,
782 636 897 711 καὶ
949 629 1166 730 νόθην
1201 631 1582 726 εὐλάβειαν
1624 631 1715 737 ἐξ
1762 633 2069 729 ἀμαθίας
2125 631 2656 733 ἐπιτηδεύοντας

252 751 816 855 ἀποπέμπεσθαι
870 754 1002 855 τὴν
1056 755 1328 853 πίστιν,
1378 756 1461 833 οὐ
1513 755 1949 859 προσίεσθαι
2003 762 2149 835 τῶν
2204 761 2468 859 νεκρῶν
2522 754 2656 856 τὴν

252 876 690 977 ἀνάστασιν,
728 880 920 979 ἥκειν
955 913 1032 958 τε
1080 885 1173 962 εἷς
1213 877 1442 977 μέσον
1479 880 1627 958 κατ’
1668 881 1928 959 ἐκεῖνον
1964 879 2130 978 ἡμῖν
2165 881 2495 982 ἐροῦντας
2530 877 2657 959 τὸν

187 1039 227 1098 5
255 1000 776 1102 ἀπιστήσαντα
830 1001 1154 1102 μαθητήν
1206 1014 1249 1050 “
1280 999 1461 1082 Ἐὰν
1496 1000 1598 1102 μὴ
1654 1002 1782 1081 ’ίδω
1827 1004 1902 1082 ε’ν
1938 1010 2091 1086 ταῖς
2147 1004 2399 1108 χερσὶν
2437 1004 2656 1083 αὐτοῦ
2746 1013 2931 1142 ξξῐνῗὸ

255 1138 303 1173 “
342 1123 475 1206 τὸν
528 1125 755 1206 τύπον
802 1133 958 1234 τῶν
1002 1126 1224 1226 ἥλων,
1282 1127 1398 1205 καὶ
1454 1124 1668 1219 βάλω
1724 1124 1855 1224 τὴν
1912 1125 2112 1230 χεῖρά
2175 1161 2313 1224 μου
2371 1131 2470 1210 εἷς
2525 1125 2659 1225 τὴν
2835 1115 2850 1130 ’
2935 1115 2950 1129 ’

256 1261 305 1297 “
338 1248 665 1352 πλευρὰν
729 1252 968 1347 αὐτοῦ,
1027 1250 1110 1328 οὐ
1186 1246 1286 1347 μὴ
1350 1247 1788 1330 πιστεύσω.”
1892 1246 2043 1329 εἶτα
2098 1251 2205 1332 τίς
2271 1247 2359 1328 ἂν
2423 1251 2659 1334 αὐτοῖς

256 1373 766 1479 πληροφορίας
822 1374 923 1453 ἔτι
978 1372 1265 1475 διαρκὴς
1314 1372 1592 1474 ἐγένετο
1643 1371 1932 1475 τρόπος,
1975 1375 2102 1452 οὐκ
2140 1372 2344 1457 ὄντος
2378 1372 2509 1471 μὲν
2543 1375 2659 1454 ἐπὶ

257 1502 400 1599 γῆς
457 1503 884 1596 σωματικῶς
938 1497 1037 1576 ἔτι
1091 1500 1440 1600 Χριστοῦ,
1495 1494 2028 1597 ἀναβεβηκότος
2087 1496 2160 1575 δὲ
2214 1503 2507 1594 μᾶλλον
2563 1501 2658 1581 εἷς
2681 1511 2727 1576 d

158 1656 237 1697 ιο
267 1618 647 1722 οὐρανούς;
708 1627 861 1704 πῶς
885 1619 961 1700 δὲ
993 1621 1120 1700 οὐκ
1159 1618 1247 1699 ἂν
1285 1622 1858 1720 ὐπωπτεύθησαν
1896 1617 2057 1700 ἔσθ’
2088 1618 2205 1699 ὅτε
2242 1618 2333 1699 τὰ
2368 1628 2662 1700 τοιαῦτα

260 1744 508 1847 λέγειν
573 1746 824 1849 ὀρθῶς,
887 1743 1004 1825 ὅτε
1064 1744 1440 1847 ζηλοῦντες
1504 1745 1884 1848 ἐφαίνοντο
1946 1752 2074 1824 τοῦ
2134 1747 2469 1848 Σωτῆρος
2533 1743 2660 1824 τὸν

260 1865 614 1967 μαθητὴν,
652 1870 769 1948 καὶ
824 1871 921 1952 ὡς
978 1867 1276 1972 ἄριστόν
1320 1902 1389 1947 τι
1434 1873 1679 1972 χρῆμα
1731 1868 1815 1948 τὸ
1871 1866 1972 1967 μὴ
2026 1875 2415 1949 πιστεῦσαι
2469 1902 2652 1972 προ·

263 1993 522 2096 χείρως
571 1989 1085 2097 ἐπιλεξάμενοι,
1119 1991 1417 2097 ἐξαιτεῖν
1462 1992 1536 2071 δὲ
1590 1998 1881 2091 μᾶλλον
1923 1990 2104 2093 πρὸς
2158 1993 2664 2100 πληροφορίαν

265 2118 584 2221 ἀσφαλῆ
622 2115 1032 2195 διετείνοντο
1084 2115 1176 2195 τὰ
1235 2117 1352 2194 καὶ
1408 2116 1645 2201 αὐτοῖς
1699 2120 1848 2198 τοῖς
1903 2115 2130 2216 ἁγίοις
2183 2117 2662 2221 ἐπιδειχθέντα

159 2284 187 2325 1
201 2281 239 2341 5
264 2243 621 2337 μαθηταῖς
650 2270 671 2334 ;
734 2237 1174 2343 ἀνασειράζέι
1217 2247 1596 2342 τοιγαροῦν
1632 2241 1673 2319 ὁ
1709 2237 2035 2343 Χριστὸς
2082 2241 2198 2318 καὶ
2236 2236 2368 2337 τὴν
2403 2241 2478 2318 ἐν
2514 2245 2661 2322 τοῖς

264 2360 612 2445 τοιούτοις
674 2363 1022 2462 ἐσομένην
1086 2362 1253 2442 ἔσθ’
1312 2361 1428 2443 ὅτε
1483 2360 1961 2465 καταδρομὴν,
2021 2367 2138 2442 καὶ
2200 2362 2661 2465 περιστέλλει

261 2482 396 2565 τὸν
437 2483 768 2566 ὄλισθον.
832 2483 985 2592 ᾔδει
1022 2484 1165 2591 γὰρ
1201 2485 1357 2591 ᾔδει
1393 2484 1580 2572 Θεὸς
1618 2486 1963 2593 ὑπάρχων
1996 2484 2334 2588 ἀληθινὸς
2365 2485 2497 2588 τὴν
2533 2493 2662 2566 τοῦ

267 2607 620 2705 διαβόλου
665 2616 1243 2718 φιλοκακοῦργον
1292 2611 1609 2712 γνώμην,
1650 2612 1765 2690 καὶ
1810 2609 1896 2691 τὸ
1951 2617 2045 2694 εἰς
2099 2611 2381 2710 ἀποίτην
2436 2611 2657 2713 εὐμῆ·

264 2767 515 2837 χανον.
608 2732 717 2813 διὸ
777 2736 1165 2839 μακαρίους
1225 2737 1607 2841 ἀποφαίνει
1673 2733 1835 2818 τοὺς
1898 2738 2013 2814 καὶ
2080 2735 2246 2842 δίχα
2301 2743 2431 2815 τοῦ
2495 2740 2665 2815 ἰδεῖν

161 2900 243 2942 20
262 2854 760 2942 πιστεύοντας·
818 2856 1207 2957 θαυμάσιοι
1262 2858 1405 2963 γὰρ
1464 2858 1710 2944 ὅντως.
1791 2860 1907 2937 καὶ
1965 2858 2081 2936 διὰ
2124 2860 2340 2938 ποίαν
2383 2858 2658 2954 αἱτίαν;

264 2985 418 3063 τοῖς
468 2977 602 3079 μὲν
638 2979 782 3084 γὰρ
818 2982 893 3060 ἐν
930 2981 1097 3088 ὄψει
1154 2983 1491 3081 κειμένοις
1546 2979 1938 3078 οὐδαμόθεν
1995 2983 2404 3087 ἀμφίλογος
2459 2982 2656 3086 ὀφεί-

266 3112 475 3182 λεται
528 3104 800 3188 πίστις·
878 3102 963 3185 τὸ
1020 3104 1161 3207 γὰρ
1211 3104 1583 3208 ἐνδοιάζειν
1642 3105 1832 3188 ὅλως
1891 3106 2271 3184 ἀναπεῖθον
2327 3104 2577 3183 οὐδε’ν.’
2627 3101 2667 3182 ὃ
2692 3146 2729 3186 a
2762 3133 2897 3187 1111
2920 3130 3004 3188 Δ.
3070 3182 3075 3193 .

265 3224 346 3306 δὲ
393 3225 497 3327 μὴ
541 3227 871 3308 τεθέαταί
913 3262 1019 3312 τις
1056 3234 1113 3308 εἶ
1158 3229 1661 3336 παραδέξαιτο,
1702 3232 1816 3308 καὶ
1855 3226 2117 3328 ἀληθὲς
2154 3223 2328 3306 εἶναι
2363 3226 2659 3308 πιστεύ-

263 3383 464 3430 σειεν
526 3348 699 3455 ὅπερ
760 3348 852 3430 ἂν
918 3358 1015 3436 εἷς
1071 3348 1221 3432 ὦτα
1279 3354 1766 3452 διακομίσειαν
1830 3360 1957 3432 τοῦ
2016 3358 2668 3454 μυσταγωγοῦντος

163 3509 242 3570 ²5
267 3478 336 3553 οἱ
392 3472 625 3575 λόγοι,
664 3474 1218 3582 ἀξιολογωτάτῃ
1271 3479 1595 3578 τετίμηκε
1645 3478 1887 3557 πίστει
1936 3471 2065 3555 τὸν
2121 3474 2661 3579 κηρυττόμενον.

267 3597 526 3700 ἕψεται
562 3597 800 3678 τοίνυν
828 3601 868 3678 ὁ
901 3599 1357 3704 μακαρισμὸς
1391 3604 1607 3681 παντὶ
1642 3606 1745 3708 τῷ
1783 3599 2193 3681 πιστεύοντι
2228 3598 2344 3679 διὰ
2369 3605 2496 3698 τῆς
2522 3605 2669 3679 τῶν

267 3721 496 3822 ἁγίων
543 3722 980 3804 ἀποστόλων
1037 3727 1303 3829 φωνῆς,
1353 3723 1420 3803 οἳ
1474 3730 1589 3804 καὶ
1648 3723 1992 3805 αὐτόπται
2048 3727 2164 3803 καὶ
2220 3726 2469 3827 θεωροὶ
2522 3729 2669 3803 τῶν

268 3842 847 3945 κατορθωματων
877 3845 1221 3998 γεγόνασι
1262 3881 1376 3926 και
1405 3848 1743 3950 ὑπηρέται
1781 3855 1911 3927 τοῦ
1939 3844 2187 3947 λόγου,
2217 3844 2405 3926 καθά
2434 3854 2667 4000 φησιν
2755 3855 2953 3970 ἕξω·

265 3968 308 4046 ό
351 3972 653 4050 Λουκᾶς·
728 3966 832 4051 οἶς
875 3972 994 4048 καὶ
1034 3970 1419 4074 προσέχειν
1456 3971 1641 4069 ἡμᾶς
1677 3973 2085 4072 ἀναγκαῖον,
2123 3976 2183 4049 εἶ
2219 3974 2346 4068 τῆς
2383 3969 2667 4049 αιωνίου
2781 3958 2794 3971 ’
2847 3956 2862 3971 ’

159 4130 244 4190 30
266 4088 451 4193 ζωῆς
523 4089 1065 4191 καθεστήκαμεν
1129 4097 1447 4195 ἐρασταὶ,
1516 4101 1630 4173 καὶ
1696 4129 1781 4174 το
1844 4097 1920 4174 ἐν
1982 4101 2137 4178 ταῖς
2201 4095 2349 4174 ἄνω
2419 4099 2668 4193 μοναῖς
2692 4113 2734 4177 b

263 4212 686 4315 αὐλίζεσθαι
740 4248 902 4320 περι
956 4225 1245 4297 πολλοῦ
1301 4224 1661 4297 ποιεῖσθαι
1718 4216 2236 4320 σπουδάζομεν.

266 4474 274 4479 -
336 4433 390 4490 6.
429 4432 676 4488 Adnotat
701 4432 746 4488 F
767 4432 1014 4489 rubrice
1001 4452 1056 4488 ln
1090 4452 1201 4505 mg.
1228 4434 1320 4489 οὐκ
1354 4432 1477 4502 ἦν’
1449 4457 1507 4489 εν
1589 4439 1610 4451 ’“
1650 4435 1863 4508 ἄντυγ’
1989 4437 2074 4491 καὶ
2105 4439 2258 4501 βάλω
2293 4438 2385 4491 τὸν
2419 4436 2675 4492 δάκτυλόν

259 4527 366 4576 μου
388 4505 465 4563 εἷς
487 4507 582 4560 τὸν
603 4503 768 4560 τύπον
789 4509 893 4560 τῶν
917 4505 1079 4574 ἥλων.
1310 4522 1363 4576 9.
1400 4504 1560 4595 ἆναβε
1601 4509 1757 4575 ηκότα
1833 4546 1847 4562 .
2090 4524 2172 4574 14.
2208 4505 2584 4577 ἐπιδειχθίντες
2607 4506 2674 4617 Ε.

263 4592 352 4633 21.
389 4574 745 4648 ὄψει-ὄφει-
769 4576 970 4631 omittit
993 4575 1446 4647 ἄσφαλῆ-τοῖς“
1419 4576 1586 4646 αγίοις
1608 4595 1639 4632 e
1663 4595 1829 4649 supra
1850 4586 2094 4650 repetens
2120 4578 2186 4633 Ε.

348 4677 495 4726 VOL.
527 4679 621 4725 111.
1460 4676 1506 4719 X
