3269 5166
270 319 448 388 xv1’1i.
477 344 577 393 10.
734 329 853 396 IN
883 329 952 399 S.
1001 330 1046 397 J
1055 331 1516 400 OANNEM.
1608 334 1801 401 LIB.
1847 334 1972 402 XI.
2064 334 2271 401 CAP.
2302 331 2466 399 XII.
2599 330 2685 395 23

271 494 419 569 τῶν
474 492 845 597 ὑπηρετῶν
896 495 1032 599 τὴν
1086 498 1370 605 ἔφοδον,
1408 497 1500 601 ἦν
1545 499 1637 580 ἀν
1683 501 1862 585 ἴσως
1918 499 2120 581 οὐδὲν
2175 495 2464 582 ἀπεικὸς
2516 494 2684 581 τοὺς

269 613 566 713 ἆγαπᾶν
615 620 996 719 ἑλομένους
1035 620 1252 705 αὐτὸν
1301 625 1517 706 παντὶ
1573 624 1834 706 λοιπὸν
1869 623 2249 724 ἐπαμύνειν
2285 623 2523 704 σθένει
2564 627 2681 702 καὶ

268 735 389 817 διὰ
433 741 708 829 παντὸς
757 744 933 826 ἰέναι
980 746 1469 849 τολμήματος,
1513 749 1630 830 ἵνα
1683 747 1772 849 δὴ
1829 751 1945 829 καὶ
2000 748 2401 829 ἐκσώσειαν
2437 745 2564 827 τὸν
2601 749 2682 825 ἐκ

266 865 400 961 τῆς
455 873 671 947 τινῶν
735 871 1172 966 δυσσεβείας
1228 872 1658 972 ἀβουλήτως
1715 872 2228 953 κινδυνεύοντα.
2306 869 2545 971 ἐπειδὴ
2601 870 2679 950 δὲ

196 1012 237 1073 5
268 984 463 1072 Θεὸς
517 990 862 1099 ὑπάρχων
909 996 1278 1147 ἀληθινὸς,
1317 996 1546 1100 ἄρδην
1593 1032 1672 1077 τε
1722 995 1887 1083 τοὺς
1932 995 2256 1081 ἐπιόντας
2312 994 2678 1078 ἀπολέσω

266 1111 659 1211 δυνάμενος
713 1121 831 1198 καὶ
884 1120 1053 1224 παρ’
1106 1118 1349 1220 αὐτὰς,
1393 1125 1489 1206 ὡς
1534 1123 1704 1207 ἔπος
1758 1128 1995 1220 εἰπεῖν,
2032 1129 2161 1203 τοῦ
2215 1125 2493 1224 ἀγῶνος
2547 1119 2678 1204 τὰς

264 1238 633 1345 ἀπαρχας,
685 1243 1046 1357 τοσαύτης
1100 1244 1358 1330 αὐτοὺς
1416 1245 1869 1349 καταγεύσας
1924 1243 2197 1352 ἰσχύος,
2255 1249 2351 1330 ὡς
2403 1247 2505 1326 ἑνὶ
2561 1247 2677 1324 καὶ

262 1360 481 1471 πράῳ
517 1375 1037 1471 καταστρῶσαι
1073 1366 1296 1478 λόγῳ·
1354 1369 1619 1452 ἔπεσον
1658 1369 1802 1474 γὰρ
1846 1369 2107 1453 πάντες
2142 1375 2239 1454 εἷς
2273 1367 2365 1450 τὰ
2408 1368 2671 1450 ὀπίσω·
2766 1379 2945 1497 {gf}

260 1494 424 1573 πῶς
489 1489 673 1590 ἡμᾶς
728 1493 947 1598 ἐχρῆν
1005 1496 1376 1600 ἀχαλίνοις
1443 1493 1697 1599 ῶσπερ
1762 1498 1879 1575 καὶ
1919 1493 2361 1594 ἀταμιεύτοις
2423 1496 2674 1598 ὀργαῖς
2700 1531 2738 1571 a
2763 1519 3013 1577 1017A.

144 1650 237 1692 ιο
262 1619 528 1716 χωρεῖν
561 1615 669 1696 ἐπ’
710 1617 939 1697 ἐκεῖνα
988 1618 1397 1714 βούλεσθαι
1445 1620 2014 1723 προαλέστερον,
2050 1615 2234 1722 ἅπερ
2284 1616 2495 1703 αὐτος
2546 1618 2675 1699 οὐκ

263 1734 463 1841 ἔδρα,
501 1738 727 1819 καίτοι
761 1740 1062 1845 σφόδρα
1095 1743 1359 1850 ῥᾳδίως
1394 1741 1828 1842 δυνάμενος;
1890 1743 2146 1850 ἔχομεν
2183 1744 2272 1823 δέ
2312 1777 2384 1824 τι
2432 1752 2671 1824 τοιοῦ-

262 1896 396 1942 τον
450 1866 567 1942 καὶ
622 1863 918 1969 ἑτέρωθί
962 1901 1105 1947 που
1159 1868 1660 1972 γεγραμμένον
1715 1867 1916 1972 παρὰ
1970 1875 2120 1953 τοῖς
2177 1868 2408 1968 ἁγίοις
2466 1868 2668 1969 εὐαγ-

261 1994 667 2087 γελισταῖς.
745 1988 872 2090 ἧκε
916 1989 1049 2090 μὲν
1081 1991 1226 2095 γάρ
1270 2026 1448 2073 ποτε
1498 1992 1939 2073 καταλύσων
1977 1994 2017 2073 ό
2064 1992 2330 2096 Κύριος
2372 1991 2469 2075 ε’ίς
2514 2025 2675 2071 τινα

261 2118 414 2192 τῶν
450 2111 730 2217 ὁμόρων
762 2119 855 2219 τῇ
886 2112 1198 2224 Ἰουδαίᾳ
1234 2117 1508 2217 κώμην·
1584 2114 1677 2217 ἦν
1713 2116 1789 2198 δὲ
1827 2119 2008 2220 αὕτη
2047 2122 2537 2218 Σαμαρειτῶν·
2608 2121 2674 2197 οἱ

150 2261 180 2305 ¹
193 2259 235 2320 5
264 2233 344 2316 δὲ
410 2237 812 2342 προσιόντα
874 2247 1220 2344 σκληρῶς
1284 2241 1792 2345 ἀπετρέποντο.
1888 2246 2005 2322 καὶ
2065 2239 2155 2342 δὴ
2218 2239 2403 2347 πρὸς
2461 2249 2674 2321 τοῦτο

265 2363 648 2466 δηχθέντες
702 2367 770 2443 οἱ
823 2366 1135 2466 μαθηταὶ
1192 2363 1626 2470 προσῄεσάν
1676 2400 1751 2446 τε
1809 2370 1925 2446 καὶ
1973 2366 2302 2474 ἔφασκον
2356 2375 2400 2412 “
2432 2364 2672 2469 Κύριε,
2763 2375 2969 2506 2130.

264 2493 312 2530 “
347 2482 586 2570 θέλεις
635 2487 940 2588 εἴπωμεν
976 2497 1123 2594 πῦρ
1160 2493 1561 2590 καταβῆναι
1615 2492 1736 2570 ἀπ’
1780 2491 2085 2595 οὐρανοῦ
2131 2492 2247 2570 καὶ
2292 2491 2672 2569 ἀναλῶσαι
2820 2478 2833 2491 ’
2924 2479 2937 2492 ’

288 2610 649 2696 (αὐτούς’
630 2675 650 2707 ,
661 2611 702 2639 ”
758 2609 939 2717 πρὸς
994 2613 1249 2699 αὐτοὺς
1305 2614 1381 2695 δε
1434 2612 1664 2695 πάλιν
1710 2618 1750 2695 5
1787 2615 2066 2718 Σωτὴρ,
2106 2616 2326 2722 ἄφετε
2386 2613 2665 2698 αυτούς·
2699 2621 2744 2685 b

264 2730 312 2835 ῆ
361 2736 492 2815 οὐκ
537 2736 870 2817 οἴδατε“’
831 2772 942 2818 οτι
996 2749 1042 2786 “
1063 2737 1370 2839 δυναμαι
1423 2740 1931 2842 παρακαλέσαι
1988 2741 2117 2821 τὸν
2160 2738 2455 2843 Πατερα
2510 2774 2672 2838 μου,
2764 2751 3012 2882 {¹th-

157 2870 311 2931 20“
347 2863 467 2940 καὶ
538 2859 1001 2964 παραστήσει
1055 2898 1178 2963 μοι
1243 2898 1404 2966 αρτι
1476 2864 1750 2944 δωδεκα
1817 2871 2172 2965 λεγεῶνας
2233 2863 2669 2968 ἀγγελων·”
2600 2924 2621 2960 ,
2994 2855 3009 2870 ’

263 3018 351 3063 ου
406 2982 549 3088 γὰρ
601 2986 853 3086 ἧκεν
808 3023 905 3072 ως
943 2986 1128 3072 Θεος
1175 2993 1268 3093 τῇ
1323 2987 1465 3068 ιδία
1514 2988 1633 3067 καὶ
1688 2989 1986 3097 ἐμφύτῳ
2035 2987 2327 3086 δυνάμει
2383 2987 2661 3093 χρησό·

259 3142 476 3206 μενος
534 3108 720 3189 κατὰ
777 3117 923 3190 τῶν
976 3110 1592 3214 ἐμπαροινούντων
1644 3114 1860 3219 αὐτῷ,
1907 3118 2202 3210 μᾶλλον
2261 3112 2336 3191 δὲ
2391 3115 2519 3210 τῆς
2575 3117 2672 3194 εὶς

260 3231 488 3335 ἄκρον
539 3235 709 3334 ἡμῖν
743 3236 1189 3343 ἀνεξικακίας
1247 3236 1587 3339 γενέσθαι
1643 3234 2110 3335 διδάσκαλος,
2147 3236 2546 3339 ἀοργησίας
2593 3270 2671 3315 τε

258 3362 392 3458 τῆς
462 3360 773 3440 ἀπασῶν
838 3359 1180 3442 ἀνωτάτω
1251 3365 1696 3461 καταστῆναι
1769 3360 2009 3447 τύπος.
2083 3358 2194 3441 διὸ
2269 3362 2386 3441 καὶ
2461 3359 2670 3463 ἔλεγε

154 3514 233 3576 25
262 3491 308 3529 “
347 3482 642 3565 Μᾶθετε
678 3485 799 3567 ἀπ’
839 3489 1032 3586 ἐμοῦ,
1062 3484 1173 3565 ὅτι
1209 3484 1436 3588 πρᾶός
1473 3492 1614 3586 εἶμι
1651 3488 1770 3566 καὶ
1807 3483 2136 3570 ταπεινὸς
2171 3491 2263 3591 τῇ
2302 3485 2624 3593 καρδι’ᾳ.”
2759 3505 3009 3574 Ib.xi.29.

373 3608 473 3688 ‘O
509 3608 640 3708 μὲν
674 3610 801 3689 οὖν
835 3616 964 3689 τοῦ
993 3610 1276 3712 Πέτρου
1309 3644 1588 3694 σκοπος
1623 3608 1758 3710 τὴν
1793 3609 2155 3715 μάχαιραν
2181 3609 2670 3694 ἀνατείνοντος

164 3827 197 3854 .
257 3732 445 3813 κατὰ
481 3740 627 3813 τῶν
654 3735 806 3813 διΗ
769 3735 1108 3831 εναντίας,
1137 3735 1266 3814 οὐκ
1292 3734 1433 3840 ἔξω
1468 3735 1757 3842 φέρεται
1786 3738 2076 3833 νομικῆς
2103 3734 2420 3834 ἐντολῆς.
2476 3732 2667 3813 πόδα
2692 3776 2728 3819 0
2756 3752 2921 3871 {¹²30}

255 3855 405 3961 γὰρ
431 3857 587 3937 ἀντι
563 3857 835 3941 ποδὸς
863 3858 979 3937 καὶ
1007 3863 1209 3963 χεῖρα
1244 3860 1401 3938 ἀντι
1428 3857 1664 3964 χειρὸς
1700 3861 1816 3938 καὶ
1852 3864 2135 3959 τραῦμα
2163 3858 2321 3937 ἀντὶ
2348 3857 2666 3960 τραύμα-
2759 3897 2840 3949 25.
2910 3837 2959 3884 ⁴'

252 4014 380 4064 τος
416 4016 534 4062 και
571 3982 904 4079 μώλωπα
942 3982 1100 4062 ἀντὶ
1136 3980 1521 4081 μωλωπων
1556 3978 1981 4085 ἀντεπάγειν
2016 3978 2473 4085 ἀνεγκλήτως
2517 3987 2668 4065 τοῖς

148 4139 225 4197 30
251 4106 628 4186 ἀδικοῦσιν
662 4106 963 4186 ἐκέλευε.
1038 4107 1115 4186 τί
1144 4104 1220 4186 δὲ
1257 4104 1651 4209 δράσοντες
1685 4104 1928 4209 ἕτερον
1960 4106 2138 4206 ἧκον
2171 4109 2238 4184 οἱ
2280 4105 2668 4212 μαχαίραις

322 4388 380 4447 5.
415 4371 679 4429 ἀπολέσω
704 4371 772 4429 Ε.
799 4371 1009 4444 Migue.
1040 4372 1314 4428 ἀπολέσαι
1337 4371 1486 4428 Aub.
2259 4389 2340 4425 11.
2379 4369 2443 4425 δέ
2464 4388 2574 4425 om.
2602 4367 2669 4424 Ε.

256 4464 343 4514 14.
379 4442 595 4517 τῇ]τὴν
1038 4457 1122 4570 lg.
1158 4465 1322 4513 ειπωμ
1325 4443 1472 4500 ενΕ.
1497 4443 1707 4527 Migne.
1733 4440 1945 4513 εἴπομεν
1970 4440 2116 4498 Aub.
2223 4440 2312 4497 ἀπ’
2338 4441 2402 4496 E.
2429 4441 2531 4495 ἀπὸ
2559 4438 2667 4495 Ed·

254 4533 342 4589 ²9·
378 4519 653 4585 polim-m
677 4515 744 4571 Ε.
768 4516 1025 4586 μώλωπας
1101 4512 1153 4569 d.
1182 4514 1367 4570 Verba
1390 4513 1624 4570 desunt
1610 4532 1666 4569 m
1694 4511 1861 4569 Cord.
2078 4528 2168 4584 30.
2205 4510 2290 4584 δὲ]
2326 4519 2383 4578 4
2413 4511 2476 4580 δὴ
2503 4506 2672 4565 Cord.
