3269 5166
232 360 310 426 iii.
340 380 363 426 1
391 385 516 447 sqq
695 366 805 430 IN
854 365 1373 430 EPISTOLAM
1423 366 1552 430 AD
1606 367 2109 433 HEBRAEos
2458 366 2587 429 403

231 557 369 621 πος,
429 524 892 631 κεχρημάτικέ
957 562 1035 608 τε
1106 529 1313 612 οὗτος
1371 527 1698 633 Χριστὸς
1754 531 2061 631 Ἰησοῦς·
2136 529 2379 610 καινὸν
2441 527 2585 632 γὰρ
2608 463 2751 610 ξοὲέ
2759 459 2908 609 αἰαὶ

232 645 431 745 ὄνομα
462 658 668 730 τοῦτο
704 652 898 758 αὐτῷ
932 654 1052 732 καὶ
1101 659 1250 737 τοῖς
1298 657 1422 752 τῆς
1465 655 1864 753 οἰκονομίας
1901 661 2168 757 καιροῖς
2202 658 2586 747 συνεισβε-

231 771 448 871 βηκὸς,
480 774 885 877 προσέσται
940 775 1167 857 πάλιν
1205 777 1399 883 αὐτῷ
1454 779 1570 856 καὶ
1627 783 1687 856 εἰ.
1745 777 1995 879 γέγονε
2049 776 2256 884 σὰρξ
2302 775 2388 856 τὸ
2442 774 2589 878 πρὸ

231 894 470 979 παντὸς
502 897 675 977 εἶναι
717 896 978 1003 χρόνου
1012 902 1130 979 καὶ
1164 897 1250 979 τὸ
1284 904 1427 979 δεῖν
1463 901 1982 1002 ὁμολογεῖσθαι
2021 899 2201 1003 πρὸς
2238 900 2440 1000 ἡμῶν
2478 898 2587 978 ὅτι

181 1034 211 1095 5
231 1023 355 1098 τῶν
387 1018 573 1101 ὅλων
606 1025 768 1102 ἐστὶ
804 1023 1320 1126 γενεσιουργός·
1381 1034 1424 1072 “
1448 1022 1576 1107 Εἷς
1609 1023 1753 1126 γὰρ
1792 1022 1977 1108 Θεὸς
2013 1025 2053 1101 5
2091 1019 2350 1125 Πατὴρ
2383 1022 2473 1129 ἐξ
2502 1021 2587 1101 οὗ
2611 1037 2776 1152 ξῦον·
2790 1037 2894 1086 viii.

232 1148 269 1185 “
300 1140 381 1221 τὰ
442 1143 678 1225 πάντα
753 1150 870 1225 καὶ
943 1144 1041 1231 εἷς
1111 1146 1374 1248 Κύριος
1435 1149 1722 1247 Ἰησοῦς
1785 1144 2111 1250 Χριστὸς
2184 1145 2272 1225 δι’
2339 1146 2423 1225 οὗ
2495 1142 2589 1224 τὰ
2647 1137 2662 1154 ’

232 1274 269 1311 “
297 1267 576 1366 πάντα,”
615 1273 734 1349 καὶ
778 1269 1003 1349 πάλιν
1048 1281 1091 1317 “
1121 1268 1409 1370 Ἰησοῦς
1444 1268 1772 1373 Χριστὸς
1817 1269 1987 1375 χθὲς
2022 1272 2138 1349 καὶ
2175 1268 2496 1372 σήμερον
2546 1269 2587 1347 5
2613 1291 2925 1341 1nfraxiii.8.

231 1397 269 1433 “
293 1390 486 1477 αὐτὸς
519 1396 638 1473 καὶ
682 1400 779 1478 εἷς
827 1392 993 1478 τοὺς
1029 1395 1351 1478 αἶῶνας.”
1431 1400 1587 1478 πῶς
1624 1395 1751 1474 οὖν
1787 1392 1998 1477 αὐτὸς
2036 1392 2217 1472 κατὰ
2253 1391 2385 1492 τὴν
2420 1391 2589 1497 χθὲς

233 1508 306 1589 ἂν
335 1515 429 1614 εἴη
464 1516 690 1597 καίτοι
726 1520 1087 1620 γεννηθεὶς
1120 1520 1198 1597 ἐν
1233 1516 1570 1622 ἐσχάτοις·
1618 1525 1747 1596 τοῦ
1798 1523 2050 1600 αἰῶνος
2099 1523 2362 1620 καιροῖς
2395 1549 2415 1612 ;
2478 1514 2588 1596 ὅτι

151 1663 211 1704 10
234 1641 336 1735 τῆς
390 1649 513 1720 τοῦ
566 1647 764 1721 Θεοῦ
820 1640 1064 1743 Λόγου
1130 1639 1420 1746 φύσεως
1479 1637 1567 1720 ra
1626 1639 2155 1743 πρεσβύτατον,
2223 1642 2320 1723 ὡς
2382 1639 2585 1747 ἔφην,

228 1761 713 1864 ἀναπόβλητον
746 1766 939 1872 αὐτῷ
983 1766 1368 1865 μεμένηκεν
1409 1765 1810 1866 ἀναγκαίως
1865 1766 1981 1844 καὶ
2031 1765 2108 1841 ἐν
2144 1761 2425 1869 χρόνοις
2460 1767 2588 1860 τῆς

226 1885 381 1978 μετὰ
412 1886 682 1991 σαρκὸς
721 1893 839 1968 καὶ
883 1888 1234 1989 νεωτάτης
1270 1889 1688 1987 οἰκονομίας.
1762 1891 1879 1967 καὶ
1919 1895 2096 1990 γοῦν
2130 1888 2428 1967 ἐποιεῖτο
2459 1885 2591 1985 μὲν

227 2006 460 2109 λόγους
540 2009 725 2094 ποτὲ
799 2016 962 2115 περὶ
1045 2020 1175 2092 τοῦ
1261 2010 1721 2115 προπάτορος
1790 2009 2135 2113 Αβραὰμ
2206 2010 2390 2113 πρὸς
2462 2009 2590 2090 τὸν

227 2129 503 2235 Ἰσραὴλ
547 2137 793 2238 λέγων
830 2147 876 2185 “
897 2136 1240 2239 Αβραάμ
1297 2137 1336 2214 5
1390 2132 1633 2239 πατὴρ
1679 2138 1877 2234 ὑμῶν
1913 2133 2508 2288 ἠγαλλιάσατο”
2477 2170 2591 2214 ινα
2616 2159 2665 2205 s
2683 2156 2720 2205 J
2722 2173 2837 2205 oan

148 2265 265 2333 ¹5“
294 2255 397 2362 ἴδῃ
433 2259 562 2358 τὴν
595 2257 878 2364 ἡμέραν
912 2258 1044 2359 τὴν
1080 2258 1278 2360 ἐμὴν,
1316 2262 1432 2338 καὶ
1479 2255 1663 2338 εἶδεν
1697 2263 1813 2338 καὶ
1857 2257 2120 2364 ε’χάρη]
2220 2263 2285 2337 οἱ
2323 2258 2398 2337 δὲ
2434 2259 2586 2337 κατ’
2567 2222 2718 2284 'mi
2746 2221 2826 2285 ⁵⁶⁶

228 2380 447 2461 οὐδένα
497 2381 774 2486 τρόπον
821 2383 906 2463 τὸ
959 2381 1067 2464 ἐπ’
1104 2384 1297 2491 αὐτῷ
1349 2379 1708 2466 συνιέντες
1758 2380 2175 2485 μυστήριον,
2212 2380 2593 2485 ανθρωπον

229 2498 293 2579 δὲ
340 2508 493 2586 καθ’
546 2509 741 2608 ἡμᾶς
796 2508 1072 2606 ἁπλῶς,
1109 2509 1226 2588 καὶ
1278 2507 1463 2610 πέρα
1524 2505 1782 2587 τούτου
1836 2506 2077 2606 μηδεν,
2130 2507 2593 2589 ὑπονοοῦντες

227 2625 538 2734 ὑπάρχειν
574 2631 829 2728 αὐτὸν,
870 2632 1231 2715 ἀσυνέτως
1269 2632 1597 2737 ἔφασκον
1631 2640 1678 2677 “
1710 2627 2168 2729 Πεντήκοντα
2216 2628 2338 2729 ἔτη
2391 2631 2590 2709 οὔπω
2616 2655 2789 2717 1657.

227 2757 263 2794 “
291 2751 473 2856 ἔχεις,
511 2757 630 2835 καὶ
669 2755 1017 2858 Ἀβραὰμ
1066 2754 1380 2858 ἑώρακας
1405 2756 1474 2851 ;”
1532 2756 1576 2834 5
1625 2752 1705 2833 δὲ
1745 2752 1932 2857 πρὸς
1978 2752 2231 2835 αὐτούς
2276 2762 2319 2800 “
2354 2749 2591 2850 Ἀμὴν
2615 2769 2798 2833 11)·58·

147 2892 207 2934 ²0
227 2881 261 2917 ‘⁴
288 2875 464 2975 λέγω
510 2881 680 2978 ὑμῖν
713 2882 884 2981 πρὶν
916 2878 1261 2981 Ἀβραὰμ
1316 2878 1651 2979 γενέσθαι
1695 2877 1837 2980 ἐγώ
1873 2875 2082 2976 εἷμι.”
2162 2876 2319 2955 ἔστι
2355 2875 2592 2955 τοίνυν

223 2998 410 3081 αὐτοῦ
453 3036 531 3083 τε
579 3012 717 3083 τοῦ
753 3003 1096 3106 Ἀβραὰμ
1133 3005 1249 3083 καὶ
1291 3001 1622 3085 Μωσέως
1680 3005 1796 3080 καὶ
1851 3008 1995 3080 τῶν
2034 2999 2229 3079 ὅλων
2274 2999 2594 3102 τεχνίτης

222 3123 318 3200 καὶ
377 3126 901 3231 γενεσιουργὸς,
960 3126 1237 3230 ἀνάγκη
1303 3125 1379 3207 δὲ
1439 3133 1647 3206 πᾶσα
1711 3130 1857 3203 τῶν
1923 3124 2117 3202 ἰδίων
2178 3120 2595 3219 ποιημάτων

220 3251 741 3354 προῦφεστάναι
797 3250 1030 3353 λέγειν
1085 3249 1212 3332 τὸν
1267 3248 1589 3350 ποιητὴν,
1627 3254 1743 3328 καὶ
1799 3253 1945 3325 τῶν
1981 3246 2132 3325 κατ’
2173 3243 2411 3323 εἰκόνα
2463 3242 2596 3343 τὴν

220 3367 374 3470 πρὸς
407 3374 620 3454 αὐτὸν
659 3375 1098 3472 ἐκτισμένων
1128 3373 1800 3478 προαναφαίνεσθαι
1836 3370 1920 3450 τὸ
1959 3369 2364 3476 ἀρχέτυπον
2400 3366 2586 3447 κιίλ-

144 3500 201 3557 25
223 3500 352 3576 λος.
429 3499 688 3578 οὐκοῦν
721 3500 1176 3601 ἀσυγκρίτως
1227 3495 1311 3576 τὸ
1351 3494 1681 3577 Μωσέως
1739 3498 2243 3597 ὑπερβαλεῖν-αι
2300 3491 2589 3594 μέτρον,

221 3623 479 3707 μᾶλλον
515 3622 592 3702 δὲ
644 3624 766 3702 καὶ
809 3620 1080 3704 παντὸς
1128 3628 1255 3699 τοῦ
1302 3619 1737 3719 κεκλημένου
1773 3617 1952 3721 πρὸς
1997 3617 2279 3719 γένεσιν
2326 3617 2368 3715 ἡ
2414 3613 2596 3722 δόξα

221 3741 522 3841 Χριστοῦ
561 3744 891 3850 ὑπάρξει.
968 3747 1083 3823 καὶ
1128 3746 1289 3824 καθ’
1332 3744 1571 3846 ἕτερον
1609 3742 1686 3823 δὲ
1728 3740 1998 3845 τρόπον
2034 3747 2356 3843 πειρᾶται
2392 3749 2589 3839 πλη-

221 3872 528 3970 ροφορεῖν
576 3872 619 3948 5
678 3867 1070 3951 θεσπέσιος
1115 3874 1417 3951 Παῦλος
1472 3865 1582 3946 ὅτι
1637 3864 1932 3970 γέγονεν
1983 3867 2177 3972 αὐτῷ
2230 3861 2470 3967 σοφός
2518 3896 2596 3942 τε

222 3991 322 4066 καὶ
373 3993 649 4093 ἀληθὴς
711 3993 754 4071 5
815 3994 980 4094 περὶ
1037 3992 1312 4071 τούτων
1364 3988 1610 4092 λόγος·
1689 3987 1779 4089 ἦν
1831 3987 1953 4096 μὲν
2008 3988 2176 4091 γὰρ,
2238 3992 2494 4094 φησὶν,
2554 3987 2595 4066 5
2620 4032 2722 4065 ver.
2748 4027 2794 4077 5·

142 4132 204 4189 30
225 4113 453 4254 menf
488 4152 742 4202 mero-5
779 4117 840 4197 ἐν
875 4117 1013 4225 ὅλῳ
1048 4122 1142 4224 τῷ
1184 4152 1341 4196 οικω
1391 4118 1587 4195 αὑτοῦ
1637 4152 1726 4200 ως
1776 4114 2069 4221 θεράπων
2115 4121 2207 4199 εἰς
2257 4110 2597 4218 μαρτύριον

224 4270 331 4313 των
363 4238 935 4347 λαληθησομένων,
980 4240 1258 4348 Χριστος
1297 4202 1367 4319 ἀὲ
1417 4275 1508 4323 ως
1551 4237 1686 4324 υἷος
1741 4274 1855 4318 επι
1912 4274 2014 4318 τον
2072 4273 2244 4317 omont
2282 4238 2482 4316 αὐτοῦ
2527 4233 2597 4316 οὗ
2621 4279 2725 4315 ver.
2745 4264 2792 4312 6.

226 4367 252 4437 ὁ
303 4360 467 4448 οἶκός
523 4366 729 4469 ἐσμεν
783 4368 992 4471 ἡμεῖς.
1075 4363 1276 4466 ἄθρει
1346 4357 1434 4460 δὴ
1491 4363 1616 4441 οὖν
1671 4397 1864 4445 οπως
1925 4366 2027 4468 τῷ
2090 4359 2222 4461 μὲν
2276 4360 2598 4466 μακαρίω

230 4483 500 4592 Μωυσῇ
533 4486 801 4591 μέτρον
838 4487 1166 4588 ἀπονέμει
1205 4485 1290 4565 τὸ
1327 4483 1670 4565 οἰκετικὸν
1706 4487 1810 4593 τῷ
1845 4484 2319 4587 γνησιότητος
2355 4481 2599 4588 τρόπῳ

1311 4634 1349 4698 3
1380 4631 1418 4676 12
1452 4631 1489 4678 2
