3269 5166
269 384 565 426 CHRISTUS

266 546 680 615 Cateehumeni
690 549 974 627 gradatim
993 550 1234 610 docendi
1250 557 1276 611 1
1286 556 1363 613 92
1375 572 1426 612 e.

266 643 448 705 Cerae
485 666 651 706 cerae
689 648 1029 723 conjunctae
1056 650 1428 708 conferuntur

343 743 564 804 Christi
588 743 831 820 Corpori
851 764 1091 821 corpora
1112 754 1311 805 nostra
1325 766 1427 822 per

343 841 767 900 Eucharistiam
795 844 1104 919 conjuncta
1131 846 1248 902 863
1271 863 1306 902 a
1322 844 1380 902 b.

263 936 509 998 Certant
547 940 588 997 ii
629 940 729 1015 qui
769 939 830 997 in
879 949 1041 1017 parte
1087 949 1312 999 tantum
1354 942 1421 998 M

347 1042 426 1097 22
455 1038 556 1097 fin.
587 1042 665 1097 23
693 1038 817 1097 init.

263 1132 530 1193 Charitas
598 1136 674 1194 ad
740 1136 954 1194 festum
1032 1134 1423 1213 peragendum

341 1232 594 1308 pertinet
624 1238 741 1294 742
765 1253 798 1290 c
853 1234 1143 1309 quomodo
1186 1233 1419 1291 manda-

341 1338 472 1388 tum
497 1349 718 1389 novum
748 1335 866 1390 750
895 1332 953 1397 (1,
986 1335 1098 1390 751
1166 1349 1268 1389 cur
1296 1350 1419 1388 om-

342 1427 507 1486 nium
532 1429 824 1504 praecellit
853 1433 1135 1488 752-754
1193 1428 1327 1486 facit
1358 1437 1421 1486 ut

343 1544 415 1583 ea
455 1544 600 1602 quae
642 1526 759 1584 sint
800 1526 1041 1583 aliorum
1083 1543 1420 1601 quaeramus

347 1626 487 1682 842.

262 1719 577 1779 Charitatis
613 1721 942 1797 conjunctio
977 1727 1244 1779 nostrum
1269 1720 1420 1779 inter

341 1836 452 1876 nos
526 1818 859 1886 arctissima,
923 1818 1110 1877 Patris
1180 1817 1419 1893 Filiique

343 1914 589 1974 Unionis
615 1916 810 1994 imago
839 1919 958 1974 972
988 1914 1152 1974 bed.

259 2012 529 2072 Chrisma
575 2012 904 2087 κατηχήσεως
952 2022 1012 2071 et
1053 2011 1418 2088 perfectionis

340 2110 399 2167 in
430 2110 784 2186 Baptismate
812 2109 1029 2169 Sancto
1059 2112 1178 2169 683
1209 2128 1261 2167 e.

258 2207 574 2267 Christiani
612 2208 883 2284 baptizati
916 2227 1023 2265 nec
1053 2206 1268 2264 Christi
1297 2207 1411 2264 Eu-

340 2305 642 2365 charistiae
657 2305 978 2382 participes.
991 2325 1033 2362 a
1049 2305 1167 2363 vita
1184 2313 1416 2363 aeterua

341 2403 560 2478 seipsos
587 2402 900 2463 excludunt
929 2407 1047 2462 324
1066 2423 1115 2470 e,
1148 2407 1291 2463 325.

258 2500 620 2559 Christianus
647 2519 860 2558 nomen
887 2519 1102 2559 novum
1129 2503 1191 2558 M
1224 2505 1321 2559 49.

256 2595 600 2658 Christianis
665 2598 817 2658 vires
887 2598 1168 2677 pleniores
1242 2618 1414 2675 quam

338 2694 378 2754 J
380 2695 574 2754 udaeis
592 2696 837 2771 antiquis
854 2696 1141 2754 ministrat
1149 2696 1413 2755 Christus

341 2793 408 2849 M
442 2797 519 2853 59
557 2794 642 2871 [p.
668 2795 839 2869 270].

256 2888 539 2950 Cumas-o
567 2910 703 2949 cum
730 2892 1079 2949 manendum
1105 2899 1195 2949 est
1221 2895 1336 2952 130
1358 2911 1411 2961 e,

342 2991 460 3047 384
483 3007 533 3057 e,
564 2993 682 3049 385
738 2998 1012 3064 tanquam
1053 2989 1413 3066 Praeceptori

339 3084 464 3144 Soli
521 3086 947 3145 adhaerendum
1005 3091 1121 3146 384
1178 3108 1214 3145 a
1259 3088 1298 3145 b
1379 3107 1412 3145 e

339 3182 637 3242 Nazareth
659 3183 783 3242 fore
811 3185 1075 3260 opinatus
1109 3188 1224 3244 132
1253 3185 1312 3243 b.

258 3279 525 3339 Christus
549 3281 948 3340 universorum
979 3283 1254 3359 gaudium
1289 3282 1409 3340 lae-

338 3378 577 3455 titiaque
623 3383 738 3438 135
765 3379 823 3451 b,
866 3383 981 3439 201
1023 3381 1062 3437 d
1128 3380 1412 3437 bonorum

339 3476 601 3534 omnium
640 3477 770 3534 fons
812 3477 881 3534 M
926 3480 1003 3536 82
1079 3495 1181 3552 per
1221 3477 1409 3546 Quem

340 3573 535 3631 omnia
555 3574 970 3650 jucundissima
990 3575 1064 3632 ad
1090 3593 1194 3632 nos
1218 3577 1336 3633 555
1356 3593 1408 3642 c,

341 3674 461 3730 909
483 3671 521 3729 b
578 3671 986 3730 miraculorum
1025 3670 1249 3729 initium
1293 3691 1409 3729 non

338 3777 544 3844 sponte
598 3768 700 3827 sed
752 3777 937 3827 matre
990 3777 1233 3844 rogante
1273 3769 1411 3827 facit

345 3867 460 3924 135
503 3867 591 3924 de
665 3885 768 3924 cur
824 3866 1238 3942 Hierosolymis
1293 3867 1408 3925 dis-

337 3964 496 4022 cedit
551 3982 655 4021 cur
708 3982 971 4022 reversus
1028 3967 1147 4023 206
1176 3984 1228 4031 e,
1267 3969 1405 4032 207,

336 4060 414 4118 cf.
460 4065 574 4120 271
622 4079 675 4127 e,
731 4065 870 4127 272,
927 4064 1043 4121 288
1090 4081 1125 4120 a
1164 4063 1221 4128 b,
1287 4065 1405 4122 395

333 4156 374 4217 J
380 4157 690 4216 udaeorum
715 4159 1103 4234 rejectionem,
1135 4159 1406 4219 Gentium

335 4255 693 4314 vocationem
751 4255 937 4314 innuit
994 4260 1110 4315 327
1153 4257 1211 4324 b,
1270 4260 1405 4324 396,

336 4357 477 4416 403,
499 4356 639 4418 404.
661 4355 782 4412 675
805 4371 837 4411 c
855 4354 894 4411 d
948 4354 1101 4431 typis
1128 4353 1409 4414 indicatur

338 4453 458 4510 396
486 4469 538 4516 c,
571 4454 688 4511 397
773 4460 834 4509 et
887 4451 1209 4509 labentibus
1262 4452 1408 4510 bene

334 4546 472 4606 facit
502 4552 619 4608 204
644 4568 677 4607 c
723 4548 1060 4609 laetificatur
1088 4548 1410 4608 obedientia

389 4662 526 4709 VOL.
561 4662 661 4708 111.

1088 365 1412 424 INDEX
1496 367 1867 427 RERUM.

2565 373 2683 430 617

1613 562 1813 613 nostra
1847 558 1960 613 201
1996 570 2028 611 e
2078 572 2180 629 pro
2207 553 2464 611 bonitate
2490 571 2688 629 preces

1612 671 1730 710 non
1758 660 2052 729 exspectat
2079 652 2181 709 sed
2200 650 2493 727 praevenit
2514 654 2631 709 207
2653 669 2687 707 c

1610 757 1846 807 naturae
1873 756 2103 808 nostrae
2129 749 2550 825 corruptionem
2579 767 2683 807 ex-

1609 846 1768 922 pellit
1799 851 1917 906 212
1948 847 1987 904 d
2047 866 2164 904 non
2204 847 2397 904 Homo
2440 847 2685 922 simplex

1612 947 1730 1003 273
1750 962 1801 1010 e,
1828 948 1946 1003 274
1966 964 2019 1011 a,
2039 948 2156 1004 928
2177 963 2210 1002 c
2236 944 2684 1019 Theophorusve

1608 1039 1674 1098 M
1705 1044 1782 1099 88
1841 1042 1931 1098 Eo
1959 1041 2153 1099 debita
2181 1041 2332 1099 Laus
2360 1040 2424 1098 M
2456 1045 2555 1100 85.

1524 1137 1789 1198 Christus
1817 1146 1906 1195 est
1926 1138 2044 1208 Qui
2071 1139 2180 1196 olei
2207 1138 2499 1215 lecythum
2523 1139 2682 1197 Elias

1607 1235 1926 1310 Prophetae
2001 1235 2200 1294 diebus
2283 1236 2683 1311 multiplicavit

1607 1336 1727 1392 280
1747 1351 1778 1390 e
1819 1332 2019 1389 mundi
2047 1332 2216 1408 hujus
2236 1331 2475 1408 principi
2502 1333 2680 1391 latere

1602 1430 1783 1488 voluit
1812 1434 1929 1490 282
1958 1430 1997 1487 1)
2052 1429 2320 1505 Seipsum
2361 1436 2426 1486 ut
2466 1429 2680 1488 Panem

1603 1527 1703 1585 dat
1720 1527 1793 1586 ad
1809 1527 2054 1585 Suorum
2073 1527 2292 1585 animas
2309 1527 2677 1584 nutriendum

1604 1628 1724 1684 276
1752 1625 1791 1682 1)
1845 1624 2062 1701 gloriae
2094 1623 2544 1683 contemnendae
2573 1642 2673 1681 ex-

1601 1722 1818 1798 emplar
1847 1726 1966 1782 286
1990 1741 2042 1789 e,
2073 1725 2192 1782 287
2225 1741 2260 1780 a
2312 1721 2675 1798 interrogan-

1600 1821 1759 1879 tibus
1804 1820 2064 1879 tentandi
2111 1839 2284 1879 causa
2330 1820 2675 1895 respondere

1601 1937 1717 1975 non
1754 1918 1900 1976 solet
1916 1937 1933 1991 3
1978 1919 2025 1975 si
2068 1917 2391 1993 respondet,
2421 1917 2494 1976 ad
2535 1937 2673 1976 con-

1599 2015 2022 2074 demnationem
2055 2018 2172 2074 309
2201 2035 2253 2072 c.

1518 2111 1814 2170 Christum
1850 2111 2232 2170 adulabuntur
2266 2112 2414 2171 forte
2440 2112 2673 2189 quidam

1599 2210 1691 2268 die
1731 2210 1934 2268 ultima
1976 2213 2093 2269 297
2120 2210 2159 2266 d
2211 2228 2320 2267 nec
2359 2210 2673 2287 intempes-

1598 2307 1713 2365 tive
1739 2307 2052 2383 benignum
2080 2307 2228 2365 Eum
2253 2306 2518 2365 Judicem
2547 2325 2669 2364 cer-

1596 2413 1737 2463 nent
1793 2409 1910 2465 298
1969 2426 2005 2463 a
2069 2405 2290 2481 Regem
2348 2404 2673 2463 habuerunt

1597 2502 1801 2561 Judaei
1834 2506 1952 2562 648
1981 2503 2223 2562 d-649
2252 2521 2301 2560 c.

1519 2600 1783 2660 Christus
1849 2602 2175 2659 nominatus
2257 2601 2392 2676 quia
2464 2609 2672 2659 unctus

1600 2700 1717 2758 393
1741 2698 1780 2755 d
1828 2706 2035 2756 unctus
2062 2699 2351 2775 quomodo
2379 2702 2501 2758 998
2518 2718 2570 2766 c,
2600 2698 2669 2755 M

1598 2798 1677 2853 92
1699 2795 1796 2853 fin.
1848 2796 2135 2872 quomodo
2164 2796 2335 2853 sciret
2362 2797 2670 2871 reprobare

1596 2892 1832 2963 malum,
1894 2892 2104 2968 eligere
2156 2892 2373 2949 bonum
2430 2896 2543 2951 411
2579 2893 2617 2949 (1
2638 2911 2670 2950 e

1597 2988 1676 3048 Se
1716 2990 2041 3056 humilians,
2084 2989 2406 3048 exaltatur:
2448 3008 2575 3056 nos,
2619 2990 2669 3046 si

1595 3087 1814 3162 seipsos
1853 3087 2242 3152 humiliemus,
2288 3094 2348 3144 et
2393 3085 2669 3144 exaltabit

1597 3187 1716 3244 287
1759 3203 1792 3242 c
1820 3184 1859 3241 d
1949 3203 2049 3242 eos
2093 3184 2431 3259 quibuscum
2472 3191 2562 3241 est
2594 3184 2667 3241 ab

1595 3281 1752 3339 omni
1795 3281 2172 3356 trepidatione
2206 3289 2266 3339 et
2304 3280 2557 3356 periculo
2597 3280 2665 3338 li·

1592 3379 1757 3437 berat
1785 3382 1897 3437 291
1925 3378 2011 3436 cd
2065 3397 2182 3436 non
2210 3378 2404 3437 statim
2431 3378 2667 3436 veniens

1594 3475 1697 3533 sed
1723 3476 1782 3533 in
1826 3477 2093 3535 extremis
2134 3476 2460 3552 inopinatus
2489 3480 2603 3535 291
2632 3495 2665 3534 e

1594 3593 1698 3649 pro
1765 3574 1931 3632 nobis
1998 3593 2219 3650 passus,
2280 3593 2399 3632 non
2468 3573 2663 3631 Homo

1592 3673 1782 3731 solum
1837 3673 1938 3731 sed
1985 3673 2143 3730 Deus
2191 3675 2347 3731 1060
2390 3671 2429 3728 d
2513 3670 2666 3738 Rex,

1592 3770 1815 3829 etiamsi
1862 3789 1979 3828 non
2034 3771 2416 3828 confiteantur
2456 3768 2496 3826 J
2503 3769 2666 3826 udaei

1598 3872 1753 3927 1062
1784 3888 1820 3925 a
1872 3868 2107 3943 periculi
2137 3866 2324 3925 omnis
2350 3867 2560 3924 solutio
2581 3865 2665 3923 la·

1592 3966 1905 4040 borumque
1928 3973 2153 4040 praeter
2180 3983 2340 4041 spem
2370 3962 2664 4022 Pei-sector

1591 4061 2051 4138 exspectantibus
2095 4061 2242 4118 Eum
2288 4064 2406 4119 292
2435 4060 2474 4117 1)
2526 4060 2665 4117 Vita

1589 4159 1789 4218 Vitam
1818 4158 2079 4234 Seipsum
2114 4158 2372 4216 fidelibus
2414 4158 2513 4215 dat
2542 4162 2664 4217 350

1592 4275 1692 4327 ac,
1719 4259 1831 4315 361
1857 4274 1907 4322 c,
1933 4258 2049 4314 362
2072 4256 2130 4320 b.
2159 4259 2274 4314 363
2294 4256 2331 4312 b
2353 4273 2384 4312 c
2402 4274 2435 4313 e
2474 4254 2533 4310 in
2557 4273 2659 4310 no-

1591 4354 1683 4411 bis
1709 4372 1812 4428 per
1837 4355 2140 4429 mysticam
2168 4353 2452 4427 eulogiam
2485 4354 2603 4410 364
2622 4350 2663 4407 d

1592 4452 1655 4508 in
1682 4451 1865 4517 nobis,
1894 4469 2001 4508 nos
2027 4451 2087 4509 in
2115 4451 2266 4509 Eum
2295 4452 2411 4509 365
2442 4468 2495 4515 a,
2524 4449 2602 4510 ib.
2626 4465 2660 4504 c

1591 4567 1700 4607 nos
1727 4546 2095 4607 transformat
2128 4549 2188 4607 in
2216 4545 2293 4606 Se
2325 4548 2442 4607 366
2471 4565 2503 4605 e
2556 4563 2662 4626 per

1388 4663 1508 4723 4¹<
