3269 5166
333 355 766 396 montumano

335 521 705 597 Principium,
732 522 790 578 in
821 540 933 596 quo
959 520 1158 588 Filius,
1184 539 1290 596 pro
1321 519 1484 578 Prin-

417 619 721 695 cipalitate,
752 620 874 695 capi
903 627 1094 694 potest
1128 622 1221 686 13,
1259 621 1352 676 14.

333 720 370 751 “
386 715 645 775 Processi
669 727 728 777 et
748 716 924 774 veni”
952 716 1039 790 (S.
1059 716 1097 773 J
1100 736 1227 774 oan.
1248 716 1358 775 viii.
1379 719 1483 791 42)

417 814 680 872 Processi
721 815 791 873 de
821 814 1203 872 Generatione
1238 823 1485 882 aeterna,

417 914 546 971 veni
576 913 648 970 de
674 914 923 971 humana
952 917 1068 972 553
1100 932 1132 970 c
1149 913 1188 969 d
1207 932 1254 970 e.

335 1010 594 1070 Processi
627 1015 745 1071 939
776 1031 824 1083 e,
855 1011 925 1069 cf.
958 1014 1076 1069 965
1106 1011 1159 1067 b.

336 1109 777 1167 Procrastinatio
820 1110 877 1166 in
919 1109 1091 1167 rebus
1134 1108 1299 1166 bonis
1340 1106 1486 1185 peri·

417 1210 614 1266 culosa
645 1211 760 1266 130
790 1228 842 1265 a.

338 1311 372 1340 “
399 1304 739 1364 Proficiebat
814 1304 854 1363 J
858 1324 988 1364 esus
1073 1303 1349 1380 sapientia
1430 1311 1491 1359 et

416 1403 656 1481 gratia”
686 1404 820 1480 quid
850 1407 927 1462 96
955 1403 1045 1461 bis
1073 1403 1129 1459 d.

336 1506 369 1535 “
391 1501 681 1560 Profunda
737 1502 848 1559 Dei
866 1500 900 1525 ”
970 1520 1112 1576 quae
1166 1501 1236 1558 Μ
1280 1502 1353 1558 91
1405 1500 1482 1575 [p.

419 1602 589 1676 3391.

333 1696 750 1756 Promissiones
781 1697 934 1756 haud
971 1704 1125 1755 recte
1158 1697 1341 1755 factae
1369 1715 1485 1753 non

416 1796 727 1854 servandae
761 1801 877 1855 723
908 1815 959 1861 e,
992 1800 1110 1854 724
1140 1815 1193 1853 a.

335 1891 592 1968 Prompti
646 1912 843 1951 sumus
910 1893 983 1951 ad
1044 1913 1106 1950 se
1173 1893 1487 1950 laudandos

418 1994 536 2050 242
568 1992 620 2049 d.

333 2087 647 2166 Prophetas
707 2108 807 2147 eos
868 2089 963 2164 qui
1020 2088 1185 2164 signa
1236 2087 1488 2145 facerent

414 2187 716 2264 aliquando
742 2186 1024 2245 vocabant
1049 2186 1090 2244 J
1095 2186 1259 2243 udaei
1286 2189 1404 2244 612
1436 2204 1486 2244 a.

330 2282 625 2360 Propheta
650 2292 885 2361 propter
912 2283 1302 2342 oeconomiam
1322 2283 1488 2341 Chri-

414 2391 538 2441 stus
566 2386 680 2441 661
715 2403 763 2441 c.

330 2479 684 2557 Prophetare
727 2481 860 2555 (sub
894 2480 1265 2538 Testamento
1305 2481 1481 2552 novo)

415 2579 548 2655 quid
579 2578 645 2636 M
679 2580 775 2637 68.

330 2676 824 2753 Propinquitatem
853 2678 958 2735 Dei
989 2685 1224 2741 arctam,
1253 2676 1482 2733 thesau-

414 2795 541 2833 rum
577 2775 718 2833 illud
753 2776 1087 2850 pretiosum,
1123 2794 1238 2832 non
1273 2774 1487 2830 habent

410 2874 684 2950 neophyti
713 2874 812 2931 sed
840 2874 878 2932 ii
908 2874 1004 2950 qui
1033 2872 1257 2930 virtutis
1295 2870 1485 2930 studio

414 2972 930 3047 exercitationeque
963 2980 1024 3029 et
1060 2979 1318 3047 tempore
1354 2987 1483 3045 per-

412 3068 548 3127 fecti
577 3078 714 3128 sunt
747 3073 861 3127 144
890 3069 946 3128 b.

331 3166 797 3243 Propitiatorium
828 3167 1002 3225 Filius
1031 3167 1367 3224 lncarnatus
1402 3163 1482 3223 iii.

416 3270 551 3325 407.

331 3362 588 3440 Propria,
632 3364 692 3420 in
737 3382 882 3439 quae
925 3363 1082 3420 venit
1119 3360 1484 3438 Unigenitus,

415 3461 659 3537 populus
683 3460 1124 3520 SuusIsrae189
1173 3460 1317 3517 Eum
1348 3478 1485 3535 cog-

413 3567 699 3616 noverunt
760 3558 860 3616 sed
921 3559 1243 3634 rejecerunt
1311 3559 1389 3615 89
1432 3576 1483 3626 c,

413 3655 873 3733 propinquissimi
898 3655 1051 3720 facti,
1082 3656 1231 3712 ultro
1260 3654 1482 3712 decide-

413 3767 553 3811 runt
609 3757 686 3812 89
738 3773 788 3826 e,
861 3755 939 3811 90
986 3772 1022 3809 a
1116 3751 1486 3826 quamobrem

415 3852 730 3909 illuminato
759 3850 991 3916 mund0,
1021 3850 1079 3906 in
1107 3848 1371 3907 tenebras
1400 3867 1487 3905 re·

414 3957 707 4007 verterunt
734 3949 811 4006 illi
842 3952 921 4006 90
950 3949 987 4004 b
1004 3967 1036 4004 c
1052 3947 1090 4004 d
1108 3966 1158 4004 e.

330 4044 567 4122 Proprie
622 4046 817 4104 existit
877 4045 1068 4110 Filius,
1126 4063 1234 4102 nec
1294 4050 1485 4101 tamen

415 4163 486 4201 ex
547 4163 660 4201 una
708 4142 942 4201 Deitate
997 4153 1221 4200 amotus
1271 4144 1383 4199 128
1428 4141 1482 4199 b.

423 4240 560 4298 Vide
587 4242 780 4308 Filius,
811 4261 865 4317 p.
891 4245 1009 4300 626
1040 4240 1148 4297 col.
1178 4244 1205 4298 l
1238 4239 1362 4297 init.

327 4337 714 4414 Proprietates
757 4338 1043 4395 naturales
1088 4336 1357 4395 radicitus
1399 4338 1484 4394 in-

412 4436 652 4494 haerent
679 4438 757 4494 68
789 4435 847 4501 d,
883 4439 958 4495 72
990 4454 1042 4499 a.
1081 4434 1155 4493 iii.
1187 4438 1323 4501 594,
1366 4438 1479 4495 601

412 4552 611 4591 verum
637 4544 726 4591 est
754 4542 812 4592 et
834 4532 1181 4591 contrarium
1215 4536 1330 4592 303
1354 4552 1386 4592 c
1428 4533 1485 4590 in

1169 337 1493 396 INDEX
1577 337 1948 396 RERUM.

2630 339 2749 395 645

1673 519 2004 578 exercitium
2048 525 2336 587 evocatae,
2396 519 2580 596 magis
2620 540 2743 579 cer·

1672 626 1890 675 nuntur
1918 620 2037 675 658
2067 617 2123 683 b,
2153 620 2288 675 659.

1591 714 1852 773 Psalmus
1870 724 2104 773 octavus
2122 716 2409 792 quomodo
2426 716 2747 794 intelligen-

1674 813 1783 870 dus
1810 813 1886 871 iii.
1918 818 2058 872 387.

1592 909 1809 977 Pullus,
1841 911 1902 968 in
1929 931 2043 987 quo
2072 911 2281 970 insidet
2303 912 2493 979 Jesus,
2526 913 2743 972 Gentes

1674 1009 1959 1086 significat
1988 1014 2108 1069 404
2138 1029 2170 1067 c
2188 1010 2246 1067 d.

1592 1105 1802 1164 Punire
1844 1105 1884 1164 J
1891 1106 2100 1164 udaeos
2140 1108 2605 1183 concupiscentes
2643 1129 2744 1167 cur

1672 1205 1917 1280 primum
1963 1205 2147 1264 noluit
2192 1215 2394 1282 postea
2439 1207 2743 1283 puniturus

1673 1302 1832 1360 Deus
1874 1305 2009 1361 315.

1590 1397 1763 1457 Punit
1835 1419 2246 1476 nonnunquam
2304 1409 2363 1459 et
2419 1400 2475 1459 in
2530 1410 2742 1461 terram

1670 1497 1828 1555 Dens
1857 1501 1977 1558 210
2007 1517 2039 1555 c
2100 1518 2216 1556 non
2259 1499 2341 1557 ita
2379 1501 2595 1567 volens,
2639 1502 2741 1559 sed

1671 1614 1745 1652 ex
1772 1596 2111 1654 necessitate
2137 1597 2295 1655 Deus
2325 1601 2443 1656 725
2474 1598 2527 1656 d.

1587 1694 1886 1772 Purgatio,
1931 1699 2216 1773 quomodo
2272 1694 2461 1778 871ζά
2488 1717 2540 1756 e.
2608 1699 2744 1756 Vide

1672 1793 2049 1854 circumcisio
2078 1796 2362 1872 spiritalis.

1588 1891 1945 1962 Purificatos,
1988 1913 2106 1951 non
2154 1913 2255 1952 eos
2303 1894 2399 1970 qui
2447 1895 2633 1952 adhuc
2679 1896 2739 1953 in

1669 1991 1919 2065 peccatis
1953 1991 2129 2069 ligati,
2158 1992 2498 2050 visitationis
2536 1993 2742 2069 dignos

1671 2086 1808 2145 facit
1833 2087 1990 2145 Deus
2018 2089 2090 2146 iii.
2124 2092 2267 2147 448.

1588 2183 1814 2242 Puritas
1855 2186 2119 2243 omnibus
2161 2186 2257 2262 qui
2307 2188 2464 2244 aulas
2506 2187 2744 2246 Divinas

1676 2284 1953 2342 intrarent
1981 2285 2255 2361 imperata
2288 2288 2400 2344 138
2433 2285 2469 2342 b
2491 2304 2542 2343 c.

1589 2382 1773 2441 Purus
1842 2383 2013 2441 corde
2070 2383 2128 2441 S.
2180 2383 2221 2441 J
2224 2402 2438 2442 oannes
2506 2382 2742 2443 Christo

1670 2482 1836 2540 valde
1864 2491 2085 2539 amatus
2114 2485 2232 2541 736
2262 2502 2313 2540 a.

1589 2578 1729 2639 Puri
1771 2580 1941 2638 corde
1974 2580 2099 2638 Deo
2137 2580 2382 2657 proximi
2412 2583 2529 2640 736
2559 2600 2591 2639 e
2618 2581 2738 2658 qui-

1668 2679 1777 2736 bus
1845 2686 1905 2736 et
1972 2677 2050 2735 Se
2122 2688 2178 2736 et
2234 2678 2461 2737 Patrem
2527 2680 2742 2737 revelat

1670 2776 1935 2834 Christus
1966 2779 2082 2834 737
2112 2777 2224 2841 ab,
2255 2776 2329 2834 cf.
2361 2779 2479 2835 828
2510 2796 2542 2833 a
2563 2778 2601 2834 b
2650 2777 2735 2834 in-

1669 2874 1890 2931 habitat
1920 2873 2075 2932 Deus
2102 2876 2222 2933 834
2251 2893 2284 2931 e
2368 2873 2461 2948 qui
2496 2876 2653 2933 1004
2683 2892 2736 2940 e,

1670 2974 1850 3031 1005.

2134 3133 2191 3203 Q

1588 3266 2026 3336 Qusnsnonns
2083 3283 2253 3341 saepe
2311 3283 2428 3322 non
2487 3284 2595 3340 pro
2646 3285 2738 3324 re·

1671 3364 1980 3439 sponsione
2008 3363 2109 3421 sed
2137 3363 2210 3420 ad
2238 3362 2597 3439 arguendum
2619 3366 2738 3421 566

1670 3481 1702 3519 c
1774 3462 1845 3520 de
1889 3461 1997 3519 Dei
2034 3462 2092 3518 in
2139 3443 2429 3518 creaturas
2473 3461 2741 3538 operibus

1671 3559 1847 3617 semel
1901 3559 2178 3634 inceptae,
2234 3577 2526 3633 nunquam
2588 3559 2740 3617 desi·

1671 3666 1815 3715 nunt
1861 3661 1997 3722 730,
2031 3660 2142 3716 731
2210 3675 2313 3732 per
2353 3656 2739 3732 primicerium

1670 3756 1888 3813 faciunt
1917 3755 2178 3830 discipuli
2210 3759 2328 3813 755
2359 3775 2412 3812 a.

1590 3861 1623 3886 “
1646 3853 2012 3922 Quomodo,”
2042 3853 2167 3910 Deo
2192 3853 2482 3928 loquente,
2502 3854 2740 3911 verbum

1670 3950 1905 4026 impium
1946 3952 2061 4009 358
2094 3950 2335 4011 d—360
2362 3950 2418 4017 b,
2461 3950 2533 4008 cf.
2565 3949 2629 4007 M
2662 3953 2739 4008 76

1676 4048 1757 4123 [p.
1786 4048 1954 4122 3081,
1986 4048 2064 4105 iii.
2098 4052 2232 4107 552.

2140 4293 2193 4349 R

1590 4437 2169 4497 Rauennam-ioum:
2200 4439 2494 4497 hominum
2526 4456 2743 4514 eosque

1671 4536 1811 4593 coeli
1836 4536 1989 4593 cives
2009 4537 2252 4606 efficere,
2270 4544 2546 4614 quantum
2566 4538 2744 4614 cupiit
