3269 5166
236 350 376 416 xix.
408 372 513 421 12.
814 355 929 421 IN
990 355 1057 420 S.
1108 354 1623 420 JOANNEM.
1718 353 1908 419 LIB.
1957 353 2119 419 XII.
2580 355 2662 418 73

237 521 440 623 ἐφεὶς
494 515 582 600 τὸ
636 519 992 601 δύνασθαι
1047 528 1202 607 ταῖς
1261 527 1408 600 τῶν
1463 519 1868 601 διωκόντων
1921 521 2171 623 ὀργαῖς
2232 516 2665 618 ἀνεθέλητον

237 642 498 748 ὥσπερ
554 645 854 725 ἑλέσθαι
909 643 1039 726 τὸν
1095 648 1442 726 κίνδυνον.
1538 643 1827 743 νεύματι
1879 652 2261 748 τοιγαροῦν
2318 644 2494 753 ἰδίῳ,
2546 646 2664 723 καὶ

239 767 527 876 εὐδοκία
582 774 777 850 Θεοῦ
834 773 951 850 καὶ
1014 767 1307 873 Πατρός
1364 765 1708 850 δεδόσθαι
1763 772 1953 873 φησὶ
2009 775 2112 875 τῷ
2172 765 2477 876 Πιλάτῳ
2530 769 2664 867 τὴν

241 892 572 1001 ἐξουσίαν,
608 901 738 974 τοῦ
776 897 894 974 καὶ
932 894 1122 978 ὅλως
1160 892 1598 994 δεδυνῆσθαί
1642 926 1713 973 τι
1766 896 1945 996 δρᾶν
1979 898 2075 977 εἰς
2111 892 2349 991 αὐτὸν,
2388 889 2489 972 ὧν
2526 892 2662 993 ἤδη

169 1040 212 1101 5
241 1012 714 1119 τετόλμηκεν.
817 1021 1203 1125 ἀχείρωτος
1265 1017 1412 1121 γὰρ
1477 1022 1856 1100 παντελῶς
1919 1019 2040 1096 καὶ
2102 1018 2232 1096 οὐκ
2305 1015 2396 1097 ἂν
2450 1018 2663 1117 ἁλοίη

242 1141 452 1248 παρά
485 1177 616 1223 του
646 1150 796 1223 τῶν
830 1142 1062 1224 ὄντων
1096 1144 1142 1243 ἡ
1180 1143 1334 1224 θεία
1370 1176 1448 1223 τε
1486 1141 1605 1222 καὶ
1641 1138 1983 1221 ἀνωτάτω
2021 1140 2268 1247 φύσις,
2309 1138 2356 1248 ᾗ
2408 1144 2525 1222 καὶ
2578 1142 2664 1222 τὸ

241 1267 547 1347 πάντων
582 1266 939 1347 δύνασθαι
978 1273 1263 1372 κρατεῖν
1298 1266 1534 1347 ἔνεστι
1571 1271 1926 1369 φυσικῶς.
2005 1267 2281 1374 μείζονα
2318 1264 2394 1346 δὲ
2432 1300 2656 1346 κατα·
2687 1278 2731 1343 b

244 1389 514 1497 γράφει
588 1389 723 1491 τὴν
787 1397 1157 1500 ἁμαρτίαν,
1224 1395 1450 1491 δῆλον
1516 1386 1591 1470 δὲ
1666 1388 1775 1470 ὅτι
1843 1386 1979 1489 τὴν
2051 1395 2148 1474 εἷς
2222 1389 2494 1488 ἑαυτὸν,
2563 1396 2666 1497 τῷ

251 1514 564 1625 Πιλάτῳ
622 1513 1247 1619 προσκεκομικότι,
1305 1518 1421 1593 καὶ
1482 1510 1780 1618 σφόδρα
1841 1514 2143 1598 δικαίως.
2235 1515 2276 1593 ὁ
2335 1513 2467 1614 μὲν
2523 1515 2666 1618 γὰρ

137 1673 220 1714 10
247 1638 444 1745 ἀρχή
479 1673 586 1724 τις
618 1638 869 1743 ὥσπερ
905 1643 1024 1720 καὶ
1061 1641 1244 1743 θύρα
1292 1643 1422 1740 τῆς
1472 1644 1570 1722 εἷς
1622 1636 1841 1718 αὑτὸν
1878 1636 2314 1732 δυσσεβείας
2357 1637 2657 1741 ἐγένετο·

246 1763 741 1863 τολμημάτων
784 1764 861 1845 δὲ
915 1763 1328 1868 ἀλλοτρίων
1374 1763 1417 1841 ὁ
1474 1761 1823 1860 δικαστὴς
1873 1760 2251 1865 ὑπουργὸς,
2289 1766 2405 1842 καὶ
2455 1798 2655 1867 μερι·

250 1887 441 1987 στῆς
514 1893 645 1989 τῆς
701 1886 1066 1969 Ἰουδαίων
1128 1885 1599 1987 ἀνοσιότητος
1660 1885 1750 1993 ἐξ
1813 1886 2111 1990 ἀκαίρου
2175 1888 2441 1971 δειλίας
2505 1889 2665 1968 ἀνε-

251 2013 595 2096 δείκνυτο.
700 2013 809 2097 τίς
882 2013 1010 2094 οὖν
1075 2014 1116 2091 ὃ
1193 2010 1580 2117 παραδοὺς,
1642 2010 1902 2107 βλέπει
1975 2010 2051 2090 δὲ
2122 2015 2221 2095 εἷς
2290 2012 2447 2091 τίνα
2520 2019 2667 2092 τῶν

251 2135 735 2240 ἐγκλημάτων
781 2137 829 2238 ἡ
882 2136 1391 2241 πρωτουργία;
1451 2133 1649 2234 οἶμαι
1702 2133 1833 2231 μὲν
1888 2134 1996 2214 ὅτι
2051 2170 2179 2215 τον
2229 2133 2668 2215 εὐωνότατον

147 2291 225 2348 ¹5
251 2261 604 2364 μαθητὴν,
650 2269 944 2361 μᾶλλον
992 2261 1069 2343 δὲ
1122 2258 1486 2413 προδότην
1540 2259 1679 2360 ἤδη
1740 2262 1856 2339 καὶ
1911 2262 2039 2359 τῆς
2096 2258 2275 2344 ιδίας
2329 2266 2665 2357 λυμεῶνα
2690 2297 2727 2340 ο

251 2391 525 2493 ψυχῆς,
589 2387 817 2489 ἤγουν
881 2387 988 2466 ἐπ’
1055 2385 1295 2465 ἐκείνω
1366 2391 1514 2465 τῶν
1574 2382 1989 2485 ἡγουμένων
2048 2417 2175 2464 τον
2237 2383 2486 2490 οχλον,
2546 2387 2666 2464 καὶ

253 2509 475 2592 αὐτὸν
528 2509 605 2594 δε
660 2518 807 2592 τῶν
855 2512 1219 2592 Ἰουδαίων
1274 2544 1404 2591 τον
1458 2513 1710 2610 δῆμον,
1767 2505 1826 2618 ᾧ
1882 2511 1998 2590 καὶ
2055 2513 2182 2611 τῆς
2238 2512 2668 2608 δυσσεβείας

252 2638 541 2721 ἀναθεις
593 2671 680 2718 το
732 2635 982 2735 πλέον,
1039 2637 1169 2716 οὐκ
1217 2635 1360 2744 ἔξω
1411 2634 1675 2734 ταύτης
1731 2640 2104 2719 παντελως
2158 2635 2290 2734 τὴν
2343 2645 2472 2718 τοῦ
2531 2644 2670 2719 Πι-

254 2761 487 2843 λάτου
534 2762 799 2842 τεθεικε
846 2757 1200 2869 κεφαλήν.

148 3056 372 3123 εοἚκ
427 3058 664 3124 τούτου
726 3058 764 3125 ὁ
820 3057 1107 3124 Πιλάτοο
1166 3056 1374 3147 ἐζήτει
1432 3056 1631 3123 αὐτὸν
1687 3057 2032 3123 ἀπολῦσαι·
2114 3053 2177 3122 οἶ
2241 3055 2314 3123 δὲ
2358 3055 2666 3124 Ἰουδαῖοι
2703 3092 2772 3131 12

356 3184 624 3273 ἔκραζον
688 3181 992 3258 λὲΓοντεο
1044 3181 1209 3247 Ἐὰν
1269 3187 1503 3248 τοῦτον
1565 3182 1925 3272 ἀπολύσῃς,
1987 3180 2107 3246 οὐκ
2170 3174 2232 3246 εἶ
2292 3180 2486 3269 φίλος
2550 3187 2666 3248 τοῦ

366 3307 710 3398 Καίσαρος·
822 3315 953 3374 nde
1045 3310 1083 3375 ὁ
1183 3309 1451 3387 βασιλέα
1538 3306 1775 3375 ἑαυτὸν
1862 3306 2072 3374 ποιῶν
2161 3306 2486 3383 ἀντιλὲΓει
2572 3312 2670 3394 τῷ

368 3433 659 3525 Καίσαρι.

372 3601 844 3680 Ἐπιτείνεται
909 3598 1041 3699 μὲν
1093 3604 1199 3705 τῷ
1256 3596 1562 3707 Πιλάτφ
1621 3597 1709 3679 τὸ
1773 3603 1998 3698 δεῖμα,
2056 3602 2172 3679 καὶ
2232 3600 2673 3702 γοργοτέραν
2699 3622 2744 3686 d

158 3751 234 3812 25
265 3722 706 3829 ἐνεργάζεται
769 3721 902 3822 τὴν
962 3722 1366 3820 εὐλάβειαν,
1424 3720 1640 3802 ὄκνον
1692 3756 1770 3802 τε
1840 3719 1971 3801 τὸν
2028 3728 2124 3806 εἰς
2196 3724 2281 3802 τὸ
2348 3723 2672 3829 φονεύειν

261 3852 541 3948 ἐμποιεῖ
579 3847 666 3928 τὸ
719 3845 838 3928 διὰ
887 3852 1033 3927 τῶν
1065 3846 1433 3926 Ἰουδαίων
1468 3843 2090 3952 ἀναφωνούμενον.
2168 3846 2492 3943 ἐπεβόων
2528 3847 2671 3952 γάρ

262 3983 304 4021 “
329 3971 509 4053 Ὅτι
583 3970 736 4052 υἱὸν
796 3977 991 4052 Θεοῦ
1062 3968 1314 4050 ἑαυτὸν
1381 3970 1780 4070 ἐποίησεν,”
1843 3967 1928 4049 ὃν
1992 3967 2082 4069 δὴ
2154 3973 2273 4050 καὶ
2340 3969 2673 4071 μάλιστα

262 4096 591 4178 κινδύνου
629 4096 762 4197 μὲν
800 4098 1066 4176 ἀνεῖναι
1114 4092 1406 4191 παντὸς,
1443 4094 1942 4198 συκοφαντίας
1991 4091 2066 4174 δὲ
2117 4094 2409 4197 ἀπάσης
2458 4099 2668 4177 ἐλευ-

262 4229 516 4327 θεροῦν
570 4220 1125 4327 προετεθύμητο,
1175 4219 1433 4299 πτοίαν
1483 4220 1670 4324 ἔχων
1718 4223 1817 4303 εὶς
1872 4226 2042 4299 νοῦν
2090 4218 2222 4320 τὴν
2272 4222 2389 4300 ε’πὶ
2445 4220 2673 4328 τούτῳ

162 4376 239 4436 30
263 4345 515 4448 δεινήν.
602 4345 643 4427 ὃ
699 4343 788 4445 δὴ
843 4342 1175 4428 συνέντες
1229 4348 1296 4423 οὶ
1353 4342 1443 4450 ἐξ
1488 4340 1823 4442 Ἰσραὴλ,
1868 4343 2052 4446 πρὸς
2108 4343 2241 4443 τὴν
2294 4347 2369 4424 ἐν
2418 4347 2673 4449 ἀρχαῖς

480 4626 528 4665 1.
566 4608 715 4680 ἐφεὶς
740 4608 807 4664 Ε.
831 4609 988 4681 ἀφεὶς
1012 4607 1117 4664 Ed.
1227 4610 1338 4665 ταῖς
1361 4626 1469 4663 om.
1497 4608 1562 4664 E.
2069 4607 2150 4660 16.
2187 4607 2370 4676 ψυχὴν
2396 4605 2462 4660 Ε.

346 4714 493 4759 vm..
530 4714 635 4758 111.
1496 4711 1535 4754 1.

2766 3997 2930 4061 Supra

2765 4078 2868 4113 ver.
2890 4073 2934 4123 7.
