3269 5166
637 334 726 399 90
1247 329 1327 395 Β.
1374 325 1788 393 CYBILLI
1846 324 2431 390 ALEXANDR.
2780 322 3053 408 τίκτῃ.

639 495 786 600 γάρ
830 529 986 579 πως
1045 496 1154 574 ἀεὶ
1207 491 1292 574 τὸ
1349 496 1660 593 θηλειῶν
1693 492 1854 570 ἐστι
1909 489 2135 592 γε’νος,
2188 493 2306 570 καὶ
2348 487 2543 571 πολὺ
2592 486 2682 589 δὴ
2732 488 2902 567 λίαν
2950 492 3057 574 εἰς

640 617 943 722 θρήνους
999 613 1304 713 εὐπετὲς,
1360 615 1537 696 ὅταν
1590 614 1681 715 δὴ
1735 611 2069 714 μάλιστα
2120 615 2241 693 καὶ
2290 613 2656 697 πλουσίας
2711 611 2863 717 ἔχοι
2914 620 3057 691 τοῦ

642 743 1095 846 δακρυῤῥοεῖν
1149 739 1279 825 τὰς
1328 738 1689 847 ἀφορμάς.
1771 739 1850 819 τί
1897 736 1986 840 δὴ
2047 737 2174 817 οὖν
2226 736 2369 839 ἄρα
2425 734 2511 817 τὸ
2571 740 3060 834 λεπτομυθεῖν

582 900 620 947 ο
642 867 1041 947 ἄναπεῖσαν
1102 863 1233 945 τὸν
1296 862 1645 967 μακάριον
1709 860 2296 966 Εὐαγγελιστὴν,
2364 863 2462 946 ὡς
2526 863 2643 940 καὶ
2702 863 2833 960 τῆς
2898 865 3061 938 τῶν

639 991 952 1092 γυναίων
987 991 1513 1089 διαμεμνῆσθαι
1547 991 2015 1102 παραμονῆς;
2067 984 2348 1071 σκοπὸς
2382 983 2527 1090 γὰρ
2563 985 2757 1093 αὐτῷ
2788 983 3056 1086 γε’γονε
3088 1015 3133 1078 5

641 1111 927 1220 διδάξαι
975 1113 1275 1208 κάκεῖνο,
1313 1109 1422 1192 ὅτι
1465 1115 1581 1191 καὶ
1618 1108 1843 1213 αὐτὴν
1878 1109 2063 1191 κατὰ
2096 1110 2183 1191 τὸ
2218 1107 2400 1193 εἰκὸς
2436 1107 2569 1208 τὴν
2602 1116 2732 1188 τοῦ
2771 1108 3059 1210 Κυρίου

638 1235 907 1339 μητέρα
965 1233 1050 1316 τὸ
1103 1234 1465 1337 ἀδοκήτως
1528 1233 1994 1337 συμβεβηκὸς
2055 1231 2544 1315 ε’σκανδοὶλισε
2606 1231 2859 1328 πάθος,
2924 1236 3053 1312 καὶ

639 1369 894 1464 μικροῦ
942 1369 1071 1441 τοῦ
1116 1360 1515 1464 πρέποντος
1548 1358 1903 1467 ἐξέστησε
1955 1365 2322 1462 λογισμοῦ
2366 1354 2624 1461 πικρὸς
2658 1356 2761 1435 ῶν
2792 1357 2972 1435 λίαν
3009 1357 3053 1436 ὁ

637 1488 755 1566 ἐπὶ
790 1484 885 1591 rc}
922 1493 1186 1594 σταυρῷ
1217 1482 1548 1568 θάνατος·
1607 1487 1728 1564 καὶ
1762 1482 1947 1587 πρός
1980 1517 2065 1586 γε
2100 1482 2351 1591 τούτῳ,
2380 1479 2473 1562 τὰ
2507 1487 2653 1561 τῶν
2675 1482 3056 1561 Ἰουδαίων

640 1608 1117 1709 ε’μπαίγματα,
1170 1610 1289 1688 καὶ
1338 1608 1539 1688 αὐτοὶ
1590 1606 1667 1688 δὲ
1721 1607 1912 1711 τοῖχα
1964 1607 2559 1711 προσεδρεύοντες
2622 1612 2719 1714 τῷ
2782 1612 3058 1713 σταυρῷ
3090 1648 3165 1689 10

641 1734 757 1811 καὶ
800 1733 1272 1833 διαγελῶντες
1327 1737 1394 1811 οἶ
1448 1738 1887 1837 στρατιῶται
1939 1728 2069 1812 τὸν
2104 1731 2615 1838 ἐξηρτημένον,
2654 1732 2772 1809 καὶ
2826 1730 3053 1828 αὐτῆς

640 1856 716 1934 ἐν
751 1853 919 1960 ὄψει
954 1858 1085 1954 τῆς
1119 1855 1388 1960 μητρὸς
1426 1854 1554 1936 τὸν
1586 1862 1734 1937 τῶν
1773 1857 2071 1957 ἱματίων
2115 1854 2619 1956 τολμήσαντες
2661 1853 3048 1955 μερισμόν.

573 1990 616 2056 d
638 1976 742 2078 μὴ
778 1976 925 2081 γὰρ
958 1978 1354 2085 ε’νδοιοῖσῃς,
1393 1978 1504 2060 ὅτι
1541 1980 1901 2067 τοιούτους
1945 1979 2143 2064 τινὰς
2193 1977 2601 2085 εἰσεδέξατο
2638 1978 3049 2080 λογισμούς

642 2102 1046 2203 Γεγέννηκα
1101 2102 1234 2201 μὲν
1291 2100 1436 2204 ἐγὼ
1490 2099 1618 2183 τὸν
1674 2105 1790 2184 ἐπὶ
1841 2102 2070 2210 ξύλου
2122 2102 2559 2205 γελώμενον·
2640 2102 2809 2181 ἀλλ’
2860 2100 3050 2180 Υὶὸν

638 2222 890 2306 ἑαυτὸν
913 2223 1272 2327 ἀληθινὸν
1324 2224 1500 2307 εἶναι
1556 2226 1797 2330 λέγων
1837 2237 1966 2307 τοῦ
2018 2227 2314 2308 πάντων
2347 2234 2776 2330 κρατοῦντος
2809 2229 3039 2321 Θεοῦ,
3080 2261 3159 2323 15

305 2379 469 2444 Supra
638 2349 828 2455 τιίχα
880 2384 1024 2431 που
1079 2354 1195 2430 καὶ
1251 2348 1713 2455 διεσφᾶλετο,
1757 2354 2120 2433 ἐπλανᾶτο
2172 2349 2356 2431 κατὰ
2410 2349 2494 2430 τὸ
2537 2347 2718 2435 εἰκός
2771 2359 2816 2396 “
2839 2347 3046 2449 'Eyd

467 2479 482 2494 '
642 2484 684 2521 “
720 2479 858 2573 εἶμι
896 2473 1131 2577 λέγων
1170 2476 1214 2574 ἦ
1253 2472 1457 2578 ζωή·”
1515 2481 1673 2559 πῶς
1710 2475 2183 2579 ἐσταυρώθη;
2249 2473 2433 2555 κατὰ
2467 2474 2626 2554 τίνα
2662 2472 2739 2553 δὲ
2770 2471 3046 2576 τρόπον

637 2604 787 2682 τοῖς
842 2605 989 2678 τῶν
1044 2601 1437 2705 φονώντων
1495 2601 1824 2705 ἐνεπνίγη
1874 2599 2219 2707 βρόχοις;
2300 2606 2457 2685 πῶς
2513 2601 2598 2680 οὐ
2657 2597 3043 2701 κεκράτηκε

636 2725 764 2822 τῆς
809 2727 953 2802 τῶν
990 2723 1394 2804 διωκόντων
1426 2725 1871 2825 ἐπιβουλῆς,
1934 2731 2089 2809 πῶς
2126 2724 2202 2804 δε
2248 2725 2332 2804 οὐ
2374 2722 2692 2805 κάτεισιν
2728 2721 2874 2803 ἀπο
2907 2730 3041 2802 τοῦ

636 2855 979 2950 σταυροῦ,
1018 2848 1245 2928 καίτοι
1279 2853 1384 2955 τῶ
1421 2845 1733 2958 Λαζοῖρῳ
1766 2852 2279 2952 παλινδρομεῖν
2316 2848 2658 2956 ἐπιτάξας
2697 2853 2794 2932 εἷς
2830 2843 3159 2949 (curmae

638 2973 756 3052 καὶ
790 2971 973 3074 ὅλην
1007 2980 1156 3057 τοῖς
1194 2972 1517 3071 θαύμασι
1561 2972 2038 3082 καταπλήξας
2074 2972 2207 3075 τὴν
2241 2973 2640 3070 ’Ῑουδαίαν;
2703 2974 2821 3052 καὶ
2858 2969 3042 3054 εἰκός

579 3130 722 3199 eye
778 3095 867 3198 δὴ
906 3098 1204 3204 σφόδρα
1253 3095 1338 3179 τὸ
1388 3097 1789 3202 μυστήριον
1827 3099 1954 3179 οὐκ
2010 3098 2188 3182 ειδὸς
2243 3099 2320 3178 ἐν
2355 3096 2700 3182 τοιούτοις
2752 3098 2906 3176 τισὶ
2953 3094 3039 3177 τὸ

637 3219 933 3321 γύναιον
967 3223 1371 3320 ὀλισθῆσαι
1418 3225 1943 3324 διαλογισμοῖς·
2009 3222 2150 3328 χρὴ
2185 3222 2330 3326 γὰρ
2365 3224 2625 3303 ἐννοεῖν
2659 3229 3042 3307 ποιοῦντας

637 3343 888 3444 ὀρθῶς,
925 3343 1037 3423 ὅτι
1071 3351 1219 3424 τῶν
1254 3343 1826 3445 συμβεβηκότων
1861 3347 1907 3446 ἡ
1947 3346 2169 3451 φύσις
2206 3344 2397 3448 δεινὴ
2443 3344 2626 3449 πρὸς
2677 3343 2763 3426 τὸ
2813 3380 3031 3427 κατα·-

636 3463 960 3570 στρέψαι
1008 3468 1126 3546 καὶ
1174 3463 1303 3546 τὸν
1341 3466 1666 3572 νήφοντα
1714 3470 2099 3572 λογισμόν.
2154 3467 2580 3571 θαυμαστὸν
2614 3467 2691 3551 δὲ
2740 3465 2947 3549 οὐδὲν
2981 3475 3038 3549 εἰ
3072 3509 3107 3550 2
3116 3508 3153 3569 5

635 3589 1073 3690 παρώλισθέ
1115 3624 1271 3674 πως
1326 3595 1426 3676 εἶς
1479 3599 1691 3673 τοῦτο
1747 3594 1950 3696 γυνή·
2032 3600 2093 3674 εἱ
2146 3592 2293 3698 γὰρ
2347 3594 2465 3674 καὶ
2526 3592 2737 3678 αὐτὸς
2796 3595 2841 3674 ὁ
2892 3600 3041 3674 τῶν

637 3711 860 3815 ἁγίων
950 3718 1294 3813 μαθητῶν
1383 3712 1764 3820 πρόκριτος
1845 3715 2119 3821 Πέτρος
2210 3717 2751 3817 ἐσκανδαλίσθη
2824 3715 3032 3816 ποτὲ,

638 3835 977 3938 λέγοντος
1028 3846 1157 3918 τοῦ
1193 3843 1526 3941 Χριστοῦ
1575 3841 1694 3921 καὶ
1745 3840 2211 3927 διδάσκοντος
2245 3844 2582 3946 ἐναργῶς,
2621 3838 2729 3921 ὅτι
2778 3840 3039 3940 μέλλοι

300 3969 552 4050 fflffpstb·
636 3964 1129 4062 παραδοθῆναι
1188 3973 1231 4011 “
1259 3969 1356 4047 εἷς
1420 3972 1662 4071 χεῖρας
1719 3966 2233 4069 ἆμαρτωλῶν,”
2295 3970 2411 4046 καὶ
2477 3963 2798 4070 σταυρὸν
2854 3966 3029 4046 ὑπο·

299 4049 546 4102 xxv-145.

302 4102 383 4220 ξιξ.
405 4105 509 4154 xvi.
636 4120 870 4186 μενειν
914 4089 1031 4167 καὶ
1082 4086 1495 4187 θιίνατον,
1452 4126 1548 4176 ως
1603 4093 2082 4195 ἀναφωνῆσαι
2125 4089 2664 4193 προαλέοτερον
2720 4101 2765 4138 “
2787 4084 3039 4174 Ἵλεώς
3074 4121 3158 4181 30

299 4239 561 4299 10653„
581 4255 619 4298 a
638 4218 684 4258 ‘⁶
718 4243 842 4291 σοι
892 4211 1132 4318 Κύριε,
1168 4212 1252 4294 οὖ
1305 4210 1406 4313 μὴ
1450 4213 1658 4295 ἔσται
1709 4248 1837 4294 σοι
1889 4222 2127 4295 τοῦτο·
2133 4215 2310 4295 ”τι’
2356 4211 2441 4296 τὸ
2490 4213 2931 4322 παράδοξον,
2981 4220 3041 4296 εἰ

708 4367 909 4440 &lxm
932 4368 999 4423 Ε.
1022 4370 1134 4442 ἔχει
1158 4369 1265 4426 Ed.
1898 4385 1948 4441 7.
1987 4366 2347 4443 συμβεβηκὸς]
2372 4371 2591 4453 γεγονὸς
2613 4371 2951 4440 συμβεβηκὸς
2974 4371 3040 4430 Ε.

639 4437 723 4494 ι6.
759 4438 1081 4510 διεσφᾶλετο
1116 4439 1350 4511 Eprius
1387 4441 2068 4512 seriptum.aa‹011›aum
2107 4440 2155 4496 E
2186 4459 2353 4497 manu
2389 4443 2564 4512 prima
2597 4442 2909 4513 castigatus.
2938 4442 3038 4499 Ed.

635 4509 830 4566 Statim
853 4510 1112 4566 ἐπλανᾶτο
1136 4513 1263 4565 κατὰ
1285 4513 1346 4565 τὸ
1370 4511 1505 4570 εἰκός
1526 4522 1870 4584 assumptum
1893 4530 1959 4567 ex
1986 4511 2051 4567 E.
2492 4510 2580 4569 26.
2615 4513 2953 4583 παρόλισθοί
2976 4514 3038 4571 Β.

636 4582 723 4636 28.
759 4580 952 4651 με’λλοι
981 4581 1043 4636 Ε.
1067 4583 1256 4651 μέλλει
1282 4581 1385 4637 Ed.
