3269 5166
1106 1256 1589 1334 ΚΕΦΑΛΗ
1674 1258 1802 1333 ΙΒ.

226 1513 381 1581 Ὅτι
443 1518 594 1580 κατὰ
651 1517 842 1599 φύσιν
902 1517 972 1583 ἕν
1028 1519 1198 1583 ἐστιν
1256 1519 1290 1581 ὁ
1337 1518 1482 1587 ’Υἱὸς
1538 1519 1687 1601 πρὸς
1746 1518 1854 1584 τὸν
1915 1521 2126 1585 ἑαυτοῦ
2177 1517 2426 1600 Πατέρα
2477 1516 2661 1598 Θεὸν,

470 1635 585 1702 κᾶν
630 1637 707 1705 ὣς
751 1638 819 1702 ἑν
856 1637 1095 1723 χάριτος
1134 1639 1300 1722 μέρει
1343 1638 1629 1718 δέξασθαι
1673 1641 1827 1727 λέγῃ
1872 1639 1941 1706 τὸ
1986 1640 2056 1707 ἓν
2101 1640 2255 1705 εἶναι
2296 1636 2442 1722 πρός

1244 1759 1353 1826 τὸν
1395 1758 1658 1844 Πατέρα.
2680 1856 2717 1900 Θ

174 1990 211 2046 5
245 1975 447 2051 «du-‹1›
502 1973 623 2043 τὴν
678 1974 881 2047 δόξαν
937 1976 1016 2044 ἦν
1073 1977 1372 2045 δέδωκάς
1427 2002 1532 2056 μοι
1593 1977 1854 2047 δέδωκα
1913 1972 2154 2059 αὐτοῖο,
2207 1977 2313 2044 ἵνα
2370 1971 2532 2043 ὦσιν
2586 1976 2656 2043 ἓν
2687 1992 2760 2037 22

352 2102 576 2170 καθὼς
649 2100 838 2180 ἡμεῖς
900 2105 991 2187 ἓν,
1051 2105 1185 2180 ἐγὼ
1253 2105 1325 2171 ὲν
1388 2102 1630 2172 αὐτοῖο
1684 2104 1791 2172 καὶ
1863 2104 1937 2172 οὑ
2008 2105 2078 2171 ὲν
2139 2102 2304 2184 ἐμοὶ,
2365 2102 2471 2169 ἴνα
2534 2097 2660 2169 ὦσι
2689 2117 2765 2176 23

351 2231 857 2306 τετελειωμένοι
937 2228 1031 2296 εἰο
1109 2231 1203 2312 ἓν,
1272 2231 1381 2297 ἵνα
1464 2229 1751 2322 Γινώσκῌ
1821 2230 1858 2297 ὃ
1933 2234 2173 2307 κόσμος
2255 2230 2357 2295 ὅτι
2431 2228 2508 2295 σύ
2575 2251 2661 2309 με

351 2352 749 2421 ἀπέστειλας
803 2355 913 2421 καί
965 2355 1311 2431 ιἰΓάπΗσαο
1364 2355 1603 2424 αὐτοὺς
1660 2357 1880 2425 καθὼς
1933 2355 2051 2433 ἐμὲ
2105 2356 2469 2430 ιἰΓάπΗσαο.

365 2556 845 2634 ΟΥΣΙΩΔΗ
903 2589 982 2636 τε
1032 2557 1152 2635 καὶ
1206 2554 1530 2663 φυσικὴν
1582 2554 1716 2658 τὴν
1770 2556 2031 2637 ἕνωσιν
2086 2555 2273 2663 ἔχειν
2328 2553 2404 2635 εὖ
2456 2552 2661 2656 μάλα

140 2715 219 2757 ιο
249 2677 688 2784 φρονοῦντές
743 2686 985 2785 φαμεν
1033 2678 1219 2784 πρὸς
1274 2679 1404 2760 τὸν
1438 2683 1692 2762 ἑαυτοῦ
1730 2681 2026 2785 Πατεζοα
2068 2678 2197 2762 τὸν
2236 2683 2655 2784 Μονογενῆ,

251 2799 439 2881 καθο
476 2804 597 2882 καὶ
632 2803 1049 2905 γεγέννηται
1084 2802 1268 2885 κατὰ
1313 2803 1440 2884 τὸν
1477 2807 1717 2908 ἀληθῆ
1761 2810 1891 2905 τῆς
1928 2803 2330 2907 γεννήσεως
2367 2800 2659 2908 τρόπον,
2684 2834 2722 2874 a
2740 2819 2992 2877 loolA.

251 2928 371 3005 καὶ
418 2925 508 3033 ἐξ
550 2927 769 3007 αὑτοῦ
817 2935 1078 3009 νοεῖται
1126 2932 1244 3009 καὶ
1280 2931 1357 3010 ἐν
1393 2930 1610 3038 αὐτῷ,
1640 2935 1732 3036 τῇ
1768 2929 1900 3028 μὲν
1934 2930 2086 3009 κατ’
2127 2930 2314 3008 ἰδίαν
2351 2925 2661 3032 ὕπαρξιν

250 3048 611 3154 ἑτερότητι
646 3050 1012 3133 διεστάναι
1055 3088 1133 3134 τε
1177 3056 1295 3133 καὶ
1345 3053 1726 3157 διωρίσθαι
1773 3055 2025 3151 δοκῶν,
2061 3058 2153 3158 τῇ
2190 3048 2420 3152 γεμὴν
2457 3083 2658 3147 συμ-

252 3175 632 3281 φυεστάτῃ
684 3180 814 3275 τῆς
868 3178 1118 3262 οὐσίας
1172 3176 1550 3279 ταυτότητι
1596 3179 1716 3258 καὶ
1762 3179 1859 3262 ὡς
1906 3176 1983 3256 ἕν
2026 3210 2098 3256 τι
2144 3171 2327 3276 μετὰ
2365 3170 2661 3277 Πατρος

151 3339 225 3401 15
253 3300 651 3399 νοούμενος.
708 3300 944 3401 ἐπειδὴ
979 3300 1054 3381 δὲ
1088 3306 1217 3402 τῆς
1252 3302 1415 3383 καθ’
1456 3302 1644 3403 ἡμᾶς
1680 3301 1911 3381 ἕνεκεν
1947 3299 2367 3400 οἰκονομίας,
2404 3332 2656 3399 σωτη-

251 3426 410 3528 ρίας
448 3459 527 3505 τε
574 3429 692 3506 καὶ
735 3426 936 3530 ζωῆς,
972 3428 1099 3506 τὸν
1136 3428 1212 3507 ἐν
1247 3428 1501 3533 ἀρχαῖς
1550 3422 1801 3529 ὥσπερ
1851 3424 2197 3526 ἐκβέβηκε
2243 3423 2488 3521 τόπον,
2525 3419 2661 3523 τὴν

252 3546 561 3649 ἰσότητά
608 3555 798 3656 φημι
845 3548 978 3650 τὴν
1012 3548 1195 3653 πρὸς
1243 3549 1372 3631 τὸν
1408 3549 1705 3654 Πατέρα
1758 3552 1875 3630 καὶ
1921 3549 2133 3647 Θεὸν,
2173 3552 2370 3629 δοκεῖ
2413 3547 2489 3627 δὲ
2540 3549 2659 3627 καὶ

251 3675 766 3754 σεσαλεῦσθαί
795 3708 950 3759 πως
987 3679 1083 3759 εἷς
1116 3672 1250 3774 τὴν
1277 3678 1404 3774 τῆς
1440 3676 1940 3781 ἀφανεστερας
1977 3672 2195 3781 δόξης
2231 3672 2656 3775 ὑπέρβασιν·

251 3807 467 3879 τοῦτο
512 3796 656 3900 γὰρ
693 3794 785 3898 ἦν
827 3796 912 3878 τό
951 3797 1435 3879 Κεκένωκεν’
1398 3798 1674 3880 εαυτόν·
1741 3800 1784 3879 ὁ
1837 3796 2068 3880 πάλαι
2123 3801 2241 3877 καὶ
2293 3796 2383 3904 ἐξ
2431 3798 2659 3901 ἀρχῆς
2748 3799 2921 3930 {¹²5¹-
2906 3816 2960 3850 ¹¹·

155 3972 227 4013 20
250 3921 671 4027 ἐνυπάρχων
726 3922 907 4022 μετὰ
965 3921 1255 4027 Πατρὸς
1320 3923 1597 4028 δεχεται
1659 3931 1869 4004 τοῦτο
1927 3919 2112 4023 μετὰ
2177 3919 2471 4024 σαρκὸς,
2529 3926 2659 3999 τοῦ
2683 3934 2728 3998 b

249 4081 505 4150 γηινου
559 4080 638 4127 τε
694 4049 814 4126 καὶ
868 4045 1204 4150 ἐπικήρου
1256 4046 1796 4151 περιβλήματος
1856 4049 1974 4127 καὶ
2029 4049 2158 4145 τῆς
2216 4044 2659 4148 ἀνθρωπείας

249 4174 564 4277 μορφῆς,
636 4175 766 4270 τῆς
837 4172 932 4256 ὡς
1006 4173 1083 4251 ἐν
1150 4169 1353 4279 λόγῳ
1428 4174 1618 4279 φημὶ
1689 4177 1792 4278 τῷ
1874 4175 2164 4278 φυσικῷ
2242 4167 2654 4268 νοουμένης,

250 4293 705 4396 ἀπαιτούσης
752 4296 1173 4400 ἀναγκαίως,
1211 4294 1534 4400 καθάπερ
1581 4297 1658 4375 ἐν
1702 4294 1992 4402 χάριτος
2038 4294 2254 4398 μέρει,
2301 4291 2386 4373 τὸ
2439 4292 2661 4402 φύσει

327 4552 427 4603 1-4
455 4552 566 4590 om.
596 4534 660 4589 Ε.
906 4534 958 4590 6.
996 4532 1077 4607 ἓν]
1114 4543 1162 4600 -1-
1200 4534 1359 4606 ἐσμεν
1383 4532 1488 4591 Ed.
1513 4527 1684 4590 invito
1708 4532 1777 4590 E.
2019 4543 2070 4602 7.
2106 4530 2179 4589 εἷς
2203 4528 2256 4586 ἓν
2278 4525 2664 4597 τετελειωμένοι

250 4607 467 4663 inverso
492 4605 681 4662 ordine
708 4605 774 4660 E.

128 4733 165 4814 4
336 4707 484 4756 VOL.
517 4710 609 4756 111.
1446 4708 1488 4754 B
