3269 5166
157 1030 198 1093 5

215 368 326 411 xx.
351 365 583 434 22,23.
674 347 792 413 IN
844 347 911 415 S.
943 346 1468 414 JOANNEM.
1555 346 1754 412 LIB.
1785 346 1951 413 XII.
2041 346 2243 414 CAP.
2277 348 2335 413 1.
2500 347 2627 414 133

2521 511 2626 541 ‘'⁸”
2717 512 2967 567 Invaiii.

218 545 480 617 χρισεν
523 512 603 591 ἐκ
649 521 693 559 “
715 520 844 592 τοῦ
898 511 1197 612 αἵματος
1252 510 1380 594 τὸν
1433 511 1667 610 λοβὸν
1719 519 1849 593 τοῦ
1903 509 2083 598 ὠτὸς
2137 520 2266 593 τοῦ
2321 512 2581 620 δεξιον,

219 633 413 716 καθὰ
465 636 888 740 γέγραπται,
925 635 1223 738 ἐπέθηκε
1277 636 1355 717 δὲ
1410 639 1526 718 καὶ
1565 648 1610 685 “
1641 640 1755 718 ἐπὶ
1811 635 1894 718 τὸ
1951 637 2172 741 ἄκρον
2214 641 2346 737 τῆς
2396 635 2629 743 χειρὸς

220 763 429 859 “τῆς
484 759 724 866 δεξιᾶς
778 762 897 842 καὶ
951 763 1064 842 ἐπὶ
1120 759 1206 842 τὸ
1262 761 1485 864 ἄκρον
1529 769 1660 843 τοῦ
1714 759 1938 845 ποδὸς
1983 768 2112 842 τοῦ
2167 761 2464 868 δεξιοῦ,”
2502 770 2630 842 τοῦ

221 880 409 963 κατὰ
445 882 779 986 Χριστὸν
814 887 1215 989 μυστηρίου
1251 885 1382 966 τὸν
1416 884 1646 967 τύπον
1682 888 1779 970 ὡς
1826 887 1904 965 ἐν
1939 882 2151 966 εικόνι
2196 884 2624 994 ζωγραφῶν.

222 1007 396 1088 ἔνθα
450 1005 597 1112 γὰρ
654 1010 844 1112 ὕδωρ
901 1013 1015 1090 καὶ
1073 1007 1253 1109 αἶμά
1302 1013 1485 1107 ἐστι,
1518 1007 1612 1090 τά
1668 1012 1754 1090 δι’
1794 1006 1896 1089 ὧν
1942 1010 1982 1089 5
2038 1009 2426 1113 ἁγιασμὸς,
2473 1017 2630 1096 πῶς

219 1130 268 1232 ἢ
305 1130 535 1214 πόθεν
568 1133 1090 1239 ἀμφίβολον,“
1051 1167 1161 1215 οτι
1206 1139 1334 1236 τῆς
1387 1136 1729 1229 ἀληθείας
1775 1133 1861 1214 τὸ
1910 1132 2186 1219 κάλλος
2236 1135 2313 1214 ἐν
2349 1137 2623 1243 ἀφανε-

217 1255 510 1359 στέροις
558 1256 664 1337 ἔτι
714 1257 1179 1340 διεπλάττετο
1226 1257 1526 1355 τύποις;
1590 1260 1632 1338 5
1683 1257 1760 1338 δὲ
1800 1257 2064 1363 Κύριος
2108 1259 2312 1359 ἡμῶν
2345 1259 2632 1361 Ἰησοῦς
2656 1276 2699 1343 b

221 1382 266 1460 5
306 1378 656 1484 Χριστὸς,
695 1388 792 1466 εἷς
826 1382 1164 1484 ἀληθείας
1199 1383 1501 1483 δύναμιν
1535 1382 1621 1464 τὸ
1672 1387 1928 1488 σχῆμα
1978 1390 2106 1464 τοῦ
2153 1382 2372 1483 νόμου
2406 1418 2626 1482 μετα·

221 1509 392 1603 θεὶς,
452 1501 620 1591 τοὺς
678 1513 824 1587 τῶν
887 1508 1098 1588 θείων
1153 1507 1696 1612 θυσιαστηρίων
1754 1505 2158 1612 ὶερουργοῦς
2220 1514 2486 1588 τελειοῖ
2542 1508 2630 1587 δι’

118 1650 203 1694 ¹0
224 1632 505 1711 ἑαυτοῦ.
616 1634 734 1710 καὶ
805 1629 951 1736 γάρ
1023 1633 1226 1712 ἐστιν
1296 1631 1509 1718 αὐτὸς
1583 1631 1623 1712 5
1698 1635 1828 1731 τῆς
1899 1631 2340 1716 τελειώσεως
2413 1631 2631 1735 κριός.

117 2281 199 2343 15

118 2908 199 2949 20

117 3522 196 3585 ²5

117 4161 195 4219 30

221 1761 498 1834 τελειοῖ
524 1753 600 1834 δὲ
638 1754 724 1835 δι’
766 1756 1137 1858 ἀγιασμοῦ
1173 1763 1302 1837 τοῦ
1336 1753 1534 1864 κατὰ,
1556 1754 1923 1856 ἀλήθειαν,
1963 1759 2089 1856 τῆς
2126 1757 2305 1841 ἰδίας
2339 1755 2634 1863 φύσεως

219 1875 603 1964 κοινωνοὺς
639 1878 757 1959 διὰ
801 1884 929 1980 τῆς
965 1887 1095 1961 τοῦ
1135 1885 1210 1961 Π
1214 1879 1556 1979 νεύματος
1603 1880 1987 1979 μετουσίας
2035 1878 2472 1975 ἀναδεικνὺς,
2515 1884 2633 1963 καὶ

220 2003 786 2108 μεταχαλκεύων
848 2002 1121 2110 τρόπον
1180 2002 1341 2085 τινὰ
1405 2002 1539 2104 τὴν
1607 2004 1989 2110 ἀνθρώπου
2053 2005 2284 2110 φύσιν
2342 2011 2438 2089 εἶς
2500 2003 2633 2105 τὴν

222 2125 407 2231 ὑπερ
447 2126 831 2232 ἄνθρωπον
867 2128 1166 2229 δύναμίν
1201 2164 1280 2209 τε
1323 2132 1441 2211 καὶ
1482 2127 1733 2238 δόξαν.

339 2253 637 2333 ἠἈλλ
597 2288 705 2334 οτι
740 2253 875 2353 μὲν
906 2257 1034 2355 τῆς
1083 2254 1423 2355 ἀληθείας
1473 2256 1602 2335 οὐκ
1658 2253 1800 2362 ἔξω
1853 2289 1996 2336 που
2046 2258 2373 2362 φανεῖται
2424 2257 2541 2335 καὶ
2590 2255 2633 2334 5

220 2380 388 2484 περὶ
449 2376 725 2459 τούτων
788 2379 958 2478 ἡμῖν
1018 2412 1330 2483 γεγσνως
1394 2377 1637 2482 λόγος,
1698 2380 1829 2460 οὐκ
1890 2379 2330 2486 ἀμφίβολον.
2431 2375 2632 2481 πλὴν
2654 2426 2693 2472 0

221 2499 448 2585 ἐκεῖνό
484 2536 590 2587 τις
628 2501 868 2607 λέγων
901 2503 1239 2611 ἀφίξεται
1287 2502 1508 2610 τυχὸν
1542 2506 1660 2585 καὶ
1704 2501 2281 2612 φιλοπευστήσει
2311 2538 2631 2610 χρηστο-

221 2632 497 2726 μαθῶς,
552 2628 699 2731 ἐρεῖ
756 2626 833 2709 δὲ
894 2627 1074 2712 ἴσως
1133 2633 1287 2709 Ποῖ
1347 2627 1435 2729 δὴ
1502 2627 1646 2733 ἄρα
1710 2632 1837 2709 καὶ
1890 2628 2070 2711 πότε
2130 2627 2265 2730 τὴν
2321 2628 2440 2710 διὰ
2503 2638 2631 2711 τοῦ

223 2749 655 2850 Πνεύματος
708 2751 921 2857 χάριν
969 2756 1034 2833 οἱ
1089 2759 1218 2834 τοῦ
1275 2756 1612 2856 Σωτῆρος
1667 2754 1870 2854 ἡμῶν
1917 2754 2348 2852 ἐκομίσαντο
2400 2760 2635 2854 μαθη-

224 2876 393 2971 ταί;
450 2872 565 2954 ὅτε
622 2874 774 2955 κατ’
814 2873 1009 2956 οἶκον
1045 2877 1283 2961 αὐτοῖς
1337 2877 1762 2983 ἐπέλαμψεν
1798 2878 1839 2957 5
1878 2875 2137 2979 Σωτὴρ
2191 2877 2398 2962 εὐθὺς
2451 2877 2634 2976 μετὰ

220 3000 362 3103 τὴν
397 2999 835 3099 ἀνάστασιν,
876 2998 1299 3110 ἐνεφύσησέ
1334 3035 1413 3081 τε
1466 3001 1706 3106 λέγων
1742 3003 2022 3097 Λάβετε
2060 3004 2339 3107 Πνεῦμα
2371 2996 2626 3103 ‘'A‘yeov·

220 3123 270 3226 ἢ
321 3126 401 3205 ἐν
448 3130 604 3209 ταῖς
653 3125 942 3227 ἡμεραις
989 3129 1119 3226 τῆς
1167 3126 1374 3229 ἁγίας
1418 3129 1935 3227 πεντηκοστῆς,
1974 3124 2091 3205 ὅτε
2137 3124 2226 3226 δὴ
2274 3122 2500 3206 πάλιν
2536 3130 2634 3211 εἱς

219 3249 354 3330 ἕνα
416 3247 923 3354 συναχθέντων
976 3248 1201 3330 τόπον
1257 3261 1300 3297 “
1334 3251 1669 3353 Ἐγένετο
1732 3250 1943 3357 αφνω
2011 3250 2090 3330 ἐκ
2145 3257 2276 3330 τοῦ
2331 3249 2633 3353 οὐρανοῦ

2569 3381 2602 3399 Α

305 3372 488 3481 ἦχος
530 3407 779 3477 ωσπερ
835 3373 1230 3479 φερομένης
1269 3379 1493 3475 πνοῆς
1535 3375 1797 3473 βιαίας,
1834 3375 1952 3455 καὶ
1993 3369 2355 3482 ωφθησαν
2393 3374 2632 3460 αὐτοις

223 3509 269 3547 “
221 3384 871 3600 “διαμεριζὸμεναι
922 3504 1273 3600 γλῶσσαι
1326 3501 1502 3579 ὡσεὶ
1552 3497 1798 3602 πυρὸς,
1834 3502 1953 3581 καὶ
1988 3498 2320 3581 ἐκάθισεν
2356 3500 2467 3607 ἐφ’
2508 3500 2632 3580 ἕνα
2657 3537 2702 3601 d

222 3634 268 3672 “
305 3623 621 3704 ἕκαστον
685 3622 941 3721 αὐτῶν,
1006 3624 1124 3703 καὶ
1199 3621 1516 3731 ἤρξαντο
1586 3630 1842 3703 λαλεῖν
1905 3624 2173 3728 ἑτέραις
2246 3624 2634 3727 γλώσσαις

221 3759 269 3797 “
303 3745 548 3832 καθὼς
595 3744 682 3827 τὸ
722 3751 1022 3846 Πνεῦμα
1071 3745 1302 3827 ἐδίδου
1348 3747 1946 3854 ἀποφθέγγεσθαι
1999 3746 2302 3834 αὐτοῖς.”
2360 3747 2405 3851 ἢ
2463 3748 2631 3854 γὰρ,

220 3876 438 3980 φησὶ,
494 3869 740 3971 διττὴν
794 3868 1136 3952 δεδόσθαι
1194 3870 1327 3971 τὴν
1379 3871 1592 3977 χάριν
1647 3873 1886 3958 αὐτοῖς
1939 3870 2357 3973 οἰησόμεθα,
2412 3873 2637 3976 ἤγουν

217 3995 352 4077 τὸν
407 3992 660 4100 καιρὸν
713 3994 1194 4097 ἀγνοήσομεν,
1242 3996 1409 4076 καθ’
1459 3993 1543 4077 ὃν
1597 3998 1890 4096 ἀληθῶς
1942 3994 2294 4100 γεγόνασι
2348 3999 2637 4104 μέτοχοι

218 4130 350 4204 τοῦ
404 4121 673 4221 Ἀγίου
728 4124 803 4200 Π
807 4119 1174 4220 νεύματος,
1229 4118 1423 4225 εἴπερ
1483 4119 1759 4220 ἀληθὴς
1824 4123 1943 4201 καὶ
2003 4123 2045 4201 5
2109 4128 2239 4202 τοῦ
2300 4127 2636 4226 Σωτῆρος

212 4246 423 4346 ἡμῶν
461 4244 864 4349 εὑρίσκοιτο
901 4241 1128 4345 λόγος
1172 4246 1288 4325 καὶ
1338 4244 1423 4325 τὸ
1458 4245 1535 4324 ἐν
1566 4250 1724 4329 ταῖς
1771 4243 2090 4352 πράξεσι
2142 4244 2638 4350 γεγραμμένον

210 4375 376 4479 περὶ
434 4376 588 4453 τῶν
644 4368 873 4471 ἁγίων
926 4374 1291 4469 μαθητῶν.
1384 4368 1555 4447 ἀλλ’
1614 4369 2044 4467 ἐνδοιασμοῦ
2106 4369 2237 4470 μὲν
2293 4368 2500 4478 ἀξιον
2552 4369 2638 4453 τὸ

510 4614 600 4670 23.
640 4596 730 4651 ἕνα
755 4614 809 4668 p.
835 4594 891 4652 ἓν
915 4596 1020 4653 Ed.
1854 4614 1939 4665 24.
1976 4599 2265 4669 φερόμενος
2290 4597 2356 4653 Ε.

2721 595 2799 645 ²3.

2720 3276 2966 3329 AetaSS.

2719 3343 2825 3409 Ap.
2846 3344 2902 3396 ii.

2723 3424 2770 3468 ²
2788 3424 2902 3477 &4-
