3269 5166
390 408 457 473 [ι
555 409 615 459 M
654 325 835 475 ]404
1010 324 1087 387 Β.
1135 321 1516 388 CYRILLI
1566 320 2100 385 ALEXANDR.
2155 318 2715 383 FRAGMENTA
2803 316 2883 378 iii.
2907 313 3037 398 5,6.

474 423 531 471 ¹4
619 446 632 460 .

704 487 1220 586 κοσμούμενον.
1282 483 1458 566 εἶναι
1500 483 1645 587 γάρ
1683 491 1915 591 φησιν
1951 487 2011 565 ἐν
2047 494 2142 593 τῷ
2193 484 2352 591 οἴκῳ
2395 480 2658 563 πιστὸν
2695 490 2782 566 εἰς
2823 480 3043 587 μαρτύ-

703 645 824 719 ριον
879 611 1002 691 τῶν
1065 608 1628 715 λαληθησομένων,
1682 610 2053 689 τουτέστιν
2115 615 2214 692 εἰς
2276 606 2628 687 διακονίαν
2685 612 2824 686 τῶν
2876 602 3048 704 παρὰ

704 738 897 812 Θεοῦ
961 733 1229 834 λόγων,
1287 732 1618 836 Χριστὸν
1674 731 1751 811 δὲ
1806 734 1940 836 οὐχ
1994 734 2242 816 οὕτως·
2301 734 2386 811 οὗ
2438 730 2581 833 γὰρ
2635 733 2730 813 ὡς
2783 733 2854 808 ἐν
2903 726 3049 832 οἴκω

699 854 967 936 πιστὸν
1013 857 1309 956 οἰκέτην,
1364 859 1534 935 ἀλλ’
1582 860 1677 939 ὡς
1721 854 1903 935 Υῖον
1958 859 2076 935 καὶ
2129 854 2490 954 δεσπότην
2543 857 2658 933 ἐπὶ
2710 853 2835 932 τὸν
2884 848 3053 930 οἶκον

700 987 830 1059 τοῦ
872 978 1183 1083 Πατρος,
1225 979 1596 1061 τουτέστιν
1651 981 1837 1079 ἡμᾶς
1889 979 2055 1064 τοὺς
2107 983 2186 1059 ἐν
2224 980 2465 1060 πίστει
2519 973 3053 1073 δεδικαιωμένους
3075 1003 3103 1061 5

701 1105 817 1181 καί
880 1103 1359 1205 ἡγιασμένους
1420 1107 1498 1184 ἐν
1550 1103 1924 1202 πνεύματι.
2014 1101 2605 1204 πεπαιδαγώγηκε
2669 1100 2798 1198 μὲν
2844 1098 2974 1201 γὰρ
3022 1098 3058 1175 5

702 1231 991 1324 Μωσῆς
1026 1226 1144 1307 διὰ
1188 1232 1314 1327 τῆς
1363 1237 1491 1308 τοῦ
1539 1227 1762 1325 νόμου
1795 1233 2007 1311 σκιᾶς
2061 1226 2224 1311 τοὺς
2278 1223 2773 1330 ἀρχαιοτέρους
2825 1227 2934 1301 καὶ
2981 1218 3059 1300 τὰ

700 1354 828 1449 τῆς
890 1355 1232 1450 οἰκετικῆς
1290 1349 1764 1452 γνησιότητος
1826 1348 2178 1451 ἐκομίζετο
2235 1351 2433 1453 γε’ρα,
2499 1355 2693 1430 Θεοῦ
2747 1345 3059 1448 λέγοντος

362 1495 517 1544 Dent
544 1510 592 1544 v
700 1474 884 1576 πρὸς
938 1474 1154 1554 αὐτόν
1189 1486 1233 1523 “
1266 1474 1371 1555 Συ
1422 1475 1498 1555 δὲ
1552 1476 1770 1554 αὐτοῦ
1821 1479 2039 1574 στῆθι
2093 1475 2240 1573 μετ’
2281 1476 2488 1571 ἐμοῦ,’
2490 1471 2744 1552 ’πολὺ
2791 1472 2865 1551 δε
2918 1471 3061 1548 λίαν

362 1573 583 1690 {sain-ai.
608 1641 653 1689 3.
701 1601 776 1677 ἐν
812 1600 1180 1697 ἀμείνοσιν
1215 1602 1329 1680 ἐπὶ
1362 1603 1716 1702 Χριστοῦ.
1792 1598 2113 1679 κεκάθικε
2151 1597 2293 1700 γὰρ
2331 1608 2376 1644 “
2401 1601 2477 1678 ἐν
2513 1598 2717 1703 δεξιᾷ
2760 1603 2884 1676 τοῦ
2917 1591 3061 1695 θρό-
3085 1625 3134 1666 10

701 1733 744 1770 ‘⁶
780 1755 905 1800 νου
942 1726 1069 1821 τῆς
1102 1724 1633 1824 μεγαλωσύνης
1669 1725 1747 1802 ἐν
1784 1724 2156 1827 ὑψηλοῖς,”
2193 1726 2308 1801 καὶ
2346 1720 2753 1825 κατῴκηκεν
2789 1723 2882 1804 ὡς
2911 1714 3064 1800 Υἱὸς

699 1849 816 1925 καὶ
857 1847 1124 1948 Κύριος
1169 1850 1244 1926 ἐν
1280 1853 1384 1954 τῷ
1439 1847 1607 1953 οἴκῳ
1663 1853 1790 1925 τοῦ
1831 1844 2120 1947 Πατρὸς
2158 1848 2400 1925 αὑτοῦ.
2482 1844 2909 1947 ἐναυλίζεται
2942 1839 3062 1944 γὰρ

697 1970 865 2068 ἡμῖν
903 1975 999 2053 ὡς
1040 1968 1225 2054 Θεὸς
1263 1971 1380 2048 διὰ
1415 1978 1545 2049 τοῦ
1582 1970 1760 2050 ἰδίου
1801 1969 2240 2068 Πνεύματος,
2279 1972 2505 2049 καίτοι
2540 1978 2672 2048 τοῦ
2705 1965 3063 2071 πανσόφου

702 2095 1037 2179 Μωσέως
1075 2098 1151 2174 ἐν
1186 2096 1416 2174 οὐδενὶ
1452 2092 2035 2193 κατοικήσαντος,
2071 2095 2156 2173 οὗ
2189 2092 2336 2196 γὰρ
2368 2090 2664 2197 με’τοχοι
2697 2089 3064 2195 γεγόναμεν

702 2218 1060 2315 Μωσέως,
1133 2219 1304 2297 ἀλλ’
1374 2217 1534 2298 οὐδὲ
1605 2213 1853 2319 ἑτέρου
1926 2215 2113 2301 τινὸς
2187 2223 2336 2296 τῶν
2409 2218 2653 2319 ἁγίων,
2727 2212 3057 2317 μετεσχή-
3087 2238 3136 2294 15

697 2374 919 2438 καμεν
956 2340 1031 2420 δὲ
1082 2349 1210 2421 τοῦ
1245 2347 1596 2443 Χριστοῦ,
1631 2340 1748 2420 διά
1783 2374 1859 2420 τε
1907 2350 2035 2420 τοῦ
2073 2342 2495 2439 Πνεύματος
2549 2344 2666 2421 καὶ
2717 2344 2841 2438 τῆς
2874 2340 3056 2418 εὐλο-

695 2465 858 2566 γίας
912 2468 1040 2563 τῆς
1091 2469 1469 2563 μυστικῆς.
1549 2464 1775 2543 καίτοι
1824 2462 1969 2613 γὰρ
2003 2469 2195 2543 Θεοῦ
2238 2460 2581 2566 λεγοντος
2629 2466 2720 2544 δι’
2760 2497 2909 2547 ενος
2942 2466 3064 2542 τῶν

362 2604 620 2720 {6051}ss
694 2590 921 2688 ἁγίων
969 2595 1368 2694 προφητῶν
1424 2599 1467 2636 “
1489 2585 1668 2668 ‘'Orc
1717 2587 2064 2688 ἐνοικήσω
2114 2590 2189 2668 ἐν
2225 2590 2461 2673 αὐτοῖς
2517 2592 2634 2667 καὶ
2693 2592 3059 2690 ἐμπεριπα·

355 2710 981 2811 xxvi.12.“·1750·m
1020 2716 1137 2791 καὶ
1174 2711 1431 2809 ἔσομαι
1467 2712 1702 2789 αὐτῶν
1740 2710 1929 2794 Θεος
1969 2713 2084 2789 καὶ
2121 2713 2320 2791 αὐτοὶ
2358 2713 2652 2792 ἔσονταί
2691 2748 2812 2810 μοι
2848 2709 3061 2795 λαός.”

692 2835 1155 2935 ἐνεστηκότος
1209 2835 1346 2938 ἤδη
1402 2843 1650 2936 καιροῦ
1706 2836 1871 2913 καθ’
1913 2833 1997 2913 ὃν
2033 2835 2166 2914 ἔδει
2217 2844 2428 2916 τοῦτο
2462 2846 2813 2938 πληροῦν,
2852 2832 3057 2941 κατῴ-
3085 2856 3138 2896 20

692 2993 903 3059 κηκεν
939 2960 1014 3037 ε’ν
1058 2959 1227 3058 ἡμῖν
1278 2959 1318 3034 5
1367 2956 1695 3059 Χριστὸς
1751 2991 1933 3035 κατα
1990 2957 2121 3056 τὴν
2174 2960 2481 3063 ἀρχαίαν
2539 2958 2959 3065 ὑπόσχεσιν,
2989 2912 3062 3036 ἰν’

691 3083 875 3183 ἡμᾶς
937 3080 1278 3188 ἀποφήνῃ
1353 3077 1563 3165 ναοὺς
1626 3085 1819 3161 Θεοῦ
1882 3078 2163 3181 ζῶντος,
2227 3081 2603 3163 τουτέστιν
2667 3086 2903 3180 αὑτοῦ,
2965 3082 3065 3161 καὶ

688 3206 996 3313 συνάψῃ
1058 3206 1144 3286 δι’
1185 3206 1402 3285 αὐτοῦ
1460 3211 1562 3312 τῷ
1608 3209 1776 3309 Θεῷ
1826 3207 1944 3283 καὶ
1996 3207 2255 3308 Πατρί.
2337 3211 2456 3285 καὶ
2509 3217 2689 3309 γοῦν
2746 3206 2887 3314 εφη
2938 3211 3063 3285 τοῖς

348 3346 571 3460 {3023-
692 3330 921 3431 ἁγίοις
971 3327 1413 3412 ἀποστόλοις
1453 3339 1496 3374 “
1522 3330 1655 3408 Ἐν
1694 3328 1917 3433 ε’κείνῃ
1966 3334 2057 3433 τῇ
2104 3327 2337 3436 ἡμέρα
2382 3331 2841 3432 γνωσεσθε“’
2802 3366 2906 3410 οτι
2939 3325 3062 3429 ε’γω

357 3490 380 3525 1
408 3449 521 3526 (ἐστ.
548 3449 615 3524 'vi.
716 3453 848 3532 (ἐν
886 3458 988 3560 τῷ
1028 3455 1272 3555 Πατρί
1314 3486 1453 3549 μου
1499 3455 1616 3531 καὶ
1664 3454 1855 3549 ὑμεῖς
1904 3453 1979 3531 ἐν
2015 3454 2168 3551 ἐμοι
2214 3452 2413 3554 κάγω
2459 3458 2534 3534 ἐν
2594 3457 2786 3554 ὑμῖν·
2849 3456 2888 3533 5
2938 3448 3062 3557 γὰρ
3084 3473 3138 3535 ²5

357 3552 1228 3673 117”“κολλο.ἰμενος
1274 3583 1376 3683 τῷ
1418 3574 1746 3682 Κυρίῳ
1715 3610 1790 3655 εν
1827 3576 2114 3674 πνεῦμα
2145 3575 2377 3675 ε’στι,”
2414 3577 2596 3658 κατὰ
2631 3576 2720 3659 τὸ
2756 3609 3054 3681 γεγραμ·

690 3698 924 3798 μένον.
1028 3696 1589 3802 παρατιθέμενος
1655 3697 1733 3777 δὲ
1808 3703 1924 3778 καὶ
1999 3701 2181 3799 ἡμᾶς
2255 3706 2358 3808 τῷ
2424 3707 2591 3808 Θεῷ
2664 3707 2784 3782 καὶ
2851 3698 3060 3798 Πατρί

349 3837 601 3954 {goffi—
688 3824 914 3903 πάλιν
952 3825 1136 3903 οὕτω
1175 3824 1407 3929 φησίν
1443 3831 1487 3866 “
1514 3822 1632 3900 Οὐ
1686 3825 1849 3921 περὶ
1903 3822 2175 3902 τούτων
2212 3821 2285 3902 δὲ
2340 3828 2579 3927 ἐρωτῶ
2628 3824 2850 3923 μόνον
2884 3816 3061 3903 ἀλλὰ

355 3941 472 4031 ²3·'
691 3957 734 3994 ‘⁶
772 3952 885 4026 καί
932 3950 1095 4049 περὶ
1142 3946 1433 4026 πάντων
1482 3950 1628 4024 τῶν
1672 3944 2157 4027 πιστευόντων
2212 3945 2329 4026 διὰ
2383 3956 2512 4027 τοῦ
2569 3946 2799 4051 λόγου
2851 3948 3059 4026 αὐτῶν

690 4080 733 4119 “
769 4076 866 4153 εἰς
902 4070 1042 4167 ἐμὲ,
1081 4070 1198 4149 ἵνα
1233 4068 1494 4153 πάντες
1541 4066 1618 4147 ἓν
1655 4065 1819 4165 ὦσι,
1860 4069 2096 4154 καθὼς
2139 4070 2241 4150 σὺ
2280 4072 2526 4175 Πατὲρ
2575 4075 2651 4151 ἐν
2686 4076 2839 4172 ἐμοὶ
2881 4064 3056 4169 κάγὼ
3076 4091 3134 4150 30

685 4202 732 4238 ‘⁴
769 4194 845 4271 ἐν
872 4194 1014 4288 σοὶ,
1054 4192 1170 4271 ἵνα
1207 4197 1323 4272 καὶ
1358 4193 1559 4271 αὐτοὶ
1597 4194 1672 4271 ἐν
1709 4193 1874 4291 ἡμῖν
1911 4190 1987 4274 ἓν
2023 4191 2204 4273 ὦσιν
2238 4195 2354 4275 ἵνα
2392 4196 2431 4273 5
2470 4194 2745 4296 κόσμος
2779 4188 3055 4294 πιστεύῃ

758 4491 811 4543 3.
847 4474 894 4528 εἰ
918 4493 1015 4544 pro
1039 4476 1100 4529 οὗ
1126 4474 1218 4531 Cr.
1476 4492 1495 4528 Ι
1512 4492 1557 4528 1.
1596 4474 1891 4549 κατῴκησεν
1917 4476 2008 4532 Cr.
2265 4496 2346 4550 13.
2387 4478 2529 4549 ἡμῶν
2555 4480 2948 4546 Cr.19.
2979 4470 3049 4527 καὶ

686 4546 830 4598 αὐτοὶ
854 4546 1064 4601 ἔσονταί
1084 4568 1171 4616 μοι
1196 4548 1324 4603 λαός
1348 4545 1528 4600 omisit
1555 4545 1647 4601 Cr.
1861 4564 1950 4619 30.
1989 4549 2170 4621 Πατὴρ
2198 4548 2286 4605 Cr.
