3269 5166
239 315 323 380 ix.
359 330 584 399 17-21.
727 318 837 383 IN
886 318 1408 384 EPISTOLAM
1461 319 1589 383 AD
1643 318 2113 386 ROMANOS.
2498 325 2626 388 229

236 480 573 583 λέγουσιν
624 482 1155 581 ἀπανίσταται,
1193 492 1322 562 τοῦ
1376 480 1605 583 λόγου
1661 482 1792 583 τὴν
1830 484 2130 584 δύναμιν
2174 487 2472 591 ἐπαφεὶς
2523 493 2626 594 τῷ
2678 425 2787 491 [3⁷
2814 426 2890 475 M
2917 426 2941 489 ]

235 604 604 713 προσώπῳ
649 612 795 687 τῶν
835 606 1484 711 παρενηνεγμένων,
1519 609 1775 686 Ησαῦ
1832 641 1909 687 τε
1968 611 2156 714 φημὶ
2212 612 2330 689 καὶ
2383 609 2625 708 μέντοι

233 735 342 811 καὶ
382 736 653 835 Φαραω
626 731 900 878 ’.ἔφην
917 734 1151 814 τοίνυν
1188 737 1286 818 ὡς
1320 732 1501 837 πρὸς
1536 734 1870 838 ἑκοίτερον
1905 742 2050 815 τῶν
2091 738 2624 836 ὠνομασμένων

220 851 319 935 Ω
353 852 670 964 ἄνθρωπε,
710 892 1014 962 μενουνγε
1051 895 1134 937 συ
1169 860 1271 944 τίς
1305 855 1370 938 εἷ
1401 867 1430 939 ὁ
1470 860 2096 968 ἀνταποκρινόμενος
2137 860 2229 966 rc}
2268 860 2465 967 Θεῷ·
2447 922 2466 956 ,
2524 899 2620 967 μη
2648 891 2755 927 ver.
2775 891 2854 925 ²0·

176 996 208 1057 5
233 978 349 1086 ἐρεῖ
392 979 465 1058 τὶ
524 979 851 1088 πλάσμα
904 990 1001 1089 τῷ
1054 984 1413 1061 πλάσαντι
1450 984 1540 1061 Τι’
1587 1016 1679 1085 με
1736 983 2060 1077 ἐποίησας
2118 981 2360 1079 οὕτως,
2429 987 2613 1065 ἀπο-

233 1102 459 1207 φαίνει
514 1102 646 1202 μέν
680 1102 821 1206 γὰρ
859 1108 956 1188 ὡς
999 1107 1078 1184 ἐκ
1131 1104 1707 1207 παραδείγματος
1761 1107 2122 1206 ἐναργοῦς,
2162 1106 2273 1185 ὅτι
2326 1106 2621 1212 παγχά-

233 1235 449 1305 λεπον
492 1224 579 1306 τὸ
631 1229 840 1310 θείοις
892 1228 1236 1330 κρίμασιν
1273 1230 1623 1326 ἐπιτιμᾶν·
1705 1233 1765 1307 εἰ
1811 1225 1951 1330 γὰρ
1991 1226 2079 1328 δή
2116 1263 2224 1312 τις
2260 1229 2496 1309 ἕλοιτο
2531 1228 2625 1308 τὰ

230 1346 458 1429 εἰκότα
512 1356 826 1455 φρονεῖν,
863 1351 1211 1451 ἀναθήσει
1264 1349 1396 1449 μὲν
1433 1356 1537 1459 τῷ
1580 1350 1819 1432 πάντα
1866 1349 2077 1431 εἰδότι
2117 1354 2283 1459 Θεῷ
2331 1350 2414 1430 τὸ
2461 1353 2614 1454 κρί-

232 1506 365 1552 νειν
418 1473 699 1552 ἕκαστα
753 1476 917 1554 καθ’
973 1473 1056 1554 ὃν
1111 1473 1202 1554 ἀν
1264 1474 1478 1560 αὐτὸς
1524 1476 1731 1577 εἰδείη
1791 1473 2078 1578 τρόπον,
2139 1474 2489 1555 ἐνδοιοίσει
2547 1474 2624 1554 δὲ

140 1631 206 1671 10
230 1597 375 1675 κατ’
413 1597 620 1677 οὐδὲν
655 1601 752 1681 ὡς
800 1597 1001 1678 ἔστιν
1038 1598 1246 1678 ὅσιον
1283 1598 1459 1700 ὅπερ
1509 1597 1599 1678 ἀν
1639 1599 1874 1678 ἕλοιτο
1924 1602 2124 1700 δρᾶν,
2162 1595 2623 1679 διαπλάττων

228 1721 328 1800 ἐπ’
383 1721 722 1828 ἐξουσίας
775 1719 870 1801 τά
922 1724 1033 1828 ἐφ’
1092 1721 1402 1802 ἑκάστου
1456 1722 1702 1827 τυχόν.
1783 1723 2037 1802 οὐκοῦν
2091 1728 2398 1801 αἰτιᾶται
2451 1723 2621 1802 λίαν

229 1842 381 1929 τοὺς
437 1851 591 1930 τοῖς
649 1845 860 1931 θείοις
921 1846 1265 1944 νεύμασιν
1328 1844 1630 1930 ἐνιέντας
1698 1845 1888 1930 ὅλως
1949 1844 2076 1926 τὸν
2137 1844 2624 1947 βασανίζοντα

230 1977 388 2048 νοῦν
439 1967 750 2072 πότερον
803 1976 1046 2053 καλῶς
1110 1966 1157 2068 ἢ
1222 1970 1357 2074 οὐχ
1421 1970 1646 2054 οὕτως
1709 1969 1875 2073 ἕχει·
1964 1968 2103 2048 ε”δει
2163 1967 2305 2071 γάρ
2370 1974 2622 2076 φησιν,

228 2092 742 2190 ἀπομιμεῖσθαι
794 2098 1082 2188 μᾶλλον
1118 2092 1370 2178 αὐτοὺς
1407 2091 1491 2171 τὸ
1531 2091 1651 2170 διὰ
1706 2090 1939 2197 χειρὸς
1978 2092 2335 2195 κεραμέως
2386 2101 2624 2172 πλατ-

143 2240 203 2300 15
228 2210 534 2313 τόμενον,
588 2219 702 2294 καὶ
753 2214 932 2315 μετὰ
980 2219 1201 2317 σιγῆς
1252 2216 1627 2314 ὑπομένειν
1677 2214 1770 2296 τὰ
1816 2213 2018 2318 παρὰ
2055 2221 2272 2295 Θεοῦ·
2351 2215 2435 2294 οὗ
2481 2212 2624 2318 γὰρ

228 2337 344 2444 ἐρεῖ
374 2339 444 2419 τὶ
482 2336 816 2445 πλάσμα
851 2348 945 2446 τῷ
979 2342 1338 2420 πλάσαντι
1376 2343 1462 2419 Τι’
1496 2375 1587 2444 με
1623 2340 1948 2433 ἐποίησας·
1988 2338 2230 2433 οὕτωςς

329 2461 522 2541 Ἀλλ’
569 2460 753 2547 ἴσως
788 2465 904 2541 καὶ
941 2461 1121 2564 πρός
1164 2495 1247 2564 γε
1283 2460 1497 2542 τοῦτό
1542 2496 1727 2545 τινες
1765 2459 1982 2541 ἐκεῖνό
2019 2466 2253 2568 φασιν
2291 2465 2382 2539 Εἰ
2419 2495 2626 2563 κερα-

225 2583 398 2681 μέως
452 2585 664 2686 δίκην
717 2588 882 2666 καθ’
943 2582 1025 2665 ὃν
1081 2581 1170 2665 ἂν
1216 2583 1561 2680 βούλοιτο
1614 2581 1885 2687 τρόπον
1942 2582 2361 2665 διαπλάττει
2414 2582 2623 2683 Θεὸς,
2649 2608 2736 2663 38
2760 2606 2856 2665 Π.

227 2710 316 2791 ὦς
360 2707 443 2789 τὸ
491 2708 624 2816 μὲν
679 2717 772 2795 εἰς
826 2707 1018 2813 τιμὴν
1053 2706 1332 2802 ποιῆσαι
1388 2711 1647 2807 σκεῦος,
1693 2707 1776 2788 τὸ
1833 2705 1905 2789 ἀὲ
1966 2716 2059 2794 εἰς
2115 2711 2422 2814 ἀτιμίαν,
2470 2716 2622 2793 πῶς
2647 2750 2751 2785 ver.
2775 2749 2857 2789 αι.

141 2871 209 2913 20
228 2831 350 2936 οὐχ
385 2835 855 2912 ἀπαστισοῦν
892 2829 1261 2912 ἀναπείσει
1311 2830 1552 2934 λόγος,
1589 2832 1674 2912 τὸ
1719 2831 2018 2934 γεγονὸς
2069 2830 2348 2911 οἴεσθαι
2383 2830 2623 2931 ποίντη

225 2986 296 3033 τε
329 2960 440 3036 καὶ
480 2955 777 3041 πάντως
810 2964 1130 3036 τοιοῦτον
1166 2955 1348 3060 ἔχειν
1385 2955 1513 3034 τὸν
1547 2954 1817 3056 τρόπον
1854 2956 2010 3034 καθ’
2052 2952 2136 3034 ὃν
2173 2957 2289 3033 καὶ
2324 2955 2623 3054 πεποίη-

227 3109 383 3176 ται;
443 3076 642 3159 ὥστε
692 3080 732 3158 ὁ
787 3078 917 3178 μέν
970 3114 1076 3164 τις
1136 3081 1337 3160 ἐστὶν
1386 3088 1479 3165 εἰς
1531 3079 1815 3184 ἀτιμίαν
1852 3077 2187 3181 γεγονὼς,
2225 3078 2342 3155 καὶ
2395 3074 2624 3182 φύσιν

225 3202 551 3303 τοιαύτην
600 3203 1194 3303 ἀπεκληρωσατο,
1229 3203 1606 3302 πεποίηται
1659 3200 1752 3281 δέ
1779 3237 1885 3286 τις
1923 3202 2156 3304 ἔτερος
2206 3233 2432 3300 ηγουν
2469 3198 2621 3306 ε’ξε-

227 3324 564 3429 γῆγερται
620 3322 967 3427 σκληρος,
1022 3326 1140 3406 ἵνα
1194 3329 1291 3410 ὡς
1353 3323 1565 3410 αὐτός
1627 3333 1817 3432 φησι
1876 3322 2221 3439 ἀιαγγελη
2274 3361 2345 3404 το
2413 3360 2622 3430 ονομα

146 3487 207 3547 25
229 3448 434 3528 αὐτοῦ
496 3452 567 3531 ἐν
630 3485 825 3539 παση
880 3452 965 3560 τῇ
1013 3459 1131 3562 γῇ·
1221 3451 1395 3530 ποία
1458 3450 1697 3530 τοίνυν
1756 3450 1858 3528 ἔτι
1917 3455 2065 3532 τοῖς
2130 3448 2516 3529 πταίουσιν
2575 3449 2621 3547 ἡ

228 3573 521 3678 γραφή·
500 3635 523 3671 ,
596 3571 942 3676 γεγόνασι
981 3572 1124 3676 γάρ
1163 3578 1258 3657 εἰς
1296 3582 1529 3654 τοῦτο.

332 3695 534 3800 Πρὸς
578 3695 666 3795 δὴ
704 3694 796 3776 τά
829 3705 1123 3777 τοιαῦτα
1161 3699 1340 3802 φαίη
1379 3731 1484 3782 τις
1523 3695 1632 3794 ἀν,
1670 3695 1780 3777 ὅτι
1824 3697 2154 3795 μάλιστα
2202 3697 2332 3797 μὲν
2370 3697 2496 3776 οὐκ
2533 3693 2624 3776 ἀν

230 3815 442 3922 ἔχοιεν
491 3823 717 3900 εἰπεῖν
771 3820 881 3900 ὅτι
938 3820 1235 3929 φύσεων
1289 3819 1639 3926 διαφορὰς
1695 3823 1771 3900 ἐν
1823 3820 2100 3905 τούτοις
2156 3822 2325 3922 ἡμῖν
2380 3821 2426 3920 ἡ
2478 3827 2623 3899 τῶν

229 3942 601 4041 νοημάτων
675 3943 968 4043 δύναμις
1042 3941 1521 4043 ὑπεσήμηνεν·
1610 3945 1695 4024 ού
1760 3943 1904 4046 γὰρ
1967 3945 2109 4051 ἔφη
2186 3944 2631 4043 πεποιῆσθαί

146 4099 211 4157 30
229 4095 415 4150 τινας
469 4063 710 4166 ὠμοὺς
763 4071 879 4146 καὶ
935 4063 1507 4166 ἀπεσκληκότας,
1552 4067 1780 4168 ἤγουν
1836 4074 1934 4152 εἰς
1996 4066 2219 4167 σκεύη
2281 4071 2487 4165 τιμῆς
2545 4100 2622 4145 τε

231 4188 341 4266 καὶ
399 4190 710 4290 ἀτιμίας,
777 4190 937 4270 οὐδὲ
1002 4190 1232 4296 φύσιν
1285 4191 1523 4274 αὐτοῖς
1582 4187 1716 4290 τὴν
1777 4192 2111 4292 τοιαύτην
2173 4191 2625 4288 ἐκνενέμηκεν

300 4423 350 4461 2.
384 4429 441 4462 τε
464 4418 519 4464 et
540 4408 716 4478 μέντοι
742 4410 825 4464 καὶ
848 4426 957 4464 om.
982 4409 1053 4465 A.
1316 4410 1369 4464 8.
1406 4409 1651 4480 ἀναθήσει
1676 4412 1746 4465 A.
1854 4409 1941 4482 τὸ]
1976 4418 2033 4477 -Ι-
2062 4433 2124 4483 γε
2148 4409 2218 4464 Α.
2474 4426 2526 4479 9.
2564 4408 2627 4463 ἂν

232 4493 338 4533 om.
360 4479 429 4535 A.
719 4495 801 4551 ¹3·
837 4482 1033 4551 πότερα
1058 4480 1126 4534 A.
1411 4497 1498 4536 20.
1533 4480 1796 4536 ἀναπείθει
1824 4482 1894 4538 A.
2179 4496 2266 4535 21.
2302 4482 2535 4533 τοιοῦτον
2558 4478 2625 4532 A.

235 4551 409 4604 τοῦτον
434 4548 539 4606 Ed.
682 4565 768 4621 25.
805 4550 925 4605 lert-l
948 4567 1045 4621 pro
1068 4550 1144 4605 ἔτι
1167 4552 1236 4604 A.
1381 4567 1469 4621 3ο.
1505 4553 1650 4621 τιμῆς
1673 4573 1729 4606 τε
1755 4552 1837 4607 καὶ
1861 4569 1969 4608 om.
1995 4554 2064 4606 A.
2218 4565 2308 4620 31.
2345 4547 2507 4617 φύσει
2533 4549 2602 4602 A.
