3269 5166
296 343 523 386 VULPES

294 517 331 541 “
352 509 548 568 Vitam
591 512 1016 571 abundantius”
1045 512 1255 573 habere
1296 514 1451 592 quid,

377 611 518 675 645,
546 611 625 668 iii.
659 615 800 671 590.

292 706 431 764 Vita
459 716 706 776 aeterna,
736 710 904 768 Vitae
928 709 963 769 i.
987 729 1038 769 e.
1067 710 1280 770 Christi
1301 710 1451 772 Caro

377 808 496 864 863
517 826 550 864 c
572 807 630 866 d.

292 902 433 961 Vita
459 904 727 980 spiritalis
754 925 897 981 quae
928 911 1043 966 988
1069 926 1119 965 c.

293 1000 463 1059 Vitae
530 1003 811 1062 terminus
878 1015 1270 1080 praematurus
1333 1024 1449 1063 non

376 1100 660 1174 optandus
702 1120 810 1160 nec
852 1102 972 1161 siue
1015 1104 1225 1161 damno
1253 1107 1369 1164 981
1399 1122 1449 1170 e,

376 1200 496 1256 982
519 1217 555 1256 a
575 1200 613 1257 b
635 1218 686 1261 c.

291 1295 491 1354 Vitam
543 1316 660 1355 uon
708 1298 901 1357 videre
950 1299 1083 1375 quid
1119 1304 1234 1360 174
1263 1299 1301 1357 b
1330 1320 1362 1358 c
1392 1300 1447 1367 d,

382 1398 497 1453 175
520 1414 572 1460 a,
602 1395 675 1454 cf.
703 1400 820 1455 355
845 1416 898 1463 a,
931 1401 1048 1457 573
1075 1398 1114 1455 d
1135 1416 1186 1457 e.

291 1493 434 1551 Vita
478 1512 583 1570 per
629 1494 799 1561 vitae,
850 1495 910 1553 id
957 1503 1066 1561 est.
1113 1495 1452 1554 vivificantis

379 1590 650 1667 Corporis
692 1590 925 1660 Christi,
964 1594 1451 1669 participationem

379 1694 496 1750 355
519 1690 576 1756 b,
605 1690 680 1749 cf.
708 1694 825 1751 863
852 1691 958 1751 od.

293 1787 466 1846 Vitae
511 1807 706 1846 semen
755 1808 858 1865 per
899 1808 1127 1847 carnem
1173 1788 1348 1848 Suam
1394 1789 1451 1846 iu

377 1885 544 1944 nobis
563 1886 772 1963 integit
791 1887 1069 1946 Dominus
1091 1886 1131 1945 J
1133 1906 1266 1947 esus
1289 1885 1452 1947 Chri-

375 1994 499 2043 stus
529 1988 644 2045 363
664 2004 716 2042 e.

293 2082 560 2141 vivificat
614 2080 831 2141 Christi
885 2079 1125 2158 Corpus,
1184 2091 1451 2158 tanquam

378 2178 554 2238 Vitae
608 2179 832 2256 Corpus
902 2183 1015 2240 361
1065 2180 1101 2237 b
1141 2199 1191 2243 c,
1251 2182 1369 2238 362
1420 2198 1456 2237 a

379 2274 666 2344 Christus,
738 2285 941 2352 utpote
1009 2297 1044 2335 a
1099 2278 1230 2336 Vita
1282 2275 1454 2335 Patre

379 2375 613 2451 genitus
643 2376 756 2434 581
782 2392 835 2432 c.

297 2473 526 2531 Unctus
567 2472 830 2531 Christus
872 2471 1159 2547 quomodo
1201 2471 1277 2529 iii.
1314 2475 1451 2537 378.

382 2574 500 2631 380
559 2570 720 2630 Deus
748 2589 985 2628 manens
1013 2569 1090 2628 iii.
1119 2572 1260 2631 381.

300 2670 648 2746 Unigenitus
692 2671 850 2728 Deus
897 2669 1145 2726 Verbum
1195 2688 1312 2725 non
1357 2669 1458 2726 de-

381 2768 650 2845 dignatus
697 2767 844 2825 ferre
894 2784 962 2824 ea
1005 2784 1146 2841 quae
1195 2766 1456 2824 nonnulli

380 2867 452 2925 de
495 2866 604 2924 1110
642 2884 955 2941 agnoscere
998 2864 1293 2940 dedignati
1322 2872 1457 2921 sunt

380 2968 495 3023 631
522 2984 573 3022 c.
640 2962 1074 3031 Videverbum,
1107 2962 1299 3020 Filius.

298 3063 489 3122 Voces
530 3062 750 3119 mediae
790 3061 1076 3118 mixtaeve
1114 3079 1148 3116 a
1176 3060 1320 3116 Filio
1357 3059 1458 3116 ali-

383 3161 609 3237 quando
651 3158 1037 3235 proferuntur,
1080 3165 1314 3232 propter
1355 3177 1455 3215 ex-

383 3257 751 3317 inanitionem
786 3260 905 3316 220
929 3276 982 3323 a,
1026 3260 1142 3314 235
1168 3276 1217 3321 c,
1252 3260 1368 3315 237
1402 3256 1457 3322 d,

387 4650 530 4696 VOL.
565 4651 666 4694 111.

1116 330 1442 389 INDEX
1527 332 1901 389 RERUM.

2600 334 2717 390 657

1639 520 1756 575 240
1781 516 1837 583 d,
1871 518 1987 575 282
2014 534 2046 572 c
2067 515 2123 578 d,
2155 517 2274 572 954
2299 514 2336 571 d
2359 533 2390 571 e
2452 513 2553 572 sed
2582 513 2717 571 Una

1636 612 1886 671 Persona
1939 618 2055 671 954
2097 633 2147 678 e,
2216 617 2334 671 960
2375 613 2431 683 b,
2489 617 2607 670 965
2662 631 2714 678 e,

1638 715 1756 769 969
1801 712 1856 780 d,
1915 716 2033 769 970
2073 731 2104 768 a
2142 730 2191 782 c,
2251 715 2368 768 974
2401 730 2451 775 e,
2512 715 2628 768 975
2663 730 2712 774 a,

1638 814 1754 869 977
1780 809 1816 866 b
1845 829 1894 882 c,
1939 814 2057 868 978
2081 810 2137 876 d,
2169 810 2246 867 iii.
2280 814 2419 868 417.

1553 907 1760 965 Vocati
1805 927 2023 973 omnes,
2069 909 2291 966 etiamsi
2335 927 2450 965 non
2484 908 2717 964 veniant

1636 1004 1702 1062 M
1735 1007 1811 1063 32
1842 1006 1938 1062 fin.

1555 1103 1838 1161 Voluntas
1887 1122 2002 1161 una
2041 1103 2098 1159 in
2143 1103 2313 1161 Patre
2362 1111 2420 1161 et
2463 1103 2606 1161 Filio
2655 1112 2715 1162 et

1633 1199 1847 1276 Spiritu
1878 1199 2091 1258 Sancto
2115 1204 2233 1260 239
2254 1219 2286 1258 e
2329 1200 2517 1258 Patris
2539 1209 2599 1259 et
2620 1201 2713 1258 Fi-

1630 1298 1690 1355 lii
1736 1301 2037 1370 331-340,
2082 1301 2196 1358 661
2226 1317 2260 1355 a
2348 1298 2480 1373 quia
2526 1297 2714 1358 Patris

1631 1397 1895 1454 voluntas
1921 1405 2008 1455 est
2039 1394 2220 1453 Filius
2250 1399 2366 1454 527
2387 1395 2423 1452 b
2444 1414 2495 1454 c.

1555 1494 1835 1553 Voluntas
1863 1494 1973 1552 Dei
2000 1495 2096 1552 lex
2130 1498 2247 1553 242
2275 1495 2329 1552 b.

1553 1592 1924 1652 Voluntatem
1954 1592 2061 1649 Dei
2090 1592 2474 1650 nescientibus
2508 1592 2713 1668 plagae

1634 1709 1850 1767 paucae
1881 1693 1998 1750 728
2028 1709 2076 1756 c,
2120 1689 2191 1750 cf.
2219 1689 2454 1765 Plaqae,
2486 1690 2709 1766 Suppli-

1634 1792 1779 1846 cium
1830 1789 2104 1846 nonnulla
2132 1788 2425 1845 excusatio
2451 1786 2516 1845 M
2544 1792 2641 1847 19.

1558 1885 1934 1960 Voluptatum
1984 1905 2146 1944 amor
2189 1895 2441 1944 mentem
2490 1887 2563 1944 ad
2609 1887 2712 1943 Di·

1634 1984 1767 2040 vina
1826 1983 2188 2058 percipienda
2244 1992 2478 2042 enervat
2528 1990 2644 2043 556
2681 2003 2714 2042 c

1638 2081 1907 2138 obcaecat
1954 2089 2226 2155 tanquam
2277 2090 2336 2138 et
2384 2081 2595 2139 ebriosi
2642 2083 2712 2139 M

1638 2181 1739 2241 22.

1553 2275 1743 2333 Urbes
1803 2275 2267 2351 alienigenarum,
2327 2274 2708 2334 hereticorum

1634 2375 1845 2449 scripta
1875 2378 1910 2433 3
1934 2393 1983 2433 c.

1556 2471 1710 2529 Urbs
1739 2472 2120 2529 munitissima
2147 2472 2381 2530 obsessa
2412 2476 2530 2532 613
2553 2492 2601 2531 c.

1555 2568 1700 2627 Uvis
1749 2589 1819 2628 ex
1870 2570 1983 2628 vite
2025 2571 2309 2645 pendente
2352 2582 2712 2647 comparatur

1637 2686 1770 2725 vera
1839 2668 1909 2725 de
1981 2667 2298 2744 Unigenito
2375 2672 2709 2746 concepti03

1637 2765 1832 2840 spinis,
1865 2784 2026 2823 error
2051 2767 2483 2841 polytheisticus
2514 2771 2590 2826 88
2615 2788 2665 2826 e.

1557 2863 1868 2921 Vulnerum
1938 2871 2107 2938 typos
2181 2882 2285 2921 cur
2353 2866 2713 2923 conservavit

1638 2959 1902 3019 Christus
1930 2961 2105 3031 1106,
2142 2965 2317 3027 1107,
2349 2961 2424 3020 iii.
2460 2965 2598 3022 374.

1558 3063 1591 3092 “
1611 3058 1831 3133 Vulpes
1888 3067 1947 3116 et
2003 3058 2263 3116 volucres
2330 3059 2514 3117 caeli’'
2569 3079 2711 3135 quae

1640 3159 1756 3215 834
1781 3157 1818 3213 d
1841 3175 1891 3214 e.
