3269 5166
333 1457 556 1509 Rom.x.
578 1458 627 1508 8.

332 1968 412 2018 Ib.
434 1967 467 2018 i.
492 1982 541 2033 3.

332 2168 605 2219 sami.

339 2248 414 2284 12.

337 3409 475 3460 Eeb.
497 3424 549 3461 x.

338 3484 454 3539 5-7·

665 352 793 415 522
1128 351 1203 414 Β.
1252 348 1628 414 CYRILLI
1683 344 2206 413 ALEXANDR.
2258 342 2604 409 FRAGM.

1721 586 2013 650 61111111.

752 724 928 808 Ergo
963 725 1261 809 quoniam
1294 723 1459 806 quod
1500 729 1599 787 est
1625 724 1856 806 gratia,
1899 745 2028 786 non
2069 726 2316 797 natura,
2359 727 2427 784 et
2471 721 2637 805 quod
2681 726 2784 784 est
2829 726 3084 795 natura,

667 849 797 890 non
826 828 1035 911 gratia
1061 852 1078 903 ;
1107 848 1237 890 non
1266 832 1417 889 sunt
1446 825 1561 888 filii
1590 826 1715 888 duo
1746 826 2086 889 secundum
2109 831 2284 887 tuam
2307 824 2636 888 rationem.
2701 823 2837 887 Qui
2867 823 3086 907 gratia

667 930 923 1015 quidem
960 935 1027 993 et
1065 950 1192 993 non
1228 934 1459 992 natura
1497 927 1665 992 filius
1703 934 1824 1005 est,
1851 950 1980 991 non
2016 934 2114 992 est
2144 949 2288 991 vere
2319 926 2505 1004 filius,
2536 934 2828 1011 superest
2865 933 3082 990 autem

666 1041 742 1098 ut
781 1038 980 1097 staret
1013 1053 1195 1096 verae
1222 1031 1551 1094 filiationis
1588 1030 1793 1114 gloria
1833 1031 1898 1093 in
1938 1052 2011 1094 eo
2039 1031 2151 1114 qui
2183 1036 2282 1093 est
2309 1036 2536 1094 natm-a
2576 1038 2644 1094 et
2681 1052 2816 1094 non
2846 1029 3080 1113 gratia,
3109 1048 3140 1105 5

667 1138 732 1202 id
773 1143 889 1215 est,
923 1136 991 1199 in
1021 1135 1161 1199 Deo
1190 1134 1403 1198 Verbo
1434 1132 1565 1197 Qui
1605 1138 1705 1197 est
1745 1156 1824 1196 ex
1865 1132 2001 1197 Deo
2038 1132 2248 1198 Patre.
2336 1132 2660 1217 Expulsus
2704 1140 2806 1196 est
2849 1132 3082 1216 igitur,

666 1240 831 1304 sicut
857 1239 1010 1316 dixi,
1041 1260 1172 1302 esse
1202 1244 1269 1302 et
1297 1236 1421 1300 dici
1452 1235 1653 1299 Filius
1682 1235 1807 1300 Dei
1837 1235 2131 1299 Christus
2161 1237 2368 1312 Jesus,
2405 1258 2516 1319 per
2549 1256 2735 1319 quem
2779 1242 2848 1300 et
2889 1234 3081 1298 mlvi-

666 1342 839 1407 ficati
890 1363 1130 1418 sumus,
1184 1344 1451 1403 mortem
1504 1339 1639 1422 ejus
1689 1339 2162 1415 annuntiantes,
2214 1346 2280 1402 et
2335 1340 2710 1403 confitentes
2769 1359 3082 1402 resurrec-

666 1446 930 1511 tionem.
1027 1452 1069 1483 “
1093 1443 1378 1507 Verbum
1428 1440 1601 1505 enim
1647 1441 1790 1504 fidei
1844 1441 2010 1526 quod
2053 1441 2550 1526 praedicamus,”
2596 1444 2678 1506 ad
2724 1441 2922 1505 istam
2967 1462 3083 1504 nos

666 1547 1116 1612 confessionem
1146 1544 1453 1630 perducit.
1542 1544 1719 1627 Ergo
1749 1544 1818 1607 in
1852 1545 2174 1609 hominem
2213 1545 2369 1609 fides
2405 1553 2522 1623 est,
2549 1552 2616 1609 et
2649 1567 2782 1608 non
2825 1545 2896 1607 in
2936 1564 3080 1607 eum
3111 1562 3172 1601 10

666 1651 779 1737 qui
813 1657 880 1715 et
914 1656 1141 1714 natura
1176 1655 1243 1712 et
1271 1670 1414 1712 vere
1444 1645 1565 1711 Dei
1598 1646 1798 1710 Filius
1844 1652 1961 1711 est.
2047 1646 2124 1723 Si
2171 1647 2341 1711 enim
2375 1670 2561 1713 verus
2605 1652 2721 1725 est,
2767 1648 2884 1731 qui
2923 1646 3084 1711 dicit

666 1754 878 1838 gratia
905 1751 1277 1817 filiationem
1303 1751 1597 1814 sortitum
1643 1772 1774 1814 esse
1815 1751 2047 1834 ipsum,
2076 1750 2477 1815 multitudini
2519 1750 2794 1815 filiorum
2835 1774 3083 1816 connu-

667 1856 1033 1932 merabitur,
1064 1853 1129 1916 id
1160 1859 1259 1918 est
1295 1852 1501 1930 nobis,
1531 1851 1761 1936 quibus
1796 1875 2063 1936 superna
2091 1854 2304 1937 gratia
2340 1854 2708 1919 filiationem
2747 1854 2974 1929 donat,
3003 1854 3086 1917 ad

667 1980 856 2043 quam
888 1958 1091 2021 vocati
1135 1978 1353 2019 sumus
1396 1978 1508 2038 per
1537 1956 1760 2020 Jesum
1792 1955 2142 2035 Christum,
2173 1958 2283 2040 qui
2325 1980 2403 2020 ex
2447 1958 2684 2021 semine
2719 1958 2938 2020 David
2985 1964 3086 2021 est

667 2062 1008 2126 secundum
1041 2081 1310 2124 carnem.
1386 2059 1477 2123 Et
1506 2064 1747 2122 certum
1781 2063 1845 2123 te
1875 2057 2069 2122 faciat
2097 2059 2310 2123 dicens
2339 2059 2596 2124 divinus
2623 2060 3082 2145 Evangelista:
3114 2074 3177 2130 15

670 2170 711 2202 “
743 2162 874 2228 Qui
902 2185 1050 2228 vero
1095 2167 1470 2245 acceperunt
1512 2161 1704 2238 Eum,
1746 2161 1924 2226 dedit
1968 2162 2059 2225 eis
2109 2168 2490 2246 potestatem
2534 2163 2697 2227 filios
2741 2163 2867 2228 Dei
2922 2164 3083 2240 fieri,

671 2273 708 2304 “
739 2264 1139 2330 credentibus
1191 2264 1260 2329 in
1308 2263 1562 2329 nomine
1605 2262 1828 2348 Ejus.”
1933 2262 2177 2328 Deinde
2221 2266 2533 2349 quomodo
2583 2266 2692 2350 qui
2738 2266 2819 2330 ab
2881 2266 3086 2331 altero

668 2369 889 2433 datam
918 2368 1302 2453 dignitatem
1331 2365 1656 2430 filiationis
1691 2366 1953 2430 sortitus
1994 2372 2112 2446 est,
2143 2372 2208 2432 et
2252 2368 2434 2433 nobis
2478 2369 2631 2452 ipsis
2668 2369 2906 2433 donare
2950 2392 3084 2433 non

667 2494 846 2537 suam
875 2472 1101 2556 magis,
1132 2469 1243 2534 sed
1270 2467 1642 2553 acquisitam
1674 2468 1730 2532 ei
1763 2469 2155 2534 extrinsecus
2183 2471 2458 2555 gratiam
2479 2472 2511 2534 ¹?

755 2574 852 2638 Er
888 2593 1038 2638 Pos'r
1076 2592 1301 2638 PAUCA.
1395 2570 1591 2637 Dedit
1637 2573 1910 2656 seipsum
1949 2573 2020 2638 in
2048 2573 2542 2639 exinanitionem
2574 2574 2795 2653 Filius,
2825 2580 2899 2640 et
2934 2598 3084 2640 cum
3113 2589 3176 2628 ²0

666 2678 737 2742 in
782 2677 1072 2742 omnibus
1115 2682 1278 2741 esset
1320 2675 1656 2758 perfectus,
1686 2677 1892 2740 voluit
1938 2679 2074 2760 pati
2118 2677 2566 2756 humilitatem,
2612 2685 2680 2743 et
2729 2679 3085 2743 secundum

667 2803 916 2846 carnem
969 2802 1047 2845 ex
1105 2778 1362 2843 muliere
1408 2778 1717 2842 sustinere
1766 2779 2196 2860 nativitatem,
2243 2788 2310 2846 et
2355 2782 2705 2866 appellatus
2757 2787 2858 2845 est
2909 2782 3086 2848 filius

665 2885 967 2949 Abrahae
1013 2888 1077 2947 et
1130 2880 1358 2945 David.
1459 2880 1614 2945 Non
1660 2881 1930 2946 miratus
1987 2906 2054 2948 es
2115 2888 2246 2948 tam
2293 2885 2529 2949 bonum
2588 2884 3086 2969 dispensationis

667 2986 1025 3064 artificium,
1077 2983 1283 3069 magis
1336 3004 1482 3047 vero
1532 2984 1942 3067 reprehendis
1980 2987 2393 3071 mysterium:
2453 2988 2750 3073 injuriam
2796 3010 2935 3053 esse
2983 2990 3085 3052 di-

666 3114 814 3157 cens
857 3090 1366 3156 Incarnationem
1410 3087 1776 3173 Unigeniti‚
1823 3090 2108 3175 increpas
2167 3092 2500 3156 consilium
2547 3093 2668 3157 Dei
2712 3100 2781 3157 et
2823 3093 3082 3158 Patris:
3112 3110 3178 3168 25

666 3194 966 3259 inclamas
995 3215 1143 3257 vero
1173 3191 1369 3257 etiam
1398 3192 1605 3274 ipsum
1639 3191 1890 3270 Filium,
1923 3194 2031 3278 qui
2064 3194 2198 3278 pati
2225 3195 2432 3260 voluit
2461 3202 2719 3279 propter
2761 3202 2830 3260 te
2860 3197 3083 3260 exina-

667 3297 997 3362 nitionem.
1089 3296 1253 3359 Cum
1296 3294 1503 3379 igitur
1542 3294 1815 3360 audieris
1859 3297 2174 3361 dicentem
2212 3297 2294 3362 ad
2337 3299 2668 3363 caelestem
2711 3299 2976 3364 Patrem
3019 3309 3086 3364 et

671 3401 884 3467 Deum
912 3408 955 3440 “
976 3397 1364 3463 Sacrificium
1392 3402 1458 3461 et
1486 3397 1869 3464 oblationem
1898 3400 2181 3478 noluisti,
2211 3400 2576 3467 holocausta
2604 3407 2670 3467 et
2700 3424 2813 3486 pro
2843 3403 3086 3468 delicto

676 3512 713 3541 “
742 3525 874 3568 non
890 3502 1244 3586 postulasti,
1263 3523 1487 3584 corpus
1514 3507 1730 3565 autem
1754 3503 2068 3586 perfecisti
2087 3503 2278 3567 mihi:
2321 3510 2467 3569 tum
2498 3504 2634 3568 dixi
2662 3505 2826 3570 Ecce
2851 3507 3083 3571 venio:

673 3613 711 3643 “
743 3606 814 3669 in
860 3604 1064 3688 capite
1108 3604 1254 3667 libri
1303 3605 1603 3688 scriptum
1652 3609 1750 3668 est
1792 3603 1872 3669 de
1917 3627 2035 3684 me,
2080 3613 2156 3671 ut
2196 3606 2425 3672 faciam
2455 3608 2854 3671 voluntatem
2902 3615 3084 3674 tuam
3112 3631 3182 3688 30

672 3715 712 3748 “
744 3706 938 3787 Deus,
971 3707 1142 3772 volui
1165 3706 1220 3772 :”
1265 3731 1392 3772 non
1442 3713 1614 3772 recta
1659 3708 1940 3792 cog-itare
1986 3708 2256 3774 forsitan
2301 3710 2538 3775 Filium
2586 3711 2664 3775 de
2713 3734 2832 3776 sua
2875 3713 3087 3796 gloria

749 3948 797 3988 1.
836 3932 920 3988 Ita
944 3933 1038 3998 D.‚
1066 3931 1276 4000 Sui-ius,
1301 3930 1534 4002 cyrillus
1554 3931 1665 4000 Ed.
1852 3945 1903 4004 7.
1940 3933 2072 3988 s'alvi
2096 3934 2222 3988 facti
2247 3933 2321 3988 D.
2499 3934 2554 3990 8.
2589 3932 2982 3991 adnuntiantes
3012 3938 3083 3992 D.

670 4003 1166 4130 &xfflsssse‘ss'iifflf
1173 4022 1255 4128 {¹¹
1276 4020 1654 4143 ἔῗοξῐὲὶᾞ.
1667 4002 2224 4145 'ffdvid·¹1⁸1⁰⁸e¹¹t‘³pm⁰¹³]
2222 4004 2327 4129 ¹3...
2371 4074 2425 4128 n
2515 4021 2692 4129 mk}
2808 4006 3088 4133 ‹932⁵ssss

669 4144 790 4200 libri
807 4147 840 4173 ’⁹
867 4145 1073 4210 Baluz„
1100 4145 1310 4208 Surius,
1335 4112 1522 4199 visi-um
1548 4143 1653 4197 Ed.
1909 4160 1993 4215 13.
2028 4145 2279 4201 filiatione
2304 4145 2379 4200 D.
2487 4143 2685 4199 donata
2709 4116 2886 4202 m'anu
2913 4149 3088 4217 prima

671 4225 734 4270 ut
756 4215 865 4272 vid.
889 4217 946 4271 in
970 4233 1209 4271 rasuram
1240 4214 1311 4268 D.
1581 4230 1663 4280 ¹4·
1700 4211 1845 4267 davit
1871 4213 1945 4270 D.
2233 4229 2316 4283 15.
2354 4215 2537 4270 dicens
2563 4214 2670 4269 div.
2699 4215 3087 4314 Evangelista]

671 4286 867 4342 dixisse
889 4287 1045 4344 etiam
1072 4284 1272 4356 angelis
1296 4285 1397 4338 ista
1422 4284 1546 4353 (sic)
1575 4284 1646 4339 D.
1917 4284 1999 4339 16.
2035 4302 2149 4340 eam
2181 4286 2252 4340 D.
2343 4287 2474 4340 “Al.
2499 4303 2627 4350 eam,
2654 4286 2769 4341 scil.
2797 4290 3066 4357 gratiam'

673 4356 1008 4412 Harduinus.
1282 4373 1361 4426 19.
1397 4354 1718 4425 adquisitam
1748 4355 1821 4409 D.
2089 4372 2177 4411 20.
2213 4356 2656 4411 examinationem
2682 4356 2811 4422 Ed„
2838 4360 3088 4414 exinani-

669 4426 868 4481 tionem
894 4427 1044 4480 habet
1071 4425 1279 4480 Surius.
1388 4433 1441 4478 et
1466 4423 1613 4494 cum]
1643 4424 1736 4479 sed
1760 4442 1883 4479 sum
1912 4426 1982 4480 D.
2300 4443 2386 4497 23.
2427 4424 2628 4498 David]
2666 4433 2722 4490 -Ι-
2752 4443 2871 4483 11011
2895 4431 3090 4502 rapina

670 4496 954 4550 arbitratus
979 4506 1060 4549 est
1085 4496 1157 4550 D.
1379 4510 1461 4564 25.
1498 4494 2144 4564 increpans—inclamans
2171 4496 2244 4550 D.
2458 4497 2544 4550 28.
2578 4505 2633 4550 et
2649 4495 2778 4569 ala]
2806 4500 2973 4555 etiam
3010 4501 3086 4555 D.

672 4580 758 4634 29.
794 4576 925 4620 tunc
950 4564 1022 4618 D.
1304 4581 1390 4634 3¹·
1428 4575 1567 4617 recte
1596 4564 1666 4618 D.
