3269 5166
851 346 1215 412 CONTRA
1276 347 1977 413 SYNOUSIASTAS.
2483 348 2612 411 483

216 521 261 558 “
300 508 431 594 Εἷς
467 508 611 614 γὰρ
651 509 859 609 Θεὸς,
897 514 1146 619 φησὶν,
1185 511 1281 596 εἷς
1318 517 1433 593 καὶ
1469 514 1768 613 μεσίτης
1805 518 1998 593 Θεοῦ
2034 514 2152 591 καὶ
2187 512 2608 616 ἀνθρώπων,
2635 526 2879 642 ἑΤῖω-ιί-
2899 537 2947 590 5·

214 644 259 680 “
296 635 676 736 ἅνθρωπος
750 634 1073 736 Χριστὸς
1143 637 1454 735 Ἰησοῦς,
1525 638 1567 714 ὁ
1631 635 1796 720 δοὺς
1867 632 2119 716 ἑαυτὸν
2191 636 2614 738 ἀντίλυτρον
2670 627 2684 641 ’

216 769 261 805 “
298 758 528 860 ὑπὲρ”
568 759 791 857 ἡμῶν.
866 759 1217 858 μεσιτεὺει
1259 758 1403 861 γὰρ
1443 763 1541 842 ὡς
1577 759 1762 842 Θεός
1809 793 1886 838 τε
1937 761 2117 857 ὁμοῦ
2164 763 2280 839 καὶ
2325 760 2606 862 ἅνθρω-

209 916 352 965 πος
416 883 458 959 ὅ
514 880 757 979 αὐτὸς,
826 882 1350 961 καταλλάττων
1409 883 1594 980 ἡμᾶς
1649 887 1754 990 τῷ
1809 887 1976 990 Θεῷ
2039 887 2155 962 καὶ
2218 885 2456 986 Πατρὶ
2514 888 2609 963 δι’

147 1034 185 1092 5
213 1009 471 1085 ἑαυτοῦ
520 1038 598 1084 τε
654 1006 771 1085 καὶ
825 1007 901 1086 ἐν
936 1006 1148 1112 αὐτῷ,
1185 1007 1299 1084 καὶ
1351 1007 1703 1107 συνείρων
1749 1004 1999 1108 ὥσπερ
2055 1012 2152 1090 εἷς
2207 1007 2467 1086 ἕνωσιν
2520 1007 2614 1087 τὰ

212 1136 367 1212 τοῖς
421 1134 549 1229 τῆς
604 1127 895 1233 φύσεως
960 1128 1212 1230 λόγοις
1270 1127 1550 1237 ἀμέτρῳ
1605 1132 1923 1236 διαφορᾷ
1983 1164 2167 1232 προς
2236 1129 2614 1233 ἑτερότητα

212 1253 729 1354 διενηνεγμένα,
761 1254 933 1332 ἀλλ’
973 1250 1064 1351 ἦν
1098 1255 1174 1332 ἐν
1204 1258 1511 1360 Χριστῷ
1547 1252 2180 1355 συνδεδραμηκότα
2214 1288 2396 1356 προς
2431 1256 2608 1334 ἕνω-

212 1409 344 1454 σιν
384 1374 797 1481 ἀσύγχυτόν
830 1409 907 1455 τε
946 1376 1064 1454 καὶ
1098 1373 1627 1456 ἀδιάσπαστον.
1700 1377 2062 1476 σύνηπται
2111 1376 2242 1476 μὲν
2278 1377 2422 1480 γὰρ
2459 1383 2607 1458 θεῖ-

213 1506 361 1583 κῶς
422 1506 528 1606 τῷ
587 1502 845 1600 Πατρὶ,
902 1497 1246 1603 συνήφθη
1304 1499 1378 1578 δε
1430 1533 1546 1577 και
1596 1500 1768 1599 ἡμῖν
1822 1501 2306 1601 ἀνθρωπίνως.
2388 1503 2612 1587 οὕτως

108 1662 187 1702 10
214 1630 478 1702 νοεῖται
529 1626 647 1702 καὶ
702 1623 863 1702 ἔστι
916 1625 1216 1723 μεσίτης
1270 1624 1472 1722 ἡμῶν
1529 1623 1904 1726 ἅνθρωπος
1940 1623 2223 1722 Ἰησοῦς
2262 1625 2609 1728 Χριστός·

209 1753 274 1826 εἰ
313 1746 391 1825 δὲ
426 1745 722 1848 γέγονεν
757 1751 1048 1845 ἀληθῶς
1084 1745 1505 1849 ἀπόβλητος
1542 1747 1754 1855 αὐτῷ,
1795 1748 1990 1826 καθοί
2018 1755 2271 1853 φησιν,
2309 1750 2354 1848 ἡ
2389 1749 2610 1857 σὰρξ,

207 1873 502 1972 ἀπέστη
536 1871 825 1955 πάντως
860 1873 978 1951 καὶ
1011 1880 1140 1951 τοῦ
1175 1872 1570 1971 μεσιτεύειν
1605 1874 1790 1971 ἡμᾶς
1825 1876 1942 1952 καὶ
1976 1871 2158 1976 πρὸς
2199 1871 2327 1953 τὸν
2361 1875 2615 1953 ἑαυτοῦ

212 1997 540 2100 Πατέρα·
601 2002 755 2080 πῶς
791 1995 917 2075 οὖν
953 1994 1056 2074 ἔτι
1090 1994 1449 2097 πρόσιμεν
1482 1998 1702 2104 αὐτῷ,
1745 1997 1935 2080 τίνος
1970 1997 2072 2076 ἔτι
2106 1995 2613 2100 προσάγοντος·

204 2121 440 2222 ἤγουν
493 2120 1040 2220 μεσιτεύοντος;
1136 2119 1517 2222 ἄνθρωπον
1580 2118 1725 2222 γὰρ
1782 2117 1958 2202 εἶναι
2019 2119 2147 2200 τὸν
2208 2121 2510 2223 μεσίτην
2571 2123 2611 2200 ὃ

100 2276 177 2336 15
204 2243 607 2327 θεσπέσιος
662 2243 800 2348 εφη
841 2249 1164 2326 Παῦλος·
1225 2242 1643 2342 μεμνήμεθα
1698 2241 1774 2324 δὲ
1831 2247 1950 2323 καὶ
2004 2245 2221 2324 αὑτοῦ
2274 2243 2613 2344 λέγοντος

201 2377 341 2449 τοῦ
379 2373 712 2470 Χριστοῦ
767 2376 812 2413 “
842 2366 1099 2450 Οὑδεις
1156 2400 1434 2471 ερχεται
1488 2401 1671 2469 προς
1726 2401 1854 2446 τον
1894 2366 2200 2469 Πατέρα,
2251 2371 2310 2447 εἶ
2363 2366 2464 2467 μὴ
2522 2371 2606 2449 δι’
2636 2391 2686 2442 S.
2703 2392 2855 2442 Joan.

203 2504 249 2540 ‘⁶
286 2493 493 2590 ἐμοῦ.
501 2491 540 2517 ”
620 2491 840 2573 ὕθλος
874 2488 1001 2568 ουν
1037 2523 1179 2591 αρα
1226 2492 1343 2567 καὶ
1379 2489 1840 2599 ἀποπληξίας
1877 2491 2208 2596 γέμοντες
2246 2490 2610 2597 λόγοι,τα
2578 2491 2600 2520 “
2635 2473 2735 2507 m
2758 2458 2806 2508 ⁶

202 2622 361 2696 τῶν
397 2619 956 2693 συνουσιαστῶν
990 2612 1376 2715 εὑρήματα.

1417 2827 1437 2855 Ι

1370 2865 1460 2914 ‘³'-

95 3030 173 3070 πο
320 2988 573 3092 “³Apci
607 3023 691 3092 γε
728 2989 1032 3070 ἐλθων
1000 3024 1041 3069 ο
1081 2988 1227 3073 υἱος
1263 2999 1390 3070 τοῦ
1426 2991 1810 3094 ἀνθρώπου
1853 2989 2138 3094 εὑρήσει
2186 2991 2318 3091 τὴν
2360 2993 2610 3072 πίστιν
2636 3017 2688 3066 8.
2705 3019 2846 3135 Lu}

2506 3115 2526 3143 1
2635 3099 2756 3133 xvm

196 3117 407 3197 “ε’πι
444 3118 573 3213 τῆς
605 3114 807 3214 γῆς·’
767 3174 787 3207 ,
810 3112 1059 3219 ’φερε
1103 3112 1247 3216 γὰρ
1293 3113 1615 3215 ἐρώμεθα
1652 3112 1816 3197 τοὺς
1853 3117 1938 3193 δι’
1979 3114 2317 3211 ἐναντίας,
2357 3117 2610 3194 ὁποιαν

195 3241 350 3343 ἄρα
388 3236 523 3337 τὴν
572 3238 826 3316 πίστιν
871 3235 1071 3338 παρά
1116 3271 1201 3337 γε
1254 3243 1402 3320 τοῖς
1458 3237 1668 3316 οὖσιν
1721 3241 1836 3318 ἐπὶ
1890 3242 2018 3337 τῆς
2074 3243 2206 3340 γῆς
2242 3240 2611 3341 εὑρεθῆναι

191 3363 555 3460 βούλεται
611 3359 1034 3460 καθιγμένος
1087 3360 1177 3466 ἐξ
1226 3360 1546 3462 οὐρανῶν
1601 3362 1643 3439 ὅ
1701 3358 1847 3444 υἱὸς
1896 3369 2023 3441 τοῦ
2076 3361 2482 3464 ἀνθρώπου·
2560 3360 2608 3463 ἢ

190 3492 321 3567 καὶ
362 3486 523 3564 τίνα
566 3483 835 3586 τρόπον
878 3483 1064 3581 ἡμᾶς
1106 3483 1364 3586 πρέποι
1399 3483 1491 3561 ἂν
1527 3488 1924 3565 διακεῖσθαι
1959 3488 2120 3590 περὶ
2175 3486 2416 3566 αὐτοῦ·
2495 3482 2604 3588 ἀρ’

86 3644 161 3703 25
190 3614 297 3694 ὡς
336 3606 626 3707 ἀπέστη
677 3613 807 3686 τοῦ
841 3601 1016 3685 εἶναι
1053 3607 1289 3685 θέλειν
1322 3604 1474 3686 υἱὸν
1511 3607 1913 3709 ἀνθρώπου,
1953 3607 2177 3709 ἤγουν
2228 3608 2335 3688 ὅτι
2385 3609 2599 3708 μεμέ-

191 3765 419 3833 νηκεν
476 3728 814 3826 ὁμοιώσει
870 3731 962 3833 τῇ
1023 3725 1207 3831 πρὸς
1270 3728 1501 3828 ἡμᾶς;
1573 3731 1802 3810 καίτοι
1864 3737 2020 3815 πῶς
2075 3730 2163 3810 ἂν
2222 3731 2622 3812 ἐνδοιάσειέ

188 3892 333 3953 τις,
376 3857 479 3939 ὦς
515 3852 708 3955 εἴπερ
746 3849 836 3952 ἦν
871 3855 1148 3931 ἀπᾶδον
1185 3853 1379 3960 αὐτῷ
1425 3853 1512 3933 τὸ
1564 3852 1905 3960 ὑπάρχειν
1941 3855 2044 3934 ἔτι
2081 3860 2398 3934 νοεῖσθαι
2438 3858 2603 3937 καθ’

268 4101 325 4140 2.
360 4083 520 4137 Jesus
550 4080 829 4136 Chn‘stzoe'
814 4099 1028 4137 mverso
1050 4081 1239 4136 ordine
1265 4079 1303 4135 S
1616 4079 1773 4149 4.δί
1797 4082 1956 4136 αὐτοῦ
1979 4081 2036 4136 b.
2268 4094 2320 4148 5.
2359 4081 2416 4136 ἐν
2437 4081 2604 4165 αὐτῷ]

186 4155 377 4226 pergit
400 4160 451 4206 et
466 4159 595 4223 post
614 4169 789 4223 pauca
812 4152 993 4206 Καίτοι
1015 4157 1126 4209 πῶς
1150 4161 1212 4207 ut
1233 4151 1390 4215 iura,
1417 4150 1509 4205 lin.
1537 4101 1652 4204 26.4
2024 4168 2078 4222 9.
2116 4150 2378 4222 συνῆφθαι
2404 4153 2535 4223 (sic)
2560 4170 2608 4208 c.

190 4243 280 4281 12.
320 4224 435 4293 μετ’
461 4224 619 4277 αὐτοῦ
645 4241 743 4293 pro
767 4224 950 4277 ἑαυτοῦ
976 4225 1436 4288 c.14.6
1462 4220 1746 4279 θεσπέσιος
1767 4219 1901 4293 ἔφη]
1931 4221 2034 4291 ἔφη
2550 4224 2607 4277 ἐκ

182 4299 289 4351 τοῦ
313 4295 479 4348 αὐτοῦ
502 4296 669 4366 λόγου
693 4292 749 4349 b.
753 4310 797 4349 c.
908 4290 1206 4363 ἀνθρώπου]
1235 4240 1372 4345 Θεοῦ
1397 4291 1528 4361 (sic)
1553 4309 1602 4345 c.
1903 4309 1988 4349 21.
1958 4224 2283 4363 φηέρῶμεθα]
2313 4292 2397 4346 Ita
2422 4292 2607 4347 Codex

183 4377 443 4453 uterque.
892 4379 978 4418 22.
1013 4361 1248 4445 παράγε]
1267 4366 1554 4449 παράγεται
1579 4360 1705 4431 (nic)
1729 4379 1777 4416 c.
2242 4379 2329 4432 23.
2367 4362 2397 4431 ἦ
2423 4380 2530 4417 om.
2557 4380 2605 4416 c.

184 4454 281 4501 24.
318 4435 515 4505 πρέποι
548 4434 612 4489 ἂν
647 4432 937 4488 διακεῖσθαι
973 4432 1270 4488 emendavi.
1293 4432 1481 4502 πρέπει
1504 4432 1568 4486 ἂν
1589 4431 1877 4487 διακεῖσθαι
1901 4431 1955 4495 b,
1980 4433 2165 4515 πρέπει
2189 4433 2530 4487 ι’νδιακεῖσθαι
2555 4449 2603 4485 c.

185 4506 361 4574 26-p.
387 4506 512 4573 484,
540 4522 599 4560 11
631 4505 760 4560 citat
785 4503 1049 4559 Severus
1037 4521 1092 4558 m
1122 4504 1219 4575 Ep.
1246 4502 1481 4558 secunda
1504 4501 1573 4557 ad
1601 4502 1848 4573 Sergium
1874 4520 2037 4574 supra
2060 4505 2150 4558 cit.
2306 4515 2393 4573 27.
2430 4499 2600 4574 εἴπερ]

181 4575 345 4633 εἷπον
366 4594 415 4631 C·

1325 4674 1513 4744 3Q2
