3269 5166
250 378 391 424 xvu
418 359 519 427 26.
661 360 779 426 IN
838 362 1469 430 S.JOANNEM.
1559 362 1755 429 LIB.
1803 362 1926 428 XI.
2017 361 2418 429 CARXII.
2554 364 2636 429 13

245 526 761 628 ἀποτελουμένη
816 528 1169 634 φαίνεται.
1244 533 1481 635 σοφοῖ
1525 528 1658 626 μὲν
1714 528 1857 632 γὰρ
1915 531 1955 609 5
2011 527 2291 632 Πατὴρ,
2349 529 2626 610 ἀποκα·
2661 563 2699 608 c

242 649 525 732 λύπτων
570 651 699 734 τὸν
748 652 928 734 ἰ’διον
969 654 1174 734 Υἱόν·
1252 659 1489 761 σοφοῖ
1535 653 1612 733 δὲ
1669 652 1870 734 οὐδὲν
1920 653 2136 755 ἧττον
2184 656 2301 733 καὶ
2348 654 2389 733 5
2435 652 2642 752 Υἱὸς,

239 776 766 859 ἀποκαλύπτων
825 777 954 860 τὸν
1015 778 1332 883 Πατέρα.
1428 781 1546 859 καὶ
1601 786 1782 881 γοῦν
1835 782 1939 887 τῷ
1993 779 2318 887 μακαρίῳ
2376 776 2636 887 Πέτρῳ

239 903 417 1006 φησὶ
472 906 636 1007 περὶ
690 904 786 987 τὰ
838 902 1019 1006 μέρη
1080 906 1520 1008 Καισαρείας
1578 908 1708 1004 τῆς
1759 903 2202 1004 καλουμένης
2262 904 2636 984 Φιλίππου
2726 913 2977 1044 ξέἰᾶῗζῑδ·

180 1032 279 1109 5“
307 1026 682 1132 Μακάριος
735 1025 805 1108 εἶ
857 1031 1104 1129 Σίμων
1161 1028 1320 1134 Βὰρ
1370 1030 1602 1128 Ἰωνᾶ,
1661 1026 1771 1110 ὅτι
1828 1026 2037 1136 σὰρξ
2092 1031 2208 1109 καὶ
2270 1027 2445 1127 αἷμα
2506 1029 2636 1108 οὐκ
2728 1018 2930 1120 11).ἰ7.”

234 1157 277 1197 “
309 1149 747 1261 ἀπεκάλυψέ
790 1187 935 1252 σοι,
990 1152 1164 1233 ἀλλ’
1203 1156 1244 1235 5
1292 1153 1554 1256 Πατήρ
1608 1187 1752 1254 μου
1808 1155 1848 1233 5
1906 1156 1983 1234 ἐν
2036 1160 2187 1238 τοῖς
2242 1152 2636 1256 οὐρανοῖς.”

233 1276 747 1380 διωμολογήκει
801 1276 946 1381 γὰρ
1004 1280 1044 1358 5
1099 1277 1423 1379 μαθητὴς
1480 1281 1595 1359 καὶ
1659 1285 2053 1359 πιστεῦσαι
2111 1279 2642 1384 διισχυρίσατο,

231 1395 337 1478 ὅτι
390 1400 607 1487 αὐτὸς
661 1401 769 1503 εἴη
808 1402 1207 1508 Χριστὸς
1175 1438 1216 1484 ο
1249 1403 1429 1489 Υἱὸς
1464 1411 1594 1484 τοῦ
1632 1408 1828 1483 Θεοῦ
1881 1411 2010 1483 τοῦ
2066 1401 2350 1505 ζῶντος.
2426 1401 2639 1488 αὐτὸς

231 1521 301 1602 δὲ
348 1528 501 1606 νυνὶ
551 1530 715 1631 περὶ
764 1531 1017 1609 ἑαυτοῦ
1055 1532 1325 1637 φησιν
1328 1527 1479 1611 Ὀτι
1530 1528 1860 1638 ἐγνώρισα.
1896 1532 2123 1615 αὐτοῖς
2163 1526 2237 1608 τὶ
2275 1527 2483 1633 &vomi
2521 1565 2642 1609 σου
2666 1536 2711 1601 d

139 1676 208 1719 10
232 1683 347 1730 και
386 1655 711 1761 γνωρίσω.
790 1654 874 1733 οὐ
909 1652 1054 1757 γὰρ
1088 1653 1480 1760 κατέληξεν
1517 1652 2056 1734 ἀποκαλύπτων
2089 1653 2260 1753 ἡμῖν
2295 1656 2337 1732 ὁ
2379 1659 2633 1734 Μονο-

228 1773 429 1877 γενὴς
485 1787 619 1858 τοῦ
676 1775 841 1858 καθ’
879 1778 1133 1859 ἑαυτὸν
1177 1779 1579 1881 μυστηρίου
1634 1776 1767 1876 τὴν
1813 1778 2112 1878 δύναμιν
2149 1778 2640 1884 ἀποκαλύψας

228 1905 368 1984 τοῖς
420 1901 734 2005 πρώτοις
793 1905 868 1982 ἐν
923 1905 1196 2008 ἀρχαῖς·
1289 1904 1561 2006 ἐνεργεῖ
1607 1902 1684 1983 δὲ
1739 1910 1951 1983 τοῦτο
2012 1900 2129 1982 διὰ
2177 1903 2469 2001 παντὸς,
2528 1906 2639 1984 ἐν-

228 2027 546 2130 σπείρων
616 2027 900 2137 ἑκάστῳ
966 2027 1093 2109 τὸν
1157 2029 1274 2109 διὰ
1349 2037 1478 2108 τοῦ
1549 2026 1968 2130 Πνεύματος
2044 2026 2450 2135 φωτισμὸν,
2518 2031 2636 2109 καὶ
2688 2048 2692 2052 ’

228 2156 695 2255 χειραγωγῶν
750 2157 849 2237 εἰς
902 2153 1296 2255 ἐπίγνωσιν
1350 2159 1495 2232 τῶν
1554 2150 1732 2253 ὑπὲρ
1789 2160 1957 2232 νοῦν
2011 2154 2128 2232 καὶ
2183 2151 2415 2253 λόγον
2469 2150 2638 2237 τοῦς

141 2296 163 2338 ¹
172 2293 205 2357 5
230 2279 661 2378 ἀγαπῶντας
706 2276 945 2358 αὐτόν.
1030 2278 1108 2356 τί
1151 2276 1227 2357 δὲ
1265 2275 1352 2377 δὴ
1390 2282 1764 2380 κατορθῶν
1801 2278 1918 2357 καὶ
1954 2275 2137 2357 κατὰ
2172 2278 2333 2358 τίνα
2364 2274 2639 2381 τρόπον

229 2399 407 2499 ἡμᾶς
441 2405 759 2509 ὠφελῶν
794 2401 1274 2510 ἀποκαλύψαι
1309 2400 1440 2500 μὲν
1477 2402 1615 2503 ἤδη
1651 2408 1801 2487 τοῖς
1836 2408 2218 2502 μαθηταῖς,
2251 2403 2640 2506 γνωρίσειν

229 2524 448 2627 γεμὴν
486 2530 611 2607 καὶ
662 2533 809 2612 τοῖς
856 2524 1040 2628 μετὰ
1087 2536 1313 2608 ταῦτα
1351 2524 1854 2633 διισχυρίζεται
1890 2524 2017 2608 τὸν
2056 2524 2369 2632 Πατέρα,
2406 2525 2635 2608 πάλιν

225 2652 429 2736 αὐτὸς
465 2651 834 2760 ὑπέδειξεν
870 2652 1088 2734 εἰπών
1109 2650 1262 2734 Ἵνα
1299 2657 1334 2748 ἧ
1371 2653 1624 2757 ἀγάπη
1663 2654 1731 2749 ἣν
1766 2652 2144 2757 ἠγάπησάς
2184 2689 2276 2761 με
2316 2655 2376 2735 ἐν
2413 2658 2637 2741 αὐτοῖς
2662 2689 2698 2735 0

224 2771 258 2888 ᾗ
313 2775 517 2881 καὶγῶ
598 2777 659 2857 ἐν
714 2782 960 2864 αὐτοῖς.
1043 2785 1192 2862 τοῖς
1244 2777 1389 2883 γὰρ
1454 2776 1573 2857 διὰ
1630 2777 1926 2882 θεωρίας
1990 2783 2410 2883 εἰλικρινοῦς
2473 2782 2629 2860 ἐπι-

134 2935 203 2977 20
224 2908 486 3001 γνῶναι
551 2905 914 3003 δυνηθεῖσι
962 2901 1090 2984 τὸν
1146 2902 1338 2983 Θεὸν
1389 2903 1506 2983 καὶ
1555 2901 1872 3006 Πατέρα,
1928 2902 2508 3000 πεπαιδευμένοις
2562 2901 2640 2983 δὲ

225 3024 401 3105 κατὰ
463 3026 843 3128 ἀκρίβειαν
904 3035 1037 3107 τοῦ
1100 3026 1284 3107 κατὰ
1344 3026 1677 3131 Χριστὸν
1736 3028 2140 3180 μυστηρίου
2201 3024 2330 3153 τὸν
2384 3025 2638 3127 λόγον,

225 3149 518 3259 ὑπάρξει
569 3150 657 3251 δὴ
693 3149 981 3272 πάντως
1038 3155 1155 3232 καὶ
1211 3148 1733 3259 ἀναμφιλόγως
1785 3147 2157 3255 περιέσται
2210 3145 2297 3231 τὸ
2345 3150 2635 3236 τελείως
2732 3205 2740 3214 -

222 3275 653 3377 ἀγαπᾶσθαι
688 3275 888 3380 παρὰ
918 3276 1234 3381 Πατρὸς,
1273 3278 1444 3358 καθ’
1485 3276 1871 3378 ὁμοιότητα
1925 3282 2055 3355 τοῦ
2088 3280 2292 3357 Υὶοῦ.
2357 3274 2627 3356 τελειό-

224 3430 398 3480 τατα
451 3399 606 3505 γὰρ
662 3403 917 3509 ἀγαπᾷ
965 3402 1093 3481 τὸν
1148 3402 1327 3482 ἴδιον
1373 3398 1554 3483 Υἱόν
1611 3403 1652 3482 5
1711 3401 1994 3505 Πατήρ·
2076 3400 2506 3504 ἐναυλίζεται
2555 3400 2632 3481 δὲ
2711 3459 2717 3464 -

136 3565 200 3624 25
226 3527 334 3604 καὶ
390 3524 610 3611 αὐτὸς
662 3528 702 3606 5
745 3527 1097 3631 Χριστὸς,
1147 3525 1265 3607 διὰ
1308 3535 1437 3607 τοῦ
1489 3526 1750 3630 Ἀγίου
1804 3524 2141 3627 δηλονότι
2190 3524 2630 3627 Πνεύματος,

223 3648 618 3731 συνάπτων
654 3656 752 3737 εἶς
787 3650 1183 3752 οἰκειότητα
1218 3647 1350 3751 τὴν
1386 3651 1870 3752 πνευματικὴν
1908 3651 1992 3732 δι’
2033 3655 2285 3733 ἑαυτοῦ
2321 3657 2424 3761 τῷ
2464 3657 2632 3760 Θεῷ

225 3776 333 3852 καὶ
356 3776 602 3878 Πατρὶ
639 3772 769 3856 τὸν
806 3772 1170 3879 ἐγνωκότα
1207 3773 1448 3873 αὐτὸν,
1484 3774 2011 3882 ἀπαράφθορόν
2047 3809 2124 3857 τε
2154 3781 2285 3877 τῆς
2322 3783 2632 3879 θεογνω-
2658 3823 2691 3863 a
2716 3808 2969 3866 1010A.

224 3898 384 3983 σίας
441 3902 519 3980 ἐν
580 3898 809 4006 ἑαυτῷ
861 3897 990 3980 τὸν
1055 3899 1284 4002 λόγον
1347 3900 1714 3982 ὠδίνοντα.
1810 3900 2116 4007 ἐγνώρισε
2177 3900 2253 3982 δὲ
2323 3902 2494 4003 ἡμῖν
2557 3903 2632 3983 τδ

224 4020 426 4128 ὄνομα
481 4031 615 4103 τοῦ
654 4022 970 4126 Πατρὸς,
1004 4021 1185 4104 Υὶὸν
1240 4024 1410 4124 ἡμῖν
1463 4023 1715 4105 ἑαυτὸν
1765 4025 2144 4133 ἐπιδείξας.
2227 4026 2633 4133 παρέψεται

129 4190 199 4250 30
222 4142 356 4248 γὰρ
395 4150 515 4228 καὶ
555 4145 1024 4252 ἱσοδρομήσει
1060 4147 1299 4250 πάντη
1336 4183 1412 4229 τε
1450 4151 1568 4230 καὶ
1604 4149 1891 4235 πάντως
1925 4155 2017 4256 τῇ
2065 4153 2229 4255 περὶ
2277 4160 2406 4232 τοῦ
2456 4185 2622 4255 γεν-

221 4267 532 4369 νήματος
568 4273 843 4373 γνώσει
889 4275 1009 4352 καὶ
1045 4273 1091 4374 ἡ
1126 4276 1291 4378 περὶ
1327 4281 1457 4355 τοῦ
1503 4272 1991 4377 γεννήσαντος
2027 4274 2268 4376 αὐτὸν,
2307 4274 2629 4378 καθάπερ

223 4391 343 4474 οὖν
374 4393 647 4496 ἀληθὲς
681 4399 800 4477 καὶ
834 4394 918 4478 τὸ
952 4396 1290 4498 ἔμπαλιν.

292 4635 378 4676 21.
416 4621 528 4677 κατ’
555 4621 765 4695 Migne.
1022 4639 1108 4692 24.
1143 4625 1246 4696 γὰρ
1272 4642 1372 4696 pro
1395 4625 1453 4680 δὲ
1480 4625 1546 4683 Ε.
1792 4642 1879 4697 32·
1920 4624 2011 4683 οὖν
2034 4633 2379 4697 assumptum
2402 4643 2468 4682 ex
2495 4625 2560 4681 E.
