3269 5166
228 326 304 390 iii.
327 348 500 410 9—11.
592 327 697 390 IN
752 326 1269 390 EPISTOLAM
1320 326 1373 389 Ι.
1429 326 1555 389 AD
1607 327 2194 392 CORINTHIOS.
2457 330 2585 392 259

2636 428 2745 493 [54
2769 427 2895 492 Μ-]

702 520 869 585 Θεοῦ
921 519 1252 609 ΓεὼρΓιον,
1307 519 1474 584 Θεοῦ
1529 516 1844 595 οἰκοδομή
1896 519 2065 585 ἐστε.
2609 563 2644 618 9

316 673 594 775 Ἐπειδὴ
628 673 952 778 Χριστὸς
988 676 1173 773 ἡμᾶς
1209 672 1659 781 ἐξηγόρασεν
1697 680 1798 781 τῷ
1834 674 2042 782 τιμίῳ
2078 675 2296 754 αὐτοῦ
2340 675 2582 773 αἵματι

219 795 328 875 τὸν
359 802 478 898 τῆς
522 796 797 901 σαρκὸς
841 796 1159 883 ἀνατλὰς
1206 796 1535 895 θανατὸν,
1571 806 1702 877 τοῦ
1750 796 2247 899 ἀγοράσαντος
2295 797 2582 883 πάντως

220 919 430 1018 ἐσμὲν,
466 924 601 1027 οὐχ
656 922 932 1026 ἑτέρων,
969 927 1026 1001 εἰ
1084 926 1200 1001 καὶ
1249 919 1640 1025 γεγόνασιν
1677 926 1774 1005 εἷς
1808 920 1994 1019 ἡμᾶς
2030 955 2214 1006 τινες
2272 922 2582 1002 διιίκονοι

166 1071 196 1129 5
217 1047 315 1123 καὶ
349 1043 768 1124 διαλλάκται
804 1046 921 1123 καὶ
960 1044 1247 1141 μεσίται
1283 1045 1399 1123 καὶ
1449 1046 1920 1145 μυοταγωγοὶ
1975 1047 2102 1144 τῆς
2155 1048 2322 1144 παρ’
2364 1046 2581 1125 αὐτοῦ

215 1164 494 1269 χάριτος·
575 1168 685 1248 διὸ
733 1169 866 1272 οὐχ
913 1167 1171 1269 ἑτέρων
1208 1164 1696 1272 ὀνομαζόμεθα
1743 1165 1945 1246 ἀλλά
1994 1164 2216 1265 μόνου
2251 1173 2582 1272 Χριστοῦ

215 1286 283 1372 ὃς
315 1295 421 1371 καὶ
455 1290 750 1396 κυριεύει
786 1291 1009 1389 ἡμῶν.

612 1508 739 1574 Ὠς
792 1510 1000 1596 σοφόε
1054 1509 1453 1599 ἀρχιτέκτων
1508 1512 1807 1585 θεμέλιον
1863 1509 2141 1575 τέθεικα.
2612 1534 2687 1576 10
2706 1536 2792 1594 sq.

306 1663 591 1763 Ἐπειδὴ
645 1660 837 1743 οἷκον
887 1663 1262 1763 ὠνόμασεν
1315 1669 1505 1743 Θεοῦ
1553 1661 1715 1746 τοὺς
1764 1660 2348 1759 πεπιστευκότας,
2388 1660 2573 1765 θεμί-

130 1809 191 1850 10
212 1804 330 1865 λιον
352 1785 652 1871 ἐἰκότως
702 1784 1023 1889 ὀνομάζει
1071 1786 1423 1890 Χριστόν·
1501 1791 1616 1867 καὶ
1666 1790 1935 1867 πολλοὶ
1981 1784 2110 1884 μὲν
2153 1784 2579 1866 διδάσκαλοι

211 1908 527 2010 γεγόνασι
586 1909 787 2014 παρὰ
843 1912 1265 2013 Κορινθίοις,
1312 1912 1519 2014 αὐχεῖ
1567 1908 1644 1991 δὲ
1701 1912 1742 1989 ὁ
1801 1915 2100 1992 Παῦλος
2152 1907 2236 1989 τὸ
2294 1916 2578 2013 πρῶτος

208 2026 360 2110 εἶναι
405 2041 545 2113 τῶν
584 2033 863 2132 ἄλλων,
902 2037 1017 2114 καὶ
1063 2032 1212 2114 οἷόν
1247 2069 1354 2119 τις
1390 2031 1683 2137 ἀπαρχὴ
1732 2038 1877 2111 τῶν
1913 2030 2579 2135 εὐαγγελισαμένων

209 2154 419 2240 αὐτοῖς
470 2155 552 2237 τὸ
590 2162 927 2261 Χριστοῦ
979 2154 1401 2260 μυστήριον,
1456 2155 1534 2240 ὅς
1588 2158 1748 2235 ε’στι
1805 2154 2132 2254 θεμέλιος
2186 2154 2573 2235 ἀκατάσει-

209 2308 382 2374 στος,
417 2280 692 2386 ἀνέχων
727 2279 891 2366 τοῦς
940 2279 1656 2379 ἐποικοδομουμένους
1706 2280 1921 2384 αὐτῷ,
1960 2284 2077 2358 καὶ
2128 2278 2337 2363 ναοὺς
2392 2282 2569 2360 ὑπο-

128 2431 185 2488 15
208 2403 476 2502 φαίνων,
513 2402 1328 2505 συναρμολογουμένους
1376 2437 1456 2482 τε
1503 2401 1862 2502 ἀλλήλοις
1917 2399 2033 2482 διὰ
2085 2406 2212 2502 τῆς
2265 2404 2576 2488 πίστεως
2602 2421 2680 2470 Cs-
2698 2422 2827 2486 Eph.
2847 2422 2896 2471 ii·

206 2525 306 2603 καὶ
327 2530 412 2633 τῇ
441 2535 568 2608 τοῦ
588 2528 848 2629 Ἀγίου
875 2526 1295 2625 Πνεύματος
1317 2526 1553 2631 χάριτι
1588 2528 2114 2625 συμβαίνοντος
2151 2532 2246 2612 εἶς
2283 2527 2573 2636 ὁμοψυ-
2607 2499 2683 2535 21'

205 2647 365 2748 χίαν·
416 2655 574 2755 περὶ
626 2651 885 2731 τούτου
931 2659 1060 2732 τοῦ
1114 2653 1447 2751 θεμελίου
1496 2650 1819 2757 ἔφασκεν
1853 2653 1894 2731 ὃ
1934 2648 2122 2737 Θεὸς
2166 2655 2283 2731 καὶ
2325 2651 2579 2755 Πατὴρ

204 2767 304 2848 διὰ
350 2774 728 2881 προφήτου
788 2786 832 2821 “
861 2774 1050 2854 Ἰδοὺ
1112 2774 1254 2877 ἐγὼ
1313 2772 1667 2873 ἐμβάλλω
1729 2779 1825 2860 εἱς
1882 2774 1974 2854 τά
2034 2770 2333 2873 θεμέλια
2389 2774 2579 2855 Σιὼν
2605 2797 2689 2910 Eg.
2720 2799 2890 2848 xxviii.

204 2900 241 2936 “
268 2895 461 2976 λίθον
532 2902 904 2998 πολυτελῆ
980 2900 1491 3001 ἀκρογωνιαῖον
1562 2897 1869 2995 ἔντιμον,
1948 2903 2046 2983 εἷς
2116 2895 2208 2976 τά
2282 2895 2579 2995 θεμέλια
2607 2874 2682 2912 ¹⁸

126 3040 185 3083 ²0
204 3024 241 3059 “
269 3019 487 3119 αὐτῆς,
527 3026 648 3101 καὶ
688 3022 729 3100 ὁ
764 3020 1127 3102 πιστεύων
1163 3020 1271 3102 ἐπ’
1312 3023 1506 3130 αὐτῷ
1543 3023 1625 3101 οὐ
1662 3018 1763 3121 μὴ
1801 3021 2358 3125 καταισχυνθῇ.”

295 3145 693 3226 Τεθεικέναι
737 3145 974 3225 τοίνυν
1014 3147 1056 3226 ὁ
1105 3151 1408 3231 Παῦλος
1463 3146 1539 3225 εὖ
1593 3144 1798 3244 μάλα
1857 3146 2048 3250 φησὶ
2097 3143 2226 3224 τὸν
2281 3141 2579 3250 θεμέλιον

204 3264 405 3365 αὐτὸς,
442 3273 557 3349 καὶ
611 3267 970 3349 δύνασθαι
1018 3267 1149 3368 μὲν
1184 3268 1462 3371 ἑτέρους
1511 3267 2041 3373 ἐπεργάζεσθαί
2088 3302 2165 3347 τε
2210 3271 2328 3347 καὶ
2378 3270 2572 3347 οἶκο-

203 3388 434 3489 δομεΐν,
469 3394 552 3472 οὐ
608 3389 756 3492 μὴν
793 3392 895 3472 ἔτι
933 3397 1340 3473 καταθεῖναι
1376 3394 1494 3473 καὶ
1539 3393 1779 3494 ἕτερον
1818 3390 2012 3499 vap&
2067 3389 2171 3473 τόν
2227 3391 2364 3491 ἤδη
2429 3395 2566 3472 κεῖ·
2599 3432 2700 3465 ver.
2725 3429 2800 3467 ιι.

201 3542 360 3610 μενον
411 3514 479 3602 ἴς
534 3517 710 3596 ἐστιν
753 3519 1003 3609 Ἰησοῦς
1049 3516 1354 3623 Χριστός·
1425 3526 1469 3562 “
1491 3517 1575 3595 οὐ
1612 3514 1756 3618 γάρ
1804 3516 2004 3594 ἐστιν
2057 3515 2296 3617 ἕτερον
2350 3514 2576 3613 ὄνομα
2597 3533 2841 3645 fthS·

129 3639 239 3708 ²5⁶⁴
270 3634 396 3714 ὑπὸ
456 3638 584 3718 τὸν
644 3638 951 3741 οὐρανὸν
1008 3637 1093 3719 τὸ
1155 3637 1528 3737 δεδομένον
1589 3639 1666 3717 ἐν
1734 3639 2156 3736 ἀνθρωποις,
2221 3639 2297 3718 ἐν
2355 3635 2414 3746 ᾧ
2472 3641 2583 3718 δεῖ
2651 3614 2892 3662 p.1v.=2.

752 3767 786 3785 Α

204 3764 240 3798 “
269 3765 578 3860 σωθῆναι
637 3760 894 3860 ἧμας.”
971 3772 1015 3809 “
1044 3759 1173 3847 Εἷς
1227 3761 1371 3866 γὰρ
1422 3759 1609 3846 Θεὸς
1677 3763 1796 3840 καὶ
1855 3759 2130 3865 Πατὴρ,
2187 3761 2275 3868 ἐξ
2338 3761 2420 3841 οὗ
2484 3761 2576 3841 τὰ
2599 3775 2740 3890 {nfra
2765 3777 2864 3825 viii.

260 3937 307 3991 9.
340 3923 627 3998 ὦνόμασεν]
659 3925 881 3981 ε’κιίλεσε
911 3924 985 3980 H.
1255 3944 1337 3980 10.
1380 3925 1527 3980 Haec
1553 3925 1636 3979 καὶ
1659 3925 2217 3995 πολλοὶ-Κορινθίοις
2238 3934 2578 3981 accesserunt

201 4005 255 4042 α
281 3992 348 4047 Η.
375 4061 399 4085 v
554 4013 638 4052 12.
677 4002 1006 4123 πρῶτοςὲἰῐο
1029 3993 1140 4050 οἶόν
1161 4018 1239 4053 τις
1262 3997 1472 4068 ἀπαρχὴ
1501 3996 1575 4050 Η.
1797 4012 1879 4067 13.
1916 3995 2088 4052 αὐτοῖς
2111 4013 2219 4050 om.
2248 3995 2323 4051 H.
2424 3996 2574 4084 θεμέ-

203 4059 314 4117 λιον
350 4085 420 4120 εις
441 4064 531 4121 οὖν
552 4070 583 4121 6
607 4068 871 4135 θεμέλιος,
975 4066 1092 4122 ἐστι
1115 4070 1344 4137 Χριστός
1367 4066 1482 4122 den.
1514 4065 1588 4122 H.
1772 4082 1858 4121 21.
1895 4065 2011 4121 Ine.
2037 4065 2103 4120 de
2128 4084 2268 4121 novo
2291 4067 2575 4121 Τεθεικεναι

203 4128 322 4267 mi
342 4136 427 4189 τὸν
447 4136 691 4206 θεμέλιον
715 4140 745 4191 6
766 4140 968 4194 παῦλος
991 4137 1074 4192 καὶ
1099 4136 1350 4192 δύνασθαι
1378 4136 1455 4191 Η.
1641 4152 1727 4191 22.
1766 4136 2075 4206 ἐργάζεσθαι
2104 4136 2180 4191 Η.
2249 4159 2306 4191 τε
2331 4138 2412 4190 καὶ
2438 4137 2575 4191 οἷκο-

312 4207 358 4257 ῐν
378 4222 481 4259 om.
509 4206 586 4262 H.
881 4223 968 4278 23.
1004 4208 1080 4262 ἔτι
1103 4209 1390 4263 καταθεῖναι
1415 4207 1497 4261 καὶ
1519 4205 1723 4278 ἕτερον]
1750 4207 1834 4260 καὶ
1859 4207 2018 4261 θεῖναι
2046 4207 2213 4261 ἄλλον
2237 4207 2475 4276 θεμέλιον
2503 4207 2575 4261 Η.

206 4283 279 4352 ²⁴:
310 4274 363 4330 ὅς
393 4275 535 4333 ἐστιν
568 4276 781 4348 Ἰησοῦς
814 4279 1045 4347 Χριστός
1078 4295 1261 4333 assum
1300 4286 1416 4332 tum
1453 4296 1519 4331 ex
1560 4277 1633 4330 H.
1744 4276 1904 4345 ὄνομα
1938 4287 2278 4364 assumptum
2310 4296 2376 4332 ex
2404 4277 2476 4331 H.
2516 4277 2576 4331 ὃν

208 4338 317 4410 (⁸¹0)
338 4348 402 4399 A.
637 4348 728 4403 26.
764 4347 896 4417 ἡμᾶς
919 4365 1029 4404 om.
1056 4348 1128 4403 H.
1155 4357 1209 4403 et
1232 4366 1262 4402 a
1300 4348 1504 4402 breviat
1529 4347 1647 4404 θεὸς
1668 4348 1771 4419 γὰρ
1794 4348 1867 4401 ὢν
1887 4346 2050 4417 φύσει
2073 4369 2285 4419 γεγονεν
2307 4348 2576 4416 ἅνθρωπος

205 4410 275 4463 ω)
302 4416 583 4486 γεγέννηται
607 4419 696 4473 διὰ
719 4421 810 4488 τῆς
832 4418 982 4488 ἁγίας
1004 4419 1088 4473 καὶ
1122 4419 1364 4473 θεοτόκου
1398 4419 1582 4487 μορίας
1619 4420 1745 4472 κατὰ
1773 4419 1958 4486 σάρκα,
1981 4420 2269 4488 μεμενηκῶς
2302 4418 2386 4471 καὶ
2410 4418 2466 4471 ἐν
2487 4416 2574 4470 ἀν-

206 4477 464 4569 ςΜότητι
500 4492 649 4546 Θεός·
702 4491 733 4542 6
767 4488 859 4545 οὖν
892 4488 1198 4560 ἀρνούμενος
1240 4491 1330 4544 τὸν
1370 4488 1612 4558 θεμέλιον
1653 4490 1736 4543 καὶ
1833 4511 1861 4543 ν
1898 4488 2091 4561 πέτραν
2126 4490 2327 4544 πάντως
2366 4487 2451 4541 ε’πὶ
2484 4486 2576 4554 τὴν

206 4572 351 4617 “uuor
371 4557 623 4629 οἶκοδομεῖ
647 4560 735 4614 καὶ
758 4560 982 4617 εὐκόλως
1004 4559 1345 4615 κατασείεται·
1371 4558 1414 4692 ¹6
1440 4560 1518 4629 (p.
1542 4559 1664 4623 260,
1690 4558 1748 4629 6)
1840 4599 1854 4614 .
