3269 5166
620 327 707 391 ⁷8
1217 323 1296 388 B.
1347 320 1778 387 CYRILLI
1838 318 2419 385 ALEXANDR.
2774 317 2915 382 xix.
2946 331 3057 399 15.

731 486 1103 591 Ἐπιτήρει
1139 487 1216 570 δὲ
1251 486 1479 569 πάλιν
1512 489 1591 568 ε’ν
1625 486 1903 572 τούτοις
1954 495 2082 567 τοῦ
2130 486 2618 592 συγγραφέως
2655 484 2795 584 τὴν
2826 483 3045 585 ἀκρί-

621 621 851 708 βειαν.
953 614 1038 693 οὐ
1097 611 1242 718 γὰρ
1305 610 1435 693 τὸν
1494 615 1728 713 δῆμον
1783 611 1924 717 ἔφη
1986 614 2115 710 τῆς
2180 612 2369 690 οὕτω
2435 606 3056 705 δυσσεβεστάτης

622 735 977 843 κατάρξαι
1024 742 1293 844 φωνῆς,
1333 737 1536 818 ἀλλὰ
1584 737 1812 818 πάλιν
1848 733 2103 820 αὐτοὺς
2152 732 2317 819 τοῦς
2366 735 2703 837 ἡγεῖσθαι
2755 733 3049 839 λαχόν-

622 897 777 947 τας.
860 860 1301 972 ἐκραύγασαν
1338 859 1504 966 γάρ,
1543 864 1798 968 φησὶν,
1840 870 1896 941 οἱ
1932 863 2277 968 ἀρχιερεῖς,
2315 867 2693 963 πανταχοῦ
2735 857 3047 954 δεικνὺς,

625 988 737 1068 ὅτι
787 994 935 1071 τοῖς
984 986 1406 1089 ἡγουμένοις
1457 990 2043 1065 κατακολουθοῦν
2076 980 2161 1063 τὸ
2203 981 2517 1083 ὑπήκοον
2551 984 2819 1088 ἠνέχθη
2860 983 3054 1064 κατὰ
3081 1006 3125 1065 5

567 1143 603 1187 e
626 1118 929 1216 πετρῶν,
989 1115 1107 1192 καὶ
1182 1116 1283 1196 εἷς
1355 1109 1438 1191 τὸ
1515 1114 1643 1209 τῆς
1714 1110 2076 1193 ἀπωλείας
2146 1108 2562 1189 κατώλισθε
2635 1106 3048 1213 βάραθρον.

627 1234 1038 1317 εὐθύνονται
1075 1236 1314 1317 τοίνυν
1350 1241 1416 1316 οἱ
1453 1236 1818 1340 ἀρχιερεῖς,
1858 1237 1955 1319 ὦς
1999 1234 2084 1313 οὐ
2126 1230 2349 1332 μόνον
2384 1233 2516 1319 τὰς
2569 1235 2750 1317 ἰδίας
2800 1235 3047 1315 ἀπολ-

626 1359 881 1446 λύντες
918 1360 1191 1468 ψυχὰς,
1225 1358 1430 1440 ἀλλὰ
1465 1361 1585 1439 καὶ
1627 1366 1776 1443 τοῖς
1831 1356 1969 1438 ὑπὸ
2020 1364 2224 1463 χεῖρα
2273 1363 2482 1442 λαοῖς
2528 1361 2658 1457 τῆς
2708 1357 3054 1460 ὀλεθρίου

624 1489 1035 1594 μιαιφονίας
1111 1487 1317 1566 αὐτοὶ
1386 1480 1763 1587 γεγονότες
1835 1480 2176 1585 ἡγεμόνες
2248 1485 2367 1563 καὶ
2448 1485 2853 1587 στρατηγοὶ
2926 1487 3056 1563 καὶ

625 1613 1012 1716 παραίτιοι,
1052 1609 1373 1712 καθάπερ
1409 1607 1661 1710 ἀμέλει
1698 1610 1816 1688 καὶ
1860 1609 1901 1687 ὁ
1949 1605 2331 1713 προφήτης
2367 1606 2623 1693 αὐτοῦς
2658 1615 3055 1713 κατῃτιᾶτο
3085 1631 3170 1673 ¹0

292 1740 421 1789 Ποθ-
439 1754 488 1789 v.
628 1741 829 1831 βοῶν
884 1745 926 1783 ‘⁴
950 1732 1131 1816 Ὅτι
1186 1740 1405 1837 παγὶς
1465 1731 1845 1837 ἐγενήθητε
1907 1737 2000 1837 τῇ
2067 1739 2365 1839 σκοπιᾷ,
2426 1736 2545 1813 καὶ
2602 1737 2702 1818 ὡς
2760 1734 3056 1813 δίκτυον

631 1871 676 1910 “
708 1860 1168 1959 ἐκτεταμένον
1218 1860 1334 1940 ἐπὶ
1379 1856 1465 1940 τὸ
1520 1856 1909 1961 ἶταβύριον,
1961 1854 2003 1936 ὃ
2054 1861 2122 1937 οἱ
2169 1856 2590 1959 ἀγρεύοντες
2636 1856 2772 1958 τὴν
2815 1856 3078 1961 θήραν.

633 1994 678 2033 “
714 1982 1194 2091 κατεῆιηξαν.”
1267 1981 1584 2064 σκοπιάν
1638 1981 1783 2086 γὰρ
1837 1983 1915 2060 ἐν
1967 1980 2245 2066 τούτοις
2304 1983 2663 2063 ἀποκαλεῖ
2711 1980 2846 2083 τὴν
2902 1991 3057 2063 τῶν

635 2105 776 2189 ὑπὸ
831 2115 1035 2214 χεῖρα
1087 2106 1403 2208 πληθὺν,
1447 2104 1890 2210 τεταγμένην
1942 2104 2191 2211 ὥσπερ
2244 2105 2380 2207 τὴν
2431 2113 2580 2188 τῶν
2633 2107 3058 2210 ἡγουμένων

639 2232 1268 2314 κατασκέπτεσθαι
1304 2231 1700 2329 πολιτείαν,
1741 2227 2203 2312 διαπλάττειν
2239 2228 2317 2310 δὲ
2352 2233 2540 2313 οὕτω
2574 2230 2709 2332 τὴν
2743 2234 3045 2312 ἑαυτῶν.
3088 2264 3169 2322 ι5

295 2386 468 2442 1056
478 2383 561 2442 Δ.
583 2397 618 2439 a
641 2362 905 2439 σκοποὶ
959 2356 1105 2463 γὰρ
1163 2357 1281 2438 διὰ
1339 2364 1554 2437 τοῦτο
1615 2353 1816 2461 παρὰ
1882 2361 2029 2440 τοῖς
2090 2355 2317 2457 ἀγίοις
2372 2356 2753 2458 κέκληνται
2811 2357 3059 2460 γράμ-

638 2517 870 2586 μασιν
920 2487 987 2564 οἱ
1043 2488 1245 2563 λαῶν
1286 2478 1867 2588 προτεταγμένοι.
1943 2482 2163 2581 παγὶς
2218 2480 2345 2559 οὖν
2393 2480 2536 2586 ἄρα
2590 2486 2710 2562 καὶ
2764 2481 3061 2563 δίκτυον

631 2616 724 2714 τῇ
778 2614 1053 2715 σκοπιᾷ
1107 2605 1504 2709 γεγόνασιν
1562 2615 1617 2686 οἱ
1676 2608 1998 2715 ἀρχιερεῖς
2058 2605 2260 2685 αὐτοὶ
2315 2607 2432 2685 καὶ
2491 2611 2620 2707 τῆς
2678 2607 3061 2711 ἀρνήσεως·

634 2732 1044 2840 ἀρξάμενοι,
1084 2734 1202 2812 καὶ
1239 2729 1405 2815 τοὺς
1441 2729 1718 2813 ἄλλους
1754 2726 2078 2813 ἅπαντας
2113 2732 2772 2819 συναναπείσαντες
2810 2733 3061 2837 λέγειν

634 2865 788 2940 Οὐκ
857 2857 1098 2963 ἔχομεν
1162 2854 1481 2950 βασιλέα
1546 2862 1600 2936 εἰ
1665 2850 1762 2960 μὴ
1827 2857 2177 2960 Καίσαρα.
2276 2862 2611 2950 τολμῶσι
2685 2856 2762 2937 δὲ
2836 2868 3061 2940 τοῦτο
3092 2894 3177 2934 20

635 2983 874 3087 λέγειν
916 2985 984 3061 οἱ
1039 2982 1360 3079 δείλαιοι,
1398 2978 1626 3061 καίτοι
1682 2987 1811 3059 τοῦ
1862 2984 2054 3059 Θεοῦ
2109 2982 2226 3059 καὶ
2277 2980 2572 3084 Πατρὸς
2626 2981 2746 3061 διὰ
2802 2989 3064 3090 φωνῆς·

634 3115 764 3190 τοῦ
811 3106 1194 3213 προφήτου
1243 3104 1375 3206 τὴν
1419 3113 1548 3186 τοῦ
1603 3108 1941 3206 Σωτῆρος
1991 3105 2228 3188 αὐτοῖς
2272 3106 3063 3209 προκαταγγέλλοντος

297 3235 451 3286 Zoeh·
470 3236 537 3285 ³¹·
634 3236 913 3344 ἄφιξιν,
969 3235 1156 3315 οὕτω
1214 3267 1292 3313 τε
1349 3239 1670 3330 βοῶντος
1728 3242 1771 3278 “
1798 3237 2026 3335 Χαῖρε
2093 3232 2392 3337 σφόδρα
2450 3231 2762 3338 θύγατερ
2825 3232 3060 3333 Σιὼν,

635 3372 679 3409 “
717 3360 1016 3463 κήρυττε
1055 3358 1367 3460 θύγατερ
1404 3353 1914 3458 Ἰερουσαλήμ·
1976 3353 2128 3436 ἰδοὺ
2165 3357 2205 3436 ὁ
2249 3356 2601 3450 βασιλεύς
2650 3391 2794 3438 σου
2843 3358 3054 3464 ἔρχε-

563 3493 609 3559 b
637 3495 681 3532 “
716 3483 843 3564 ταί
890 3516 1015 3563 σοι
1069 3481 1334 3563 δίκαιος
1384 3483 1500 3559 καὶ
1550 3477 1828 3581 σώζων,
1875 3477 2088 3565 αὐτὸς
2141 3478 2376 3584 πραῢς
2430 3485 2548 3562 καὶ
2603 3483 3062 3584 ἐπιβεβηκὼς
3094 3519 3173 3580 25

638 3619 680 3657 ‘⁴
718 3611 833 3689 ε’πὶ
869 3604 1251 3708 ὑποζύγιον
1287 3607 1405 3683 καὶ
1440 3611 1695 3686 πῶλον
1733 3603 1960 3685 νέον.”
2022 3610 2093 3685 οὶ
2134 3604 2211 3686 δὲ
2254 3607 2482 3686 καίτοι
2518 3612 2621 3713 τῷ
2655 3608 2889 3717 πώλῳ
2928 3614 3063 3708 τῆς

637 3731 808 3813 ὄνου
852 3727 982 3811 τὸν
1017 3730 1310 3829 Ἰησοῦν
1346 3728 1827 3834 ἐποχούμενον
1864 3730 2354 3832 ἀνενεγκόντες
2405 3736 2500 3815 εἶς
2534 3731 3058 3835 Ἱεροσόλυμα,

634 3856 961 3955 πανδημί
991 3888 1069 3935 τε
1109 3855 1384 3955 νηπίοις
1421 3855 1602 3955 ὁμοῦ
1639 3859 1794 3938 ταῖς
1832 3854 2009 3958 ὑπὲρ
2047 3853 2427 3960 ἄνθρωπον
2460 3856 3068 3964 καταστέψαντες

295 3992 544 4110 ῗὲῡῑῦῑ·
636 3981 1034 4088 εὐφημίαις,
1073 3979 1402 4087 ἔφασκον
1441 3978 1585 4082 γάρ
1623 3990 1669 4027 “
1700 3979 2208 4081 Εὐλογημένος
2260 3981 2299 4059 ὃ
2347 3979 2730 4086 ἐρχόμενος
2765 3984 2844 4064 ἐν
2884 3984 3059 4064 ὀνό-

418 4073 468 4126 9·
635 4117 680 4154 “
716 4140 891 4205 ματι
950 4103 1281 4209 Κυρίου,”
1330 4110 1753 4201 καταβοῶσι
1809 4106 1982 4202 νυνὶ,
2031 4101 2262 4206 μόνην
2307 4104 2871 4212 ἐπιγραφόμενοι
2927 4108 3070 4209 τὴν
3099 4144 3183 4201 30

633 4231 1014 4332 Ῥωμαίων
1066 4228 1320 4338 ἀρχὴν,
1381 4232 1501 4310 καὶ
1556 4233 1685 4329 τῆς
1748 4229 1887 4309 ὑπὸ
1945 4235 2114 4337 Θεῷ
2169 4232 2556 4324 βασιλείας
2618 4231 2747 4313 τὸν
2802 4239 3071 4315 οἰκεῖον

712 4519 794 4559 11.
832 4504 1134 4577 ἐγενήθητε
1161 4502 1227 4558 E.
1439 4517 1523 4555 12.
1563 4500 1938 4574 ἐκτεταμμένον
1963 4501 2028 4559 Ε.
2135 4502 2396 4575 ι’τακύριον
2421 4504 2487 4560 Ε.
2706 4505 2794 4562 28.
2831 4508 3073 4580 πανδημί

638 4573 703 4631 Ε.
727 4577 963 4648 πανδημῆ
988 4576 1136 4632 Aub.
1162 4572 1418 4642 πανδημεί
1444 4571 1653 4645 Migne.
