3269 5166
249 337 358 402 vii.
390 357 499 405 21.
758 339 866 406 IN
917 340 1443 406 EPISTOLAM
1496 341 1625 405 AD
1679 339 2148 406 ROMANOS.
2529 338 2658 403 20⁷

249 503 437 584 ὅσον
490 503 662 604 ἧκεν
696 506 792 589 εἷς
826 541 909 609 γε
960 505 1047 586 τὸ
1083 507 1277 613 αὐτῷ
1333 511 1612 602 δοκοῦν,
1649 504 1741 607 ἦν
1779 505 1868 585 ἂν
1906 506 2048 613 ἔξω
2106 507 2222 586 καὶ
2278 504 2655 606 ἁμαρτίας·

245 628 489 729 ἐπειδὴ
527 628 605 711 δὲ
650 628 1187 737 δυσδιάφυκτον
1223 628 1551 730 ὑπομένει
1593 630 2044 738 πλεονεξίαν,
2083 630 2188 731 εἴη
2226 626 2317 709 ἀν
2356 626 2659 726 εἰκότως,

248 755 381 835 οὐκ
442 755 662 834 αὐτοῦ
722 752 810 854 δὴ
868 761 1178 854 μᾶλλον,
1235 752 1433 835 ἀλλὰ
1499 763 1628 835 τοῦ
1682 762 2281 839 πλεονεκτοῦντος
2333 756 2380 855 ἦ
2437 755 2652 834 αἰτία·

247 879 594 986 ταύτῃτοί
637 886 871 985 φησιν
912 887 990 958 Εἰ
1032 874 1103 960 δὲ
1144 879 1177 960 ἲ
1229 884 1297 959 οὐ
1349 876 1516 960 θέλω
1570 879 1727 982 ἐγῶ,
1778 882 1962 960 τοῦτο
2017 880 2210 970 maz,
2253 877 2466 959 οὐκέτι
2521 876 2661 981 ε’γῶ

182 1023 225 1083 5
256 1005 778 1114 κατεργάζομαι
818 1005 1000 1098 αὐτὶ,
1036 1008 1207 1083 ἀλλ’
1247 1007 1282 1097 ἦ
1322 1006 1597 1084 οἰκοῦσα
1634 1005 1698 1085 ἓν
1736 1004 1880 1109 ἐμοὶ
1921 1009 2259 1108 ἁμαρτία.

368 1128 585 1208 Εἴποι
641 1126 716 1209 δὲ
756 1129 847 1207 ἀν
901 1162 1008 1213 τις
1052 1125 1253 1230 Ἀρα
1301 1127 1369 1207 εἴ
1405 1161 1589 1213 τινες
1646 1135 1793 1208 τῶν
1827 1127 2218 1231 ἀλιτηρίων
2259 1126 2658 1231 βαρβάρων

251 1249 477 1333 πόλιν
510 1251 557 1354 ἢ
605 1253 855 1358 χώραν
898 1251 1514 1357 καταδῃῶσαντες,
1552 1248 1706 1332 εἶτα
1755 1250 2227 1355 δορυκτήτους
2267 1260 2415 1333 τῶν
2469 1254 2652 1333 ε’νοι-

252 1376 575 1457 κούντων
632 1375 917 1461 ἑλόντες
976 1376 1174 1462 τινὰς
1234 1375 1361 1458 τὸν
1416 1381 1545 1476 τῆς
1608 1377 1936 1460 δουλείας
1992 1377 2231 1457 αὐτῶν
2289 1380 2661 1457 ἐπιτιθεΐεν

254 1500 495 1605 ζυγόν·
577 1505 645 1581 οἰ
704 1501 781 1582 δὲ
838 1508 1054 1582 τοῦτο
1110 1497 1546 1585 πεπονθότες
1615 1503 1714 1585 ὡς
1776 1502 1862 1607 ἐξ
1917 1502 2310 1602 ἀναγκαίου
2366 1503 2660 1598 δεσμοῖς

139 1655 171 1698 1
185 1656 232 1697 0
253 1633 403 1711 τοῖς
446 1632 592 1705 τῶν
640 1624 1090 1728 κρατούντων
1125 1624 1373 1704 ε’ίκοιεν
1409 1622 1673 1722 νόμοις,
1710 1624 1967 1725 μώμου
2019 1627 2138 1704 καὶ
2181 1629 2473 1732 γραφῆς
2522 1620 2658 1705 εἶεν

254 1747 350 1829 ἀν
388 1749 598 1855 ἄξιοι,
638 1748 748 1830 ὅτι
803 1748 981 1849 μήτε
1027 1749 1353 1844 ἀμείνους
1409 1752 1534 1847 τῆς
1590 1747 1906 1851 ἀνάγκης
1948 1752 2112 1846 εἰσὶ,
2149 1749 2327 1849 μήτε
2379 1748 2525 1850 μὴν
2573 1747 2659 1829 τὸ

253 1874 530 1977 σφίσιν
564 1875 801 1958 αὐτοῖς
852 1872 985 1972 ἡδὺ
1033 1873 1505 1976 διαπεραίνειν
1540 1870 2058 1975 σπουδάζουσι,
2094 1876 2221 1971 τῆς
2268 1879 2414 1952 τῶν
2449 1907 2651 1954 τετυ·

251 1994 713 2149 ραννηκότων
760 1996 1264 2099 ἀλογήσαντες
1314 1996 1702 2104 ἐξουσίας·
1682 2059 1704 2093 ,
1777 1998 1946 2077 ἀλλ’
1988 2031 2117 2077 ουκ
2162 1995 2252 2077 ἀν
2303 1993 2506 2093 οἶμαί
2551 2032 2661 2082 τις

254 2118 513 2204 αὐτους
549 2119 834 2204 εἰκότως
872 2120 1439 2220 διαμωμήσαιτο.
1499 2121 1582 2201 οὐ
1619 2120 1764 2224 γὰρ
1801 2120 1968 2228 ἐξὸν
2004 2124 2333 2202 ἀνεῖσθαι
2367 2121 2660 2201 δουλεύ·

142 2273 231 2334 15
255 2278 490 2340 ουσιν,
556 2244 827 2324 εἴκουσι
899 2243 976 2324 δὲ
1049 2247 1148 2328 ὡς
1219 2244 1404 2344 ἔφην
1477 2251 1633 2327 ταῖς
1709 2243 2145 2344 ἀβουλήτοις
2218 2251 2655 2350 συμφοραῖς.

254 2368 601 2453 ἀλύοντες
676 2402 808 2463 μεν
881 2365 991 2448 ὅτι
1058 2371 1184 2467 τῆς
1251 2370 1652 2470 ἐλευθερίας
1722 2369 2162 2523 ἐστέρηνται,
2221 2374 2371 2453 τοῖς
2435 2369 2663 2471 γεμὴν

256 2491 751 2595 ἀλκιμοτέροις
789 2492 879 2599 ἐξ
928 2488 1246 2594 ἀνάγκης
1281 2492 1675 2593 ἡττωμενοι
1732 2496 1849 2571 καὶ
1887 2494 2021 2643 οὐχ
2057 2493 2334 2577 ἕκοντες
2369 2491 2663 2573 δουλεύ-

257 2651 493 2699 ουσιν.
560 2615 732 2697 ἀλλ’
779 2616 975 2720 εἴπερ
1006 2619 1164 2697 ἐστὶ
1200 2626 1412 2697 τοῦτο
1466 2626 1595 2697 τοῦ
1630 2614 1898 2702 εἰκότος
1934 2652 2019 2698 ου
2072 2616 2380 2722 μακρὰν,
2423 2620 2663 2719 ἀπηλ-

259 2741 519 2847 λάχθω
584 2745 874 2845 γραφῆς
940 2741 981 2820 5
1047 2741 1492 2843 ἀνθρώπινος
1566 2748 1732 2825 νοῦς
1803 2744 1918 2821 ἐπὶ
1991 2748 2140 2826 τοῖς
2201 2746 2330 2840 τῆς
2389 2740 2663 2844 σαρκὸς

142 2901 234 2942 20
260 2864 851 2968 ἀρρωστήμασιν.
909 2865 1079 2943 ἀλλ’
1120 2861 1209 2964 ἦν
1254 2866 1362 2944 ἐπ’
1404 2865 1617 2970 αὐτῷ,
1659 2867 1869 2969 φησί,
1908 2870 2025 2945 καὶ
2074 2900 2157 2946 το
2211 2865 2313 2965 μὴ
2369 2864 2664 2946 ελε’σθαι

258 2991 464 3090 δρᾶν·
543 2986 686 3093 ἔχει
749 3021 895 3089 γαρ
953 2985 1166 3072 αὐτὸς
1222 3022 1352 3072 τας
1406 2994 1555 3068 τῶν
1616 2986 2048 3087 θελημάτων
2102 2989 2325 3088 ἡνίας.
2408 2990 2663 3070 οὐκοῦν

256 3111 456 3193 ἔστω
510 3115 627 3192 καὶ
683 3110 1107 3218 πλεονεξίας
1160 3112 1465 3210 ἀμείνων
1520 3115 1639 3192 καὶ
1695 3110 2207 3215 ἀτυράννευτος
2261 3113 2661 3214 ἁμαρτίαις.

258 3241 322 3316 εἰ
387 3235 464 3316 δὲ
520 3235 912 3319 δύσοιστος
968 3241 1085 3315 καὶ
1147 3237 1275 3316 οὐκ
1341 3233 1719 3336 εὐάντητος
1783 3236 1829 3335 ἡ
1888 3240 2016 3337 τῆς
2079 3235 2349 3339 σαρκὸς
2418 3234 2663 3343 φύσις,

260 3358 854 3466 κατεξανιστᾶσα
907 3363 1011 3467 τῷ
1066 3362 1168 3467 νῷ
1222 3359 1355 3459 τὴν
1404 3361 1759 3441 ἀτίθασον
1811 3359 2095 3461 ἡδονὴν,
2146 3357 2534 3463 ἀργότερος
2564 3358 2665 3440 δε

150 3512 233 3573 25
256 3481 445 3587 πρὸς
497 3484 903 3584 ἐπικουρίαν
939 3485 980 3563 5
1020 3483 1262 3583 νόμος·
1333 3485 1418 3563 οὐ
1459 3517 1605 3586 γαρ
1643 3519 1786 3588 εχει
1830 3520 1915 3565 το
1964 3485 2319 3564 δύνασθαι
2374 3492 2665 3587 νεκροῦν

258 3607 632 3710 ἁμαρτιας·
694 3608 822 3687 οὐκ
894 3604 984 3686 ἂν
1045 3607 1467 3708 ἐγκαλεσειέ
1529 3641 1636 3691 τις
1697 3609 1979 3692 δικαίως
2039 3607 2150 3688 ὅτι
2213 3607 2315 3708 μὴ
2378 3609 2519 3714 δρᾷ
2577 3602 2665 3687 τὸ

255 3733 546 3829 ἀμεῖνον
581 3765 677 3811 τα
707 3732 972 3835 αἰσχίω
1008 3730 1266 3828 μεθείς·
1330 3727 1466 3810 κάν
1499 3736 1558 3811 εἰ
1595 3730 1746 3834 ἔχοι
1782 3732 2003 3836 τυχὸν
2039 3730 2167 3816 τὰς
2203 3738 2351 3812 τῶν
2385 3733 2462 3811 ἐν
2495 3731 2666 3830 ἡμῖν

256 3851 692 3954 θελημᾶτων
727 3853 944 3953 ἡνίας.

2715 433 2975 501 ΗΒΕ]

262 4072 566 4165 Εὑρίσκω
628 4073 757 4163 ἄρα
812 4074 925 4142 τὸν
981 4075 1180 4151 νόμον
1236 4078 1332 4161 τῷ
1387 4078 1642 4142 θέλοντι
1694 4071 1834 4152 ἐμοὶ
1893 4071 2103 4141 ποιεῖν
2158 4074 2233 4140 τὸ
2287 4074 2510 4154 καλὸν,
2563 4074 2663 4140 ὅτι
2694 4092 2766 4137 21

148 4240 233 4298 30
965 4199 1112 4276 ἐμοὶ
1164 4199 1239 4266 τὸ
1295 4200 1495 4266 κακὸν
1551 4201 1963 4290 παράκειται.

358 4353 622 4461 Ἀθρει
668 4357 757 4458 δὴ
807 4356 1035 4439 πάλιν
1072 4360 1170 4442 ὧς
1218 4364 1475 4465 σοφῶς
1523 4362 1642 4439 καὶ
1692 4360 2036 4466 εὐτέχνως
2080 4358 2502 4465 ἀποδέχεται
2537 4355 2666 4437 τὸν

336 4547 385 4585 1.
422 4532 511 4585 καὶ
531 4547 641 4586 om.
667 4531 739 4585 A.
1214 4545 1267 4603 5.
1303 4530 1525 4604 ἁμαρτία
1582 4531 1738 4592 Quae
1855 4541 2061 4588 uuntur
2083 4531 2151 4587 ad
2176 4532 2272 4587 fin.
2297 4531 2485 4587 acholii
2508 4530 2664 4586 nobi·

257 4600 955 4673 supplevitApp.63,64.
1239 4619 1329 4673 31.
1366 4603 1467 4657 Καὶ
1556 4600 2382 4674 ροιΑ.1;αιί.ωδὲρι·οδὴΒ
