3269 5166
222 356 371 423 xviii.
396 379 492 429 20.
561 362 678 428 IN
723 363 792 429 S.
825 362 1342 430 JOANNEM.
1433 362 1630 428 LIB.
1661 361 1782 428 XI.
1876 362 2083 428 CAP.
2114 362 2278 429 XII.
2492 364 2578 427 33

217 524 577 622 σημαίνων.
654 530 738 611 οὔ
774 517 919 635 γὰρ
950 528 1104 636 ᾔδει
1138 528 1223 610 τὸ
1262 529 1604 633 ἁμαρτεῖν
1642 529 1684 609 ὁ
1719 525 2152 632 κρινόμενος.
2234 529 2467 636 ἐρωτᾷ
2499 525 2577 607 δὲ

214 653 335 755 περὶ
392 649 501 745 τῆς
565 648 859 753 Max&
924 655 1143 750 αὐτοῦ’,
1202 651 1509 758 πότερόν
1570 687 1746 733 ποτε
1807 660 1957 738 τοῖς
2019 652 2136 735 διὰ
2203 650 2578 737 Μωυσέως

108 770 115 777 ’
209 774 460 882 (ἐπῳδός
507 778 668 857 ἐστι
718 777 983 878 νόμοις,
1020 778 1244 880 ἤγουν
1277 784 1424 861 τοῖς
1476 774 1710 856 πάλαι
1757 777 2345 875 τεθεσπισμένοις
2395 779 2570 876 ὃμο-
2598 788 2642 853 b

205 896 439 999 οτιβὴς
484 903 605 981 καὶ
651 902 1079 1007 σύνδρομος,
1120 903 1237 982 καὶ
1288 902 1397 985 τίς
1444 900 1588 1005 ἄρα
1640 906 1789 985 τοῖς
1841 902 1958 981 ὑπ’
2000 902 2192 1010 αὐτῷ
2239 909 2569 1003 μεμαθη-

149 1040 180 1100 5
202 1025 524 1121 τευμένοις
578 1025 959 1131 ἐνυπάρχει
1013 1024 1312 1123 σκοπὸς,
1368 1031 1518 1110 τοῖς
1571 1024 1893 1131 ἀρχαίοις
1946 1024 2143 1106 ἔθεσι
2193 1030 2567 1129 παιδαγω-

202 1153 459 1247 γεῖσθαι
536 1156 798 1256 φιλεῖν,
881 1150 1108 1253 ἤγουν
1187 1147 1349 1230 τινὰ
1435 1147 1646 1301 ξένην
1727 1153 1844 1229 καὶ
1924 1153 2364 1253 καινοπρεπῆ
2444 1155 2576 1250 τῆς

201 1273 504 1373 λατρείας
556 1274 986 1375 ἐπιτηδεύειν
1029 1273 1165 1375 τὴν
1209 1273 1531 1376 ἀγωγήν.
1593 1275 1812 1354 ἐποίει
1868 1271 1944 1355 δε
2000 1284 2213 1356 τοῦτο
2268 1276 2576 1379 δυστρό-

196 1422 352 1480 πως·
405 1394 585 1507 ᾦετο
633 1397 776 1503 γὰρ
821 1398 932 1480 ὅτι
968 1404 1253 1503 κατερεΐ
1278 1432 1413 1498 μεν
1449 1400 1764 1501 ἐναργῶς
1801 1407 1928 1479 τοῦ
1964 1398 2184 1498 νόμου
2219 1398 2569 1503 Χριστος,

198 1519 562 1625 ἀπόβλητα
596 1521 674 1604 δὲ
709 1522 804 1604 τὰ
842 1521 961 1604 διὰ
999 1523 1378 1608 Μωυσεως
1415 1522 1655 1620 εἶπων,
1691 1522 1903 1607 αὐτὸς
1957 1522 2121 1603 καθ’
2158 1526 2414 1605 εαυτοῦ
2448 1528 2574 1623 τῆς

116 1672 178 1714 10
197 1651 325 1725 τῶν
372 1646 735 1729 Ἰουδαίων
807 1648 1348 1751 γλωσσαλγίας
1423 1648 1835 1748 ἄνακινήσει
1907 1645 2300 1751 θράσος,“
2269 1684 2383 1728 ινα
2460 1652 2576 1730 καὶ

197 1771 511 1873 Φαίνηται
575 1770 844 1853 λοιπον
907 1773 1186 1853 δικαίαν
1251 1768 1503 1874 ὥσπερ
1565 1769 1945 1857 άποτιννυς
2005 1780 2135 1853 τοῦ
2199 1777 2577 1880 θεομαχεῖν

197 1891 469 1976 ἑλέσθαι
529 1894 667 1996 τὴν
722 1897 954 1998 δίκην.
1061 1901 1441 2002 θεομαχεῖν
1504 1893 1653 1998 γὰρ
1724 1896 2053 2000 ἄντικρυς
2115 1894 2204 1997 ἦν
2268 1931 2355 1978 το
2429 1905 2574 1984 τοῖς
2600 1939 2636 1980 c

197 2019 384 2103 θείοις
434 2016 987 2102 ἀντιτάττεσθαι
1043 2018 1305 2120 νόμοις,
1361 2054 1558 2123 ειπερ
1611 2054 1720 2105 τις
1772 2055 1915 2124 αρα
1967 2027 2114 2102 τῶν
2168 2022 2333 2102 καθ’
2391 2021 2578 2121 ἡμᾶς

198 2137 337 2237 ἥλω
367 2177 437 2224 τι
468 2152 799 2226 τοιοῦτον
834 2142 1055 2227 εἶπων
1089 2141 1135 2244 ἢ
1174 2144 1476 2248 δράσας.
1556 2148 1655 2228 ὡς
1691 2143 2048 2254 ἆνθρωπω
2093 2142 2267 2226 δε”
2218 2179 2320 2226 ετι
2371 2151 2579 2254 ψιλῷ

114 2287 176 2344 ¹5
196 2297 627 2374 προσεχουσι
673 2275 781 2376 τῷ
828 2274 1159 2376 Χριστῷ,
1206 2270 1326 2350 καὶ
1379 2303 1509 2350 τον
1550 2277 1679 2350 τοῦ
1735 2267 1958 2369 νόμου
2004 2269 2351 2373 Κύριον’
2318 2276 2433 2352 επὶ
2487 2273 2578 2378 τῇ

197 2397 307 2468 τοῦ
337 2389 554 2493 νόμου
588 2392 1015 2496 παραβάσει
1052 2394 1337 2477 δικαίως
1369 2392 1682 2473 εὐθύνειν
1719 2390 2147 2495 νομίζουσιν,
2185 2395 2270 2474 οὐ
2302 2428 2572 2496 μεμνη-

193 2512 367 2608 μένοι
433 2526 564 2599 τοῦ
640 2516 984 2621 λέγοντος
1043 2527 1087 2566 ‘⁴
1121 2513 1444 2618 Ἀσεβὴς
1512 2518 1554 2598 ὁ
1629 2518 1868 2621 λέγων
1940 2523 2249 2616 βασιλεῖ
2312 2524 2564 2625 Παρα-
2669 2521 2810 2602 ΗῘΟΡ

194 2644 232 2682 ‘⁶
422 2647 457 2665 Α
514 2640 554 2669 n
2667 2604 2840 2639 mv.

263 2673 509 2739 νομῆς,
2672 2656 2750 2706 18.

189 2843 509 2938 Ἀπεκρίθη
567 2852 755 2935 αὐτῷ
807 2853 843 2918 ὀ
883 2852 1142 2917 Ἰησοῦο
1178 2848 1360 2925 ἘΓὼ
1413 2850 1737 2943 παρρησίᾳ
1792 2853 2130 2918 λελάληκα
2184 2856 2280 2938 τῷ
2335 2854 2575 2940 κόσμῳ,
2607 2889 2682 2930 20

118 2992 179 3033 20
279 2974 403 3048 (ξι-ὼ
469 2978 763 3043 πάντοτε
833 2975 1106 3046 ἐδίδαξα
1169 2978 1239 3043 ὲν
1302 2982 1643 3068 συναγωγῇ
1720 2977 1825 3041 καὶ
1888 2977 1956 3044 ὲν
2014 2980 2111 3063 τῷ
2173 2975 2346 3068 ἶερῷ»
2408 2981 2576 3045 ὅπου

281 3101 506 3168 πάντες
542 3098 861 3169 Ἰουδαῖοι
907 3103 1346 3191 συνέρχονται,
1386 3104 1495 3169 καὶ
1540 3103 1613 3169 ἐν
1653 3109 1917 3192 κρυπτῷ
1952 3103 2244 3170 ἐλάλησα
2291 3102 2503 3169 οὐδέν.

307 3272 411 3352 Τὸ
490 3282 708 3373 πᾶσι,
783 3279 1038 3380 φησιν,
1125 3275 1586 3377 ἐγνωσμένον
1667 3279 1765 3360 ὡς
1849 3275 2120 3380 αφανες
2201 3273 2574 3378 ἐπιζητεῖν,

194 3398 430 3480 εἰκαῖον
494 3399 587 3481 ἂν
649 3434 802 3506 εχοι
876 3399 1006 3481 τὸν
1066 3397 1315 3499 πόνον,
1384 3436 1500 3481 και
1576 3398 1776 3510 ᾧπερ
1838 3435 1930 3481 αν
2003 3401 2245 3482 ἕποιτο
2315 3435 2403 3482 το
2474 3400 2578 3504 μὴ

196 3517 585 3620 ἀγνοεῖσθαι
640 3557 889 3629 τυχον,
933 3530 1090 3610 πῶς
1146 3526 1235 3604 ἂν
1280 3560 1384 3604 ετι
1437 3526 1748 3629 προσείη
1802 3533 1931 3606 τοῦ
1987 3532 2237 3607 λαθεῖν
2285 3527 2331 3628 ἡ
2392 3526 2567 3608 ὑπό-

117 3668 178 3728 25
200 3648 448 3750 ληψις·
429 3710 450 3743 ,
517 3652 640 3729 καὶ
699 3651 895 3728 δοκεῖ
938 3646 1072 3747 μέν
1110 3683 1267 3734 πως
1324 3649 1492 3748 ἡμῖν
1538 3652 1742 3730 ταυτὶ
1798 3647 1885 3749 δὴ
1944 3647 2168 3758 φάναι
2217 3651 2572 3753 Χριστὸς,

198 3766 354 3871 ὑπὲρ
385 3781 511 3853 τοῦ
546 3772 680 3858 τὰς
719 3772 947 3857 αἰτίας
982 3769 1597 3880 ἀποφορτίζεσθαι
1643 3771 1762 3854 διὰ
1812 3777 1940 3874 τῆς
1987 3780 2134 3854 τῶν
2167 3774 2581 3877 ἡγουμένων

197 3896 513 3997 πονηρίας
580 3896 1131 3997 συντεθειμένας
1194 3930 1273 3976 τε
1336 3895 1474 3998 ἤδη
1539 3900 1659 3978 καὶ
1725 3896 2209 4003 δυσμηχάνως
2271 3898 2575 4006 ἐξηρτυ-

198 4014 412 4106 μένας·
468 4018 668 4121 οἶμαι
716 4019 809 4100 δέ
843 4054 914 4100 τι
962 4022 1082 4101 καὶ
1136 4019 1378 4124 ἕτερον
1414 4022 1828 4122 ὖποδηλοῦν
1861 4018 1980 4103 διὰ
2020 4022 2294 4103 τούτων
2330 4021 2572 4103 αὐτόν.

198 4135 316 4238 ἐγῶ
359 4144 499 4247 γάρ
547 4152 787 4249 φησιν
831 4145 892 4225 ἐν
937 4148 1275 4254 παῤῥησίᾳ,
1324 4143 1707 4239 λελάληκα
1755 4154 1852 4255 τῷ
1906 4152 2170 4257 κόσμῳ,
2215 4146 2572 4246 τουτέστι,

115 4290 179 4348 30
195 4260 275 4341 τὰ
321 4264 433 4346 διὰ
484 4269 614 4369 τῆς
673 4266 1053 4353 Μωυσέως
1109 4270 1275 4368 ὑμῖν
1322 4271 1685 4368 μεσιτείας
1738 4270 2399 4380 κεχρησμωδημένα
2458 4271 2577 4352 διὰ

259 4475 306 4523 4·
338 4461 791 4555 μεμαθητευμένοις
816 4462 881 4517 Ε.
906 4461 1400 4533 μεμαθητευομένοις
1425 4461 1531 4517 Ed.
1675 4465 1728 4519 8.
1764 4464 1936 4547 ἀργῶς
1961 4465 2345 4522 E.12-18
2369 4466 2497 4521 citat
2560 4507 2574 4521 .

205 4538 277 4595 17·
308 4527 552 4616 ’Δσεβὴς]
585 4541 645 4597 4
675 4534 823 4589 ἐστιν
846 4550 900 4603 p.
1174 4551 1261 4589 20.
1297 4533 1379 4605 ἐν]
1412 4540 1470 4598 4
1502 4537 1563 4604 τῇ
1592 4534 1696 4590 Ed.
1721 4535 1891 4591 invito
1917 4536 1981 4590 E.
2251 4553 2336 4606 23.
2374 4537 2485 4608 ἔχει
2563 4578 2576 4592 .

200 4611 277 4664 30-
309 4600 416 4672 τῆς]
448 4604 758 4667 -Ι-τοῦΕᾶ.
784 4604 1045 4661 invitOE.

277 4700 404 4748 VOL.
436 4705 539 4751 111.
1370 4707 1405 4748 Β
