3269 5166
617 353 705 416 92
1226 348 1306 416 B.
1354 346 1777 416 cYRILLI
1836 344 2424 413 ALEXANDR.
2628 346 2758 412 111.
2787 347 2892 426 26,
2917 362 3034 430 27.

618 517 1089 611 δυσβουλίας·
1188 516 1494 620 ἁρμόσει
1548 515 1694 619 γὰρ
1748 511 1991 612 μόνοις
2044 521 2192 596 τοῖς
2247 511 2720 613 ἀπόπληκτον
2774 511 3038 672 ἔχουσι

559 665 596 707 e
619 638 753 737 τὴν
789 640 1125 738 διανοίαν,
1161 640 1245 719 τὸ
1282 640 1464 743 πρὸς
1500 647 1714 719 τοῦτο
1748 638 2019 740 μωρίας
2060 642 2543 718 κατολισθεῖν.
2617 637 2696 715 τί
2722 637 2849 716 οὖν
2885 635 3038 739 ἀρα

619 769 765 842 τῶν
819 763 1200 868 χρησίμων
1254 760 1613 867 εἰργάζετο
1669 762 1789 842 διὰ
1829 761 2086 841 τούτου
2121 760 2493 864 Χριστός·
2473 823 2494 855 ,
2567 766 2859 864 πρῶτον
2897 759 3040 859 μὲν

616 884 836 966 ε’κεῖνό
872 885 1213 993 <papa-⁶15⁰
1170 921 1285 967 οτι
1318 885 1620 988 μάθημα
1659 884 2028 990 κρατύνειν
2063 886 2278 985 ἤθελε
2311 883 2399 966 τὸ
2436 919 2551 965 και
2597 883 2795 992 νόμῳ
2829 917 3033 963 τετι-

282 1013 471 1129 ἔξῡζξ.
616 1010 955 1109 μημένον.
1015 1011 1096 1090 τί
1132 1009 1278 1114 γὰρ
1328 1013 1369 1090 5
1420 1009 1539 1091 διὰ
1577 1010 1959 1094 Μωυσέως
2007 1010 2150 1117 ἔφη
2200 1006 2521 1109 θεσμός·
2501 1070 2524 1106 ,
2590 1019 2634 1056 “
2659 1009 2862 1108 Τίμα
2899 1004 3037 1087 τὸν
3065 1038 3102 1097 5

617 1134 970 1236 “πατε’ρα
1017 1168 1159 1214 σου
1195 1137 1313 1214 καὶ
1348 1133 1481 1233 τὴν
1514 1134 1787 1238 μητέρα
1836 1167 2000 1232 σου,
2038 1135 2154 1214 ἵνα
2196 1134 2274 1212 εὖ
2309 1167 2436 1213 σοι
2470 1131 2812 1236 γένηται.’
2909 1136 3034 1210 καὶ

616 1260 699 1337 οὐ
751 1260 963 1363 μέχρι
1010 1267 1138 1339 τοῦ
1179 1258 1722 1361 προτρέπεσθαι
1769 1262 1916 1337 δεῖν
1962 1255 2089 1337 τὸν
2132 1259 2250 1338 ε’πὶ
2302 1255 2535 1365 τούτῳ
2593 1253 2820 1359 λόγον
2853 1255 3038 1356 ἡμῖν

615 1380 1029 1482 ἐποιήσατο,
1087 1384 1257 1462 ἀλλ’
1297 1383 1438 1483 ἤδη
1495 1383 1613 1462 καὶ
1674 1380 1807 1480 τὴν
1866 1382 2185 1487 ἐσχάτην
2242 1382 2412 1483 ἡμῖν
2465 1381 3039 1484 προσηπείλησε

614 1507 817 1605 δίκην
853 1514 1001 1591 τοῖς
1036 1506 1138 1606 μὴ
1177 1515 1390 1586 τοῦτο
1428 1511 1606 1609 δρᾶν
1641 1507 2026 1604 ἑλομένοις·
2080 1509 2157 1586 ε’ν
2189 1506 2332 1613 ἴσῳ
2369 1504 2446 1585 δὲ
2480 1502 2733 1607 ὥσπερ
2764 1503 3042 1584 τέθεικε

616 1627 820 1737 λόγῳ
857 1630 941 1709 τὸ
988 1636 1085 1714 εἰς
1123 1629 1316 1709 Θεὸν
1353 1632 1695 1732 ἁμαρτεῖν
1731 1632 1849 1709 καὶ
1891 1627 2055 1714 τοὺς
2101 1627 2285 1709 κατὰ
2327 1628 2573 1731 σάρκα
2610 1628 3030 1734 φύσαντας.
3069 1655 3137 1695 10
3227 1608 3228 1693 3

281 1769 595 1827 lOGOA·⁸
618 1753 744 1835 τὸν
779 1752 911 1852 μὲν
946 1752 1090 1856 γὰρ
1128 1753 1520 1860 δύσφημον
1557 1756 1598 1833 5
1637 1753 1853 1851 νόμος
1889 1754 2022 1852 τὴν
2055 1755 2172 1834 ἐπὶ
2217 1751 2503 1861 θανάτῳ
2541 1757 2805 1859 ψῆφον
2843 1754 3030 1832 ὑπο·
3227 1746 3228 1755 ¹

280 1871 419 1987 ξιξ.
440 1934 517 1987 16.
616 1876 852 1979 μένειν
888 1876 1314 1957 κεκέλευκεν·
1373 1888 1419 1925 “
1445 1875 1869 1982 Ὀνομάζων
1905 1877 2069 1981 γὰρ,
2112 1881 2326 1986 φησί,
2364 1876 2449 1958 τὸ
2487 1876 2715 1976 ὄνομα
2757 1877 3039 1979 Κυρίου

622 2014 667 2051 “
703 1999 990 2109 θανάτῳ
1041 2001 1583 2082 θανατούσθω·”
1671 2001 1799 2081 τὸν
1858 2003 1933 2082 δὲ
1988 2008 2137 2086 τοῖς
2191 2010 2527 2106 γονεῦσιν
2582 2004 2858 2104 ἀκρατῆ
2917 2005 3040 2081 καὶ

621 2125 970 2230 ἀχάλινον
1025 2125 1497 2233 ἐξοπλίζοντα
1552 2133 1921 2228 γλῶσσαν
1976 2134 2131 2211 ταῖς
2187 2124 2664 2225 ἰσοστάθμοις
2721 2127 3038 2206 ὑπετίθει

279 2243 488 2361 ἓῗῇὁ.
620 2255 924 2334 ποιναῖς·
984 2259 1029 2296 “
1054 2250 1153 2329 ‘O
1184 2257 1610 2354 κακολογῶν
1638 2249 1803 2354 γὰρ,
1832 2253 2043 2357 φησί,
2067 2248 2412 2352 πατέραῆ
2439 2252 2712 2353 μητέρα
2740 2250 3037 2357 θανάτῳ
3068 2273 3136 2333 15

622 2383 666 2421 ‘⁶
701 2373 1173 2454 τελευτάτω.”
1250 2371 1406 2454 εἶτα
1449 2373 1815 2475 τοσαύτην
1862 2383 1990 2455 τοῦ
2046 2373 2433 2473 νομοθέτου
2488 2372 2702 2473 τιμὴν
2759 2374 3029 2454 ἀπονέ-

617 2505 881 2599 μεσθαι
938 2503 1084 2578 δεῖν
1119 2498 1618 2604 διατεταχότος
1675 2498 1843 2602 παρ’
1885 2498 2088 2599 ἡμῶν
2141 2505 2288 2581 τοῖς
2344 2496 2659 2604 φύσασι,
2695 2504 2854 2582 πῶς
2899 2500 3036 2578 οὐκ

619 2622 758 2703 ἔδει
831 2621 964 2721 τὴν
1025 2625 1211 2703 οὕτω
1288 2622 1674 2724 διαβόητον
1733 2621 2039 2722 ἐντολὴν
2098 2625 2217 2702 καὶ
2274 2629 2428 2707 ταῖς
2491 2630 2620 2702 τοῦ
2689 2626 3037 2724 Σωτῆρος

619 2744 1094 2851 κρατύνεσθαι
1131 2744 1436 2853 ψήφοις,
1478 2749 1594 2826 καὶ
1629 2747 1915 2850 ἐπείπερ
1951 2748 1997 2847 ἡ
2034 2745 2308 2832 παντὸς
2358 2750 2635 2850 ἀγαθοῦ
2681 2749 2798 2826 καί
2843 2745 3038 2826 ἀπά-

548 2881 592 2945 b
619 2905 759 2970 σης
815 2873 1068 2973 ἀρετῆς
1124 2871 1273 2950 ἰδέα
1329 2869 1449 2950 διὰ
1500 2870 1792 2974 πρώτου
1850 2870 2251 2975 κεχώρηκεν
2307 2871 2546 2969 αὐτοῦ,
2601 2869 2680 2951 τί
2725 2867 2830 2970 μὴ
2874 2879 3037 2956 ταῖς
3067 2900 3141 2939 20

619 2994 885 3077 ἄλλαις
944 2995 1230 3075 συνέθει
1296 2997 1413 3074 καὶ
1478 2993 1657 3096 αὐτή
1696 3028 1718 3093 3
1809 2993 2076 3097 τρόπος
2151 2995 2297 3098 γὰρ
2361 2994 2585 3078 ὅντως
2658 2995 2913 3098 ἀρετῆς
2993 2996 3038 3074 5

619 3118 1216 3224 τιμαλφέστατος
1252 3119 1297 3218 ἡ
1334 3125 1432 3202 εἰς
1469 3117 1724 3223 γονέας
1761 3117 1951 3218 τιμή.
2027 3117 2112 3197 τὸ
2151 3117 2229 3198 δὲ
2265 3118 2366 3218 μὴ
2403 3117 2770 3223 πάρεργον
2805 3127 3036 3200 ποιεῖ-

620 3248 798 3320 σθαι
863 3239 996 3339 τὴν
1052 3247 1151 3325 εἰς
1217 3239 1473 3326 αὐτοὺς
1532 3244 1929 3344 ἀγάπησιν,
1990 3241 2126 3322 κάν
2184 3240 2544 3349 ἀφόρητοί
2603 3276 2787 3326 τινες
2849 3243 3040 3342 ἡμᾶς

618 3363 1105 3467 περικλύζωσι
1155 3368 1554 3471 συμφοραὶ,
1591 3364 1816 3446 πόθεν
1861 3364 1953 3468 ἦν
1987 3366 2147 3447 εἰπέ
2188 3401 2313 3467 μοι
2367 3373 2642 3467 μαθεῖν,
2680 3372 2739 3445 εἰ
2793 3365 2896 3466 μὴ
2958 3369 3040 3446 ἐν

618 3488 884 3595 πρώτῳ
940 3491 1057 3570 καὶ
1113 3485 1231 3566 διὰ
1284 3487 1574 3589 πρώτου
1610 3494 1997 3592 Χριστοῦ;
2082 3492 2379 3595 ἀριστος
2434 3489 2579 3595 γὰρ
2634 3493 2929 3589 ἀληθῶς
2993 3492 3037 3571 5
3067 3514 3137 3576 ²5

621 3619 766 3692 τῶν
820 3613 1046 3715 ἁγίων
1092 3612 1648 3713 διαμεμνημένος
1704 3615 2037 3712 ἐντολῶν,
2089 3618 2207 3694 καὶ
2262 3619 2391 3714 τῆς
2444 3624 2574 3695 τοῦ
2628 3614 3037 3719 πρέποντος

622 3734 846 3841 θήρας
895 3739 1023 3817 οὐκ
1074 3736 1579 3844 έξωθούμενος,
1617 3740 1753 3843 οὐχ
1789 3740 1830 3817 5
1874 3741 1949 3818 έν
1986 3737 2274 3845 γαλήνῃ
2302 3737 2800 3843 πραγμάτων,
2853 3741 3034 3819 ἀλλ’

561 3886 597 3928 0
624 3863 663 3940 5
701 3863 775 3940 ἐν
810 3868 1105 3966 χειμῶνι
1142 3865 1258 3942 καὶ
1297 3860 1610 3942 κλύδωνι
1647 3870 1860 3943 τοῦτο
1895 3860 1997 3963 μὴ
2033 3863 2315 3944 παθών.

736 3984 937 4088 Πρὸς
974 3985 1063 4065 δέ
1089 4019 1175 4088 γε
1209 3993 1359 4072 τοῖς
1396 3986 1784 4090 εἰρημένοις
1840 3986 2119 4067 κάκεῖνό
2163 3993 2377 4094 φημι,
2429 3986 2540 4067 ὅτι
2589 3991 2715 4087 τῆς
2771 3987 3040 4072 οἰκείας

621 4107 892 4213 μητρὸς
964 4109 1360 4219 σκανδάλῳ
1435 4112 1973 4211 περιπεσούσης
2056 4115 2174 4191 καὶ
2249 4118 2635 4212 λογισμῶν
2708 4110 3041 4218 ἀταξίαις
3069 4142 3143 4201 30

621 4232 1183 4339 ε’μπεφυρμένης,
1247 4240 1401 4317 πῶς
1461 4235 1589 4313 οὐκ
1651 4234 1787 4314 ἔδει
1846 4242 2178 4337 προνοεῖν
2240 4234 2369 4315 τὸν
2431 4234 2755 4336 Κύριον;
2846 4234 3041 4320 Θεὸς

623 4354 767 4459 γὰρ
804 4353 907 4435 ῶν
942 4354 1306 4458 ἀληθινὸς,
1350 4359 1468 4436 καὶ
1511 4363 1608 4441 εἰς
1664 4355 1755 4436 τὰ
1799 4362 1928 4457 τῆς
1976 4359 2271 4461 καρδίας
2316 4359 2617 4453 βλέπων
2655 4356 3040 4458 κινήματα,

620 4483 739 4560 καὶ
795 4478 886 4561 τὰ
941 4484 1016 4561 ἐν
1072 4487 1175 4589 τῷ
1229 4480 1438 4576 βάθει
1496 4482 1900 4584 γινώσκων,
1954 4489 2111 4568 πῶς
2175 4480 2265 4564 ἂν
2314 4482 2631 4586 ἠγνόησε
2689 4482 2820 4567 τὰς
2881 4485 3038 4565 κατ’

1410 4619 1495 4676 18.
1531 4621 1645 4677 ταῖς
1670 4618 1735 4675 Ε.
1764 4618 1973 4691 Migne.
1997 4621 2107 4677 τοῖς
2130 4618 2234 4675 Ed.
