3269 5166
248 344 303 407 ii.
330 361 393 427 17
417 366 540 429 sqq.
691 343 797 408 IN
848 342 1367 410 EPISTOLAM
1418 343 1547 408 AD
1598 342 2103 409 HEBRAEOS.
2459 347 2589 410 397

247 510 485 594 πάντας
528 509 703 609 ἡμᾶς
751 508 1136 612 ἠλευθέρου
1172 511 1291 588 καὶ
1326 508 1638 589 θανάτου
1686 513 1804 589 καὶ
1853 511 2204 612 ἁμαρτίας
2259 512 2374 590 καὶ
2427 545 2583 591 πει·
2638 448 2781 514 [¹¹⁴
2802 451 2925 579 m]

246 639 530 734 ρασμῶν.
598 635 847 714 οὐκοῦν
880 631 1279 733 βεβοήθηκε
1322 637 1458 719 τοῖς
1495 631 1988 743 πειραζομένοις
2038 631 2135 716 εἷς
2183 632 2360 736 ὑπὲρ
2392 634 2583 715 πείν-

247 789 367 835 των
421 755 806 854 ἀποθανὼν,
871 758 912 835 5
972 753 1221 855 πάσης
1282 759 1411 855 τῆς
1481 757 1783 840 κτίσεως
1845 756 2246 863 ἀξιώτερος,
2302 767 2346 804 “
2374 757 2458 837 ἵν’
2521 762 2589 837 οἱ
2619 800 2643 833 ²
2661 781 2773 836 cor.
2798 801 2846 836 v.
2918 777 2924 782 '

248 889 283 926 “
342 915 536 964 ωντες
591 879 836 980 μηκέτι
895 883 1165 963 ἑαυτοῖς
1220 877 1441 981 ζῶσιν
1489 877 1693 958 ἀλλὰ
1749 881 1854 987 τῷ
1913 882 2088 983 ὑπὲρ
2136 882 2370 960 αὐτῶν
2402 883 2583 961 ἀπο·
2619 863 2695 914 '⁵'

199 1010 282 1076 5⁶⁶
309 1002 567 1085 θανόντι
616 1007 735 1084 καὶ
790 1004 1213 1107 ἐγερθέντι.”

324 1126 482 1206 ’Ότι
559 1126 703 1232 γὰρ
776 1127 1020 1228 ἁγίους
1103 1128 1290 1227 ἡμᾶς
1371 1129 1747 1207 ἀποτελῶν
1820 1129 2040 1228 σαρκὶ
2121 1128 2474 1208 πέπονθεν
2548 1130 2589 1207 5

244 1248 547 1349 Χριστὸς,
600 1249 1156 1355 πληροφορήσει
1220 1249 1460 1350 λέγων
1514 1250 1555 1328 5
1619 1249 2009 1334 θεσπέσιος
2069 1255 2369 1335 Παῦλος
2439 1258 2590 1334 τοῖς
2649 1244 2659 1253 ’

245 1372 316 1478 ἐξ
340 1375 541 1454 ἐθνῶν
574 1409 649 1454 τε
700 1377 816 1453 καὶ
853 1374 1218 1454 Ἰουδαίων
1256 1385 1298 1421 “
1330 1375 1477 1452 Καὶ
1528 1374 1710 1471 ὑμᾶς
1755 1407 1932 1452 ποτε
1982 1373 2194 1458 ὄντας
2246 1376 2584 1474 ἁπηλλο-
2615 1405 2899 1455 001.i.21..

247 1505 282 1541 “
309 1497 700 1598 τριωμένους
772 1500 891 1578 καὶ
963 1496 1260 1603 ἐχθροὺς
1317 1501 1408 1602 τῇ
1474 1496 1747 1604 διανοίᾳ
1804 1499 1881 1575 ἐν
1940 1503 2088 1581 τοῖς
2150 1496 2386 1600 ἔργοις
2444 1503 2591 1582 τοῖς
2621 1484 2699 1533 ²3-

170 1655 227 1694 ιο
246 1628 280 1664 “
307 1629 640 1724 πονηροῖς,
687 1624 838 1701 νυνὶ
886 1618 963 1700 δὲ
1013 1618 1616 1727 ἀποκατήλλαξεν
1651 1624 1727 1700 ἐν
1764 1622 1866 1726 τῷ
1913 1620 2199 1717 σώματι
2245 1625 2372 1719 τῆς
2408 1655 2595 1724 σαρ-

245 1750 281 1786 “
309 1742 415 1828 κὸς
446 1747 656 1825 αὑτοῦ
704 1744 823 1824 διὰ
871 1752 999 1824 τοῦ
1035 1742 1370 1838 θανάτου,
1410 1748 1886 1846 παραστῆσαι
1941 1747 2123 1842 ὑμᾶς
2178 1745 2423 1845 ἁγίους
2476 1748 2593 1825 καὶ

243 1875 279 1911 “
310 1868 620 1967 ἀμώμους
674 1871 793 1949 καὶ
850 1867 1330 1969 ἀνεγκλήτους
1379 1866 1817 1947 κατενώπιον
1862 1869 2104 1966 αὐτοῦ,
2142 1868 2207 1948 εἴ
2235 1902 2318 1970 γε
2357 1867 2597 1967 ἐπιμέ-

243 1997 279 2035 “
307 2024 438 2070 νετε
482 1995 571 2097 τῇ
619 1993 865 2074 πίστει
915 1991 1501 2090 τεθεμελιωμένοι
1557 1994 1673 2070 καὶ
1722 1992 1985 2094 ἑδραῖοι
2043 1993 2162 2071 καὶ
2217 1991 2316 2091 μὴ
2371 2027 2587 2091 μετα-

242 2123 279 2158 “
305 2116 671 2215 κινούμενοι
711 2114 858 2197 ἀπὸ
892 2119 1019 2214 τῆς
1054 2116 1344 2198 ἐλπίδος
1392 2122 1520 2193 τοῦ
1571 2115 1995 2216 εὐαγγελίου
2046 2115 2130 2194 οὗ
2177 2114 2593 2215 ἠκούσατε.”

164 2273 220 2330 ¹5
240 2239 448 2341 σοφὸν
518 2242 643 2321 οὖν
708 2240 850 2342 ἄρα
923 2245 1069 2321 τοῖς
1143 2237 1595 2337 κεκλημένοις
1669 2244 1767 2321 εἷς
1836 2240 2097 2319 ἐλπίδα
2165 2243 2408 2341 ζῶσαν
2480 2244 2597 2320 καὶ

238 2362 557 2460 μένουσαν
618 2370 838 2445 εἰπεῖν
887 2361 1085 2444 ’Ὀθεν
1153 2357 1448 2467 ἀδελφοὶ
1520 2364 1825 2456 κλήσεως
1883 2362 2252 2469 ἐπουρανίου
2322 2355 2592 2469 μέτοχοι
2620 2401 2740 2466 Cap,
2755 2400 2827 2451 ffl
2849 2415 2893 2452 1,

243 2491 666 2585 κατανοήσατε
715 2488 821 2568 τὶν
863 2490 1244 2567 οὶπίστολον
1294 2491 1414 2566 καὶ
1463 2482 1779 2592 οἱρχιερέα
1822 2484 1936 2580 τ’ἦς
1988 2488 2365 2594 ὁμολογίας
2418 2485 2595 2595 ἧμιῖν

237 2613 439 2703 Ἰησοῦν
485 2613 725 2695 πιστον
774 2613 929 2693 ἴντα
983 2610 1077 2718 τῷ
1133 2612 1484 2705 ποιήσαντι
1543 2612 1737 2691 αὐτον
1783 2609 1968 2692 καθα
2026 2614 2143 2692 καὶ
2196 2610 2491 2705 Μωυσῆς
2540 2612 2600 2691 ἐν
2622 2650 2798 2688 vera.

239 2741 313 2839 τῷ
336 2736 479 2845 οἴκῳ
504 2740 726 2818 αὐτοῦ’.
788 2734 1170 2843 ἐπουράνιον
1198 2731 1273 2813 δὲ
1301 2736 1417 2814 καὶ
1453 2732 1657 2832 μάλα
1686 2731 1970 2818 εἰκότως
1997 2734 2319 2839 ὀνομάζει
2352 2734 2601 2830 κλῆσιν

162 2887 219 2929 20
238 2852 347 2954 τὴν
389 2859 499 2939 διὰ
531 2866 890 2964 Χριστοῦ·
952 2864 1297 2964 χαριεῖται
1349 2856 1494 2960 γὰρ
1550 2858 1589 2935 5
1641 2863 1785 2937 τῶν
1836 2856 2030 2938 ὅλων
2067 2857 2252 2943 Θεὸς
2307 2865 2455 2943 τοῖς
2511 2860 2597 2938 δι’

238 2979 423 3062 αὐτοῦ
482 2981 959 3084 κεκλημένοις,
1016 2982 1101 3060 οὐ
1157 2978 1568 3084 πρόσκαιρα
1628 2984 1744 3059 καὶ
1809 2981 2213 3083 εὐμιίραντα
2276 2984 2393 3058 καὶ
2457 2979 2603 3059 ὅσα

237 3109 360 3189 τοῖς
390 3108 869 3212 ἀρχαιοτέροις
898 3107 937 3185 5
973 3102 1091 3186 διὰ
1122 3105 1498 3187 Μωυσέως
1534 3105 1765 3183 ἐδίδου
1798 3102 2033 3203 νόμος,
2058 3104 2227 3182 ἀλλ’
2269 3102 2416 3182 ὅσα
2452 3111 2601 3188 τοῖς

235 3223 413 3335 ἅπαξ
437 3232 855 3338 ἠξιωμένοις
899 3233 1087 3310 ἑλεῖν
1121 3233 1220 3313 εἷς
1267 3226 1684 3330 μακραίωνα
1732 3226 1896 3321 βίον
1933 3228 2448 3306 συνεκτείνεται
2485 3230 2603 3308 καὶ

234 3350 720 3454 ἀναπόβλητον
757 3353 898 3459 ἔχει
947 3348 1081 3452 τὴν
1123 3355 1402 3451 κτῆσιν.
1480 3352 2094 3455 κεχρηματίκαμεν
2147 3348 2226 3431 δὲ
2274 3353 2392 3430 καὶ
2443 3351 2592 3431 ἑτέ-

157 3497 214 3556 25
232 3504 355 3572 ρως
403 3477 834 3581 ἐπουράνιοι,
889 3481 1221 3580 Χριστοῦ
1274 3474 1759 3579 πρωτεύοντος
1814 3478 1929 3554 καὶ
1980 3477 2149 3556 ὁδοῦ
2207 3477 2326 3555 καὶ
2380 3474 2601 3578 θύρας
2673 3550 2680 3557 .

234 3596 376 3694 ἡμῖν
424 3603 831 3704 γεγονότος.
936 3601 1054 3680 καὶ
1116 3607 1295 3702 γοῦν
1358 3600 1399 3678 5
1465 3595 1764 3682 Παῦλός
1829 3604 2021 3705 φησι
2080 3610 2123 3647 “
2155 3603 2300 3680 Καὶ
2364 3597 2599 3684 καθὼς
2631 3642 2652 3680 1
2675 3629 2789 3680 cor.
2807 3646 2891 3681 xv.

235 3728 270 3766 “
300 3723 740 3827 ἐφορέσαμεν
803 3721 935 3823 τὴν
997 3721 1234 3805 εἰκόνα
1297 3731 1424 3802 τοῦ
1486 3729 1737 3827 χοϊκοῦ
1799 3722 2227 3826 φορέσωμεν
2289 3727 2408 3803 καὶ
2467 3722 2599 3824 τὴν
2622 3711 2705 3761 ⁴⁹⁹

235 3853 271 3889 “
298 3846 517 3928 εἰκόνα
552 3859 683 3930 τοῦ
730 3848 1214 3951 ἐπουρανίου,”
1257 3849 1372 3926 καὶ
1417 3844 1645 3927 πάλιν
1681 3855 1725 3892 “
1760 3846 1858 3926 Ὁ
1895 3852 2178 3950 πρῶτος
2225 3848 2599 3951 ἅνθρωπος
2625 3882 2705 3935 Ib.
2728 3890 2811 3947 47,
2834 3881 2916 3944 48.

234 3976 271 4014 “
297 3971 366 4049 ἐκ
398 3977 526 4074 γῆς
561 3970 833 4079 χοὶκὸς,
878 3973 919 4051 5
956 3970 1277 4074 δεύτερος
1317 3970 1406 4077 ἐξ
1448 3970 1769 4072 οὐρανοῦ.
1848 3967 1992 4056 οἷος
2048 3972 2087 4049 5
2144 3969 2403 4077 χοῖκὸς,
2442 4004 2596 4051 τοι-

152 4109 213 4168 30
236 4099 272 4138 “
302 4103 479 4176 οῦτοι
517 4100 635 4178 καὶ
688 4101 757 4176 οἱ
805 4098 1052 4199 χοῖκοὶ,
1089 4098 1205 4174 καὶ
1260 4093 1404 4178 οἷος
1451 4095 1492 4173 5
1548 4092 1979 4197 ἐπουράνιος,
2017 4100 2320 4175 τοιοῦτοι
2377 4098 2492 4175 καὶ
2536 4101 2604 4175 οἱ

235 4225 271 4261 “
299 4220 749 4323 ἐπουράνιοι.”
855 4219 1249 4322 γεγόναμεν
1320 4219 1558 4298 τοίνυν
1634 4217 2057 4321 ἐπουράνιοι,
2132 4221 2654 4328 μορφούμεθα·

232 4337 356 4444 γὰρ
407 4351 499 4431 εἶς
547 4341 886 4451 Χριστὸν
932 4342 1051 4424 διὰ
1100 4344 1536 4444 Πνεύματος,
1579 4339 1658 4426 ὅς
1714 4345 1913 4422 ἐστιν
1961 4343 2051 4450 ἐξ
2097 4345 2424 4448 οὐρανοῦ·
2487 4341 2605 4421 διὰ

1028 4579 1113 4634 27.
1150 4568 1463 4637 φορέσωμεν
1486 4563 1701 4621 exbibet
1726 4582 1774 4619 c.
