3269 5166
181 360 534 450 xix.39-41.
698 364 812 429 IN
873 364 942 429 S.
989 363 1505 430 JOANNEM.
1596 364 2003 430 LIB.X11.
2421 368 2543 431 105

170 574 351 649 Ἦλθε
389 582 460 649 δὲ
502 584 608 650 καὶ
648 585 1033 669 Νικόδημος,
1069 589 1106 654 ὁ
1140 586 1356 654 ἐλθὼν
1396 586 1560 678 πρὸς
1610 589 1809 656 αὐτὸν
1847 587 2075 653 νυκτὸς
2131 587 2207 654 τὸ
2255 587 2545 677 πρῶτον,
2575 609 2653 669 39

352 712 571 799 φέρων
614 712 811 791 μίΓμα
855 714 1140 802 σμύρνης
1188 713 1293 779 καὶ
1338 714 1562 794 ἀλόης,
1612 714 1773 782 ὡσεὶ
1819 713 2044 803 λίτρας
2087 714 2343 782 ἑκατόν.

273 882 430 988 Οὐχ
465 882 590 963 ἕνα
633 888 822 991 φησὶ
866 882 1196 988 μαθητὴν
1230 891 1766 983 βεβουλεῦσθαι
1820 882 2229 993 σωφρόνως
2277 892 2549 989 προθυ-

178 1000 436 1099 μότατοί
464 1041 540 1087 τε
577 1011 694 1088 καὶ
730 1010 897 1090 λίαν
922 1012 1161 1091 ἐλθεῖν
1194 1017 1291 1096 εἶς
1312 1009 1758 1114 περιστολὴν
1785 1018 1914 1092 τοῦ
1953 1011 2162 1113 ἁγίου
2188 1010 2551 1111 σώματος,

128 1128 613 1213 5ἑπισυνάπτει
670 1132 746 1213 δὲ
801 1140 905 1242 τῷ
960 1134 1225 1245 πρώτῳ
1285 1136 1403 1214 καὶ
1451 1133 1804 1237 δεύτερον·
1884 1130 2274 1243 Νικόδημος
2347 1134 2553 1218 οὗτος

179 1249 272 1351 ἦν·
310 1258 702 1360 μαρτυρίαν
732 1255 982 1363 ὥσπερ
1019 1259 1151 1362 τὴν
1187 1258 1371 1340 κατὰ
1408 1256 1628 1358 νόμον
1665 1258 2129 1361 τετιμημένην
2164 1260 2553 1360 συλλέγων
2577 1295 2613 1339 e

179 1381 268 1485 τῷ
295 1381 688 1531 πράγματι.
763 1392 807 1429 “
833 1385 1006 1466 Ἐπὶ
1044 1383 1408 1484 στόματος
1457 1381 1622 1487 γὰρ,
1664 1386 1879 1492 φησὶ,
1926 1381 2125 1463 δύο
2088 1419 2135 1485 η
2173 1387 2288 1464 καὶ
2338 1392 2554 1487 τριῶν
2645 1388 2854 1516 Βξξξό.

180 1504 617 1611 “μαρτύρων
652 1506 1101 1610 σταθήσεται
1142 1515 1291 1591 πᾶν
1323 1508 1560 1614 ῥῆμα·
1566 1508 1780 1589 δύο
1816 1515 2199 1612 τοιγαροῦν
2236 1512 2302 1588 οὶ
2343 1510 2547 1589 ἐντα-

179 1627 570 1730 φιάσαντες,
604 1632 889 1738 Ιωσήφ
939 1668 1017 1714 τε
1074 1670 1192 1715 και
1234 1629 1726 1739 Νικόδημος,”
1678 1667 1958 1738 εχοντες
2008 1631 2140 1734 μὲν
2195 1633 2370 1715 εἵσω
2426 1632 2557 1733 τὴν

100 1778 159 1819 10
181 1752 407 1834 πίστιν
448 1761 549 1840 εὶς
596 1764 786 1856 νοῦν,
824 1756 1147 1867 ἀσυνέτῳ
1183 1756 1412 1862 γεμὴν
1457 1757 1561 1837 ἔτι
1618 1757 2226 1859 καταπτοούμενοι
2263 1757 2558 1858 δείματι,

181 1880 282 1956 καὶ
332 1884 457 1979 τῆς
512 1882 826 1983 ἐπιγείου
875 1886 1082 1983 τιμῆς
1131 1915 1205 1962 τε
1260 1886 1377 1962 καὶ
1437 1879 1657 1988 δόξης
1722 1883 1921 1962 οὔπω
1983 1882 2562 1986 προτιμήσαντες

180 1996 296 2099 τὴν
324 2004 523 2108 παρὰ
573 2010 762 2113 Θεῷ.
837 2003 884 2106 ἦ
929 2006 1072 2110 γὰρ
1108 2007 1198 2087 ἂν
1230 2007 1360 2089 τὸν
1395 2009 1475 2087 ἐκ
1533 2013 1681 2086 τῶν
1714 2006 2080 2087 Ἰουδαίων
2117 2005 2561 2112 ἀποπεμψά-

180 2156 356 2222 μενοι
410 2126 675 2237 φόβον,
715 2132 832 2209 καὶ
890 2131 1108 2232 ὀλίγα
1161 2136 1536 2216 παντελῶς
1590 2133 1719 2230 τῆς
1775 2135 1870 2215 εἰς
1915 2133 2233 2212 ἐντεῦθεν
2271 2134 2562 2237 φροντί-

182 2281 417 2338 σαντες
469 2258 801 2355 ἀπειλῆς,
842 2254 1218 2359 ἐλευθέραν
1253 2261 1344 2363 τῇ
1401 2256 1645 2337 πίστει
1694 2254 2071 2361 παρέσχον
2115 2254 2249 2356 τὴν
2286 2256 2558 2352 ἄδειαν,

104 2384 162 2446 ¹5
184 2371 355 2458 ὅσιοί
383 2414 461 2459 τε
496 2382 621 2461 καὶ
659 2382 920 2482 ἀγαθοὶ
969 2384 1094 2481 τῆς
1130 2389 1259 2462 τοῦ
1298 2384 1637 2486 Σωτῆρος
1683 2380 1883 2480 ἡμῶν
1918 2383 2213 2481 ἐντολῆς
2248 2380 2565 2486 ἐδείχθη-

184 2531 311 2581 σαν
344 2504 695 2612 φύλακες.

179 2737 434 2823 ἘΛαβον
485 2744 609 2812 οὖν
643 2745 721 2813 τὸ
770 2746 958 2823 σῶμα
1007 2751 1121 2812 τοῦ
1149 2745 1367 2813 Ἰησοῦ
1419 2744 1527 2810 καὶ
1574 2744 1819 2812 ἔδησαν
1857 2745 2018 2812 αὐτὸ
2066 2745 2351 2811 ὀθονίοις
2399 2744 2561 2822 μετὰ
2590 2666 2900 2820 ἳὲοΊθΔ.

271 2869 393 2936 τῶν
445 2872 853 2963 ἀρωμάτων,
908 2872 1126 2938 καθὼς
1178 2871 1330 2939 ἔθος
1382 2871 1521 2938 ἐστὶ
1572 2868 1711 2938 τοῖς
1744 2870 2093 2936 Ἰουδαίοις
2134 2871 2568 2960 ἐνταφιάζειν.

270 2990 342 3062 ιἰν
393 2997 463 3063 δὲ
520 3000 602 3065 ἐν
635 3000 731 3084 τῷ
783 2996 970 3083 τόπῳ
1021 2999 1188 3066 ὅπου
1241 2997 1625 3088 ἐσταυρώθη
1683 3004 1910 3076 κῆπος,
1959 2996 2067 3061 καὶ
2111 2996 2182 3060 ἐν
2229 2997 2325 3081 τῷ
2380 2995 2569 3078 κήπῳ
2600 3021 2672 3075 4ι

103 3118 164 3161 ²0
269 3121 581 3203 μνημεῖον
644 3124 868 3191 καινὸν
920 3125 991 3189 ἐν
1046 3120 1104 3211 ᾧ
1150 3123 1419 3190 οὐδέπω
1473 3122 1689 3189 οὐδεὶς
1743 3119 1824 3188 ἦν
1878 3123 2272 3199 τεθειμένος.

278 3296 693 3402 Ἐλογίσθη
742 3296 873 3397 μὲν
908 3300 984 3378 ἐν
1022 3305 1307 3401 νεκροῖς,
1346 3298 1386 3377 ὁ
1445 3299 1530 3377 δι’
1583 3297 1770 3397 ἡμᾶς
1806 3293 1938 3396 μὲν
1973 3298 2050 3376 ἐν
2086 3302 2354 3399 νεκροῖς
2391 3292 2574 3374 κατὰ

186 3417 422 3521 σάρκα,
460 3423 614 3527 ζωὴ
664 3421 740 3501 δὲ
791 3422 877 3502 δι’
917 3457 1168 3503 εαυτον
1205 3425 1322 3502 καὶ
1376 3456 1502 3503 τον
1536 3421 1878 3528 φύσαντα
1929 3418 2306 3520 νοούμενός
2341 3455 2421 3501 τε
2457 3424 2574 3500 καὶ

187 3540 508 3652 ὑπάρχων
564 3546 758 3628 κατὰ
815 3545 1184 3648 ἀλήθειαν.
1262 3547 1380 3627 ἵνα
1445 3544 1521 3627 δε
1576 3552 1829 3627 πᾶσαν
1883 3544 2248 3652 πληρώσῃ
2309 3548 2573 3624 δικαιο-
2676 3650 2701 3663 Ι

191 3667 421 3771 σύνην,
458 3671 596 3773 τὴν
633 3676 741 3780 τῷ
787 3672 1210 3780 ἀνθρωπίνω
1256 3670 1332 3751 δὲ
1389 3669 1725 3772 δηλονότι
1771 3671 2193 3775 πρέπουσαν
2229 3668 2574 3775 σχήματι,
2599 3687 2644 3753 b

109 3815 169 3875 ²5
189 3791 331 3898 οὐχὶ
365 3798 468 3905 τῷ
512 3796 850 3877 τεθνάναι
884 3795 1110 3895 μόνον
1157 3798 1320 3877 καθ’
1370 3794 1704 3876 ἑκούσιον
1737 3794 2102 3895 βούλησιν
2146 3829 2273 3876 τον
2323 3800 2577 3875 οικεῖον

189 3915 476 4002 ι’πτετίθει
533 3920 734 4019 ναὸν,
786 3919 988 4001 ἀλλὰ
1043 3924 1158 4002 καὶ
1216 3927 1361 4005 τοῖς
1416 3916 1597 4019 μετὰ
1652 3927 1885 4018 τοῦτο,
1934 3922 2120 4027 φημὶ
2176 3917 2265 4019 δὴ
2321 3916 2574 4016 πάλιν,

188 4046 278 4149 Τῷ
327 4078 402 4125 τε
458 4048 939 4153 ἐνταφιασμῷ
996 4049 1114 4127 καὶ
1173 4043 1553 4125 καταθέσει
1628 4047 1720 4149 τῇ
1785 4049 1881 4128 εἷς
1952 4040 2037 4123 τὸ
2110 4047 2438 4150 μνημεῖον.
2519 4043 2579 4122 ἐν

189 4168 367 4276 κήπῳ
403 4169 481 4250 δὲ
517 4177 739 4251 τοῦτο
787 4173 904 4249 καὶ
957 4169 1173 4252 καινῖιν
1217 4165 1398 4249 εἶναι’
1452 4176 1687 4277 φησιν
1723 4168 1764 4247 ὁ
1811 4165 2300 4274 συγγραφεὺς,
2349 4200 2572 4246 κατα·

187 4295 652 4392 σημαίνοντος
689 4293 942 4397 ὥσπερ
975 4294 1144 4395 ἡμῖν
1178 4296 1255 4375 ε’ν
1292 4293 1495 4403 τύπῳ
1547 4298 1666 4373 καὶ
1704 4294 2156 4400 ὑπογραμμῷ
2212 4299 2340 4372 τοῦ
2394 4289 2582 4393 πρά-

104 4443 166 4502 30
188 4446 467 4518 γματος,
505 4419 621 4501 ὅτι
670 4423 799 4519 τῆς
843 4423 940 4503 εἷς
990 4416 1119 4499 τὸν
1153 4416 1596 4522 παράδεισον
1632 4421 2018 4522 εἶσδρομῆς
2069 4420 2186 4497 καὶ
2233 4413 2584 4520 πρόξενος

532 4629 622 4685 26.
661 4629 797 4685 ἀλλὰ
825 4628 893 4684 Ε.
914 4628 1033 4683 ἄλλ’
1062 4630 1108 4683 εἷ
1134 4628 1235 4685 Ed.
1683 4645 1768 4700 29.
1805 4625 1976 4700 τύπῳ]
2012 4633 2068 4692 -1-
2097 4648 2154 4680 τε
2180 4643 2225 4680 a.

269 4729 406 4775 VOL.
437 4732 546 4777 111.
1387 4731 1424 4774 P
