<?xml version="1.0" encoding="UTF-8"?>
<!DOCTYPE html PUBLIC "-//W3C//DTD XHTML 1.0 Transitional//EN"
    "http://www.w3.org/TR/xhtml1/DTD/xhtml1-transitional.dtd">
<html xmlns="http://www.w3.org/1999/xhtml" xml:lang="en" lang="en">
 <head>
  <title>
</title>
<meta http-equiv="Content-Type" content="text/html;charset=utf-8" />
  <meta name='ocr-system' content='tesseract 3.04.00' />
  <meta name='ocr-capabilities' content='ocr_page ocr_carea ocr_par ocr_line ocrx_word'/>
</head>
<body>
  <div class='ocr_page' id='page_1' title='image "./indjoannisevang00pusegoog_0652.png"; bbox 0 0 3269 5166; ppageno 0'>
   <div class='ocr_carea' id='block_1_1' title="bbox 570 337 690 395">
    <p class='ocr_par' dir='ltr' id='par_1_1' title="bbox 570 337 690 395">
     <span class='ocr_line' id='line_1_1' title="bbox 570 337 690 395; baseline -0.017 0"><span class='ocrx_word' id='word_1_1' title='bbox 570 337 690 395; x_wconf 83' lang='grc'><strong>632</strong></span> 
     </span>
    </p>
   </div>
   <div class='ocr_carea' id='block_1_2' title="bbox 571 518 1729 4623">
    <p class='ocr_par' dir='ltr' id='par_1_2' title="bbox 649 518 1724 874">
     <span class='ocr_line' id='line_1_2' title="bbox 649 518 1722 577; baseline 0 -2"><span class='ocrx_word' id='word_1_2' title='bbox 649 519 823 576; x_wconf 89' lang='lat' dir='ltr'><strong>ritum</strong></span> <span class='ocrx_word' id='word_1_3' title='bbox 884 518 1066 577; x_wconf 88' lang='lat' dir='ltr'><strong>Suum</strong></span> <span class='ocrx_word' id='word_1_4' title='bbox 1137 518 1400 577; x_wconf 81' lang='lat' dir='ltr'><strong>Christus</strong></span> <span class='ocrx_word' id='word_1_5' title='bbox 1444 521 1555 577; x_wconf 99' lang='grc'><strong>791</strong></span> <span class='ocrx_word' id='word_1_6' title='bbox 1607 518 1647 575; x_wconf 84' lang='lat' dir='ltr'>d</span> <span class='ocrx_word' id='word_1_7' title='bbox 1688 536 1722 575; x_wconf 88' lang='lat' dir='ltr'><strong>e</strong></span> 
     </span>
     <span class='ocr_line' id='line_1_3' title="bbox 651 614 1723 687; baseline -0.001 -12"><span class='ocrx_word' id='word_1_8' title='bbox 651 617 768 687; x_wconf 89' lang='lat' dir='ltr'><strong>Qui</strong></span> <span class='ocrx_word' id='word_1_9' title='bbox 809 617 946 676; x_wconf 85' lang='lat' dir='ltr'><strong>dicit</strong></span> <span class='ocrx_word' id='word_1_10' title='bbox 987 622 1020 650; x_wconf 79' lang='lat'><strong>‘⁴</strong></span> <span class='ocrx_word' id='word_1_11' title='bbox 1038 617 1155 687; x_wconf 82' lang='lat' dir='ltr'><strong>Qui</strong></span> <span class='ocrx_word' id='word_1_12' title='bbox 1182 617 1324 674; x_wconf 82' lang='lat' dir='ltr'><strong>vidit</strong></span> <span class='ocrx_word' id='word_1_13' title='bbox 1356 614 1457 675; x_wconf 71' lang='lat' dir='ltr'><strong>Ie</strong></span> <span class='ocrx_word' id='word_1_14' title='bbox 1482 616 1623 673; x_wconf 86' lang='lat' dir='ltr'><strong>vidit</strong></span> <span class='ocrx_word' id='word_1_15' title='bbox 1664 624 1723 674; x_wconf 90' lang='lat' dir='ltr'><strong>et</strong></span> 
     </span>
     <span class='ocr_line' id='line_1_4' title="bbox 652 714 1724 792; baseline -0.002 -19"><span class='ocrx_word' id='word_1_16' title='bbox 652 717 895 781; x_wconf 86' lang='lat' dir='ltr'><strong>Patrem,</strong></span> <span class='ocrx_word' id='word_1_17' title='bbox 924 715 1056 792; x_wconf 79' lang='lat' dir='ltr'><strong>Ego</strong></span> <span class='ocrx_word' id='word_1_18' title='bbox 1084 717 1145 773; x_wconf 91' lang='lat' dir='ltr'><strong>in</strong></span> <span class='ocrx_word' id='word_1_19' title='bbox 1174 714 1347 773; x_wconf 85' lang='lat' dir='ltr'><strong>Patre</strong></span> <span class='ocrx_word' id='word_1_20' title='bbox 1372 723 1433 773; x_wconf 86' lang='lat' dir='ltr'><strong>et</strong></span> <span class='ocrx_word' id='word_1_21' title='bbox 1463 714 1639 773; x_wconf 87' lang='lat' dir='ltr'><strong>Pater</strong></span> <span class='ocrx_word' id='word_1_22' title='bbox 1663 714 1724 771; x_wconf 92' lang='lat' dir='ltr'><strong>in</strong></span> 
     </span>
     <span class='ocr_line' id='line_1_5' title="bbox 649 811 1011 874; baseline 0 -4"><span class='ocrx_word' id='word_1_23' title='bbox 649 811 795 871; x_wconf 48' lang='grc' dir='ltr'><strong>Καθ’</strong></span> <span class='ocrx_word' id='word_1_24' title='bbox 821 817 936 874; x_wconf 89' lang='grc'><strong>792</strong></span> <span class='ocrx_word' id='word_1_25' title='bbox 960 833 1011 872; x_wconf 91' lang='lat' dir='ltr'><strong>e.</strong></span> 
     </span>
    </p>

    <p class='ocr_par' dir='ltr' id='par_1_3' title="bbox 571 909 1725 1265">
     <span class='ocr_line' id='line_1_6' title="bbox 571 909 1723 982; baseline -0.001 -14"><span class='ocrx_word' id='word_1_26' title='bbox 571 911 748 968; x_wconf 85' lang='lat' dir='ltr'><strong>Filius</strong></span> <span class='ocrx_word' id='word_1_27' title='bbox 789 911 949 970; x_wconf 87' lang='lat' dir='ltr'><strong>Deus</strong></span> <span class='ocrx_word' id='word_1_28' title='bbox 989 912 1062 969; x_wconf 84' lang='lat' dir='ltr'><strong>de</strong></span> <span class='ocrx_word' id='word_1_29' title='bbox 1099 912 1252 982; x_wconf 85' lang='lat' dir='ltr'><strong>Quo,</strong></span> <span class='ocrx_word' id='word_1_30' title='bbox 1283 911 1484 980; x_wconf 83' lang='lat' dir='ltr'><strong>“Quis</strong></span> <span class='ocrx_word' id='word_1_31' title='bbox 1525 909 1723 968; x_wconf 84' lang='lat' dir='ltr'><strong>similis</strong></span> 
     </span>
     <span class='ocr_line' id='line_1_7' title="bbox 651 1009 1725 1068; baseline -0.001 -1"><span class='ocrx_word' id='word_1_32' title='bbox 651 1011 760 1068; x_wconf 90' lang='lat' dir='ltr'><strong>erit</strong></span> <span class='ocrx_word' id='word_1_33' title='bbox 804 1009 1056 1068; x_wconf 90' lang='lat' dir='ltr'><strong>Domino</strong></span> <span class='ocrx_word' id='word_1_34' title='bbox 1098 1012 1155 1068; x_wconf 87' lang='lat' dir='ltr'><strong>in</strong></span> <span class='ocrx_word' id='word_1_35' title='bbox 1192 1009 1322 1068; x_wconf 85' lang='lat' dir='ltr'><strong>filiis</strong></span> <span class='ocrx_word' id='word_1_36' title='bbox 1348 1009 1504 1068; x_wconf 79' lang='lat' dir='ltr'><strong>Dei&#39;·</strong></span> <span class='ocrx_word' id='word_1_37' title='bbox 1541 1012 1661 1068; x_wconf 85' lang='grc'><strong>793</strong></span> <span class='ocrx_word' id='word_1_38' title='bbox 1689 1028 1725 1066; x_wconf 93' lang='lat' dir='ltr'><strong>a</strong></span> 
     </span>
     <span class='ocr_line' id='line_1_8' title="bbox 653 1108 1723 1187; baseline 0 -22"><span class='ocrx_word' id='word_1_39' title='bbox 653 1128 757 1184; x_wconf 88' lang='lat' dir='ltr'><strong>per</strong></span> <span class='ocrx_word' id='word_1_40' title='bbox 784 1108 970 1184; x_wconf 88' lang='lat' dir='ltr'><strong>Cujus</strong></span> <span class='ocrx_word' id='word_1_41' title='bbox 1011 1118 1347 1187; x_wconf 87' lang='lat' dir='ltr'><strong>paupertate</strong></span> <span class='ocrx_word' id='word_1_42' title='bbox 1373 1108 1578 1166; x_wconf 82' lang='lat' dir='ltr'><strong>divites</strong></span> <span class='ocrx_word' id='word_1_43' title='bbox 1615 1126 1723 1165; x_wconf 82' lang='lat' dir='ltr'><strong>nos</strong></span> 
     </span>
     <span class='ocr_line' id='line_1_9' title="bbox 655 1206 908 1265; baseline 0 -1"><span class='ocrx_word' id='word_1_44' title='bbox 655 1206 733 1264; x_wconf 88' lang='lat' dir='ltr'><strong>iii.</strong></span> <span class='ocrx_word' id='word_1_45' title='bbox 767 1210 908 1265; x_wconf 87' lang='grc'><strong>442.</strong></span> 
     </span>
    </p>

    <p class='ocr_par' dir='ltr' id='par_1_4' title="bbox 572 1302 1728 2169">
     <span class='ocr_line' id='line_1_10' title="bbox 572 1302 1725 1382; baseline -0.002 -19"><span class='ocrx_word' id='word_1_46' title='bbox 572 1304 749 1363; x_wconf 84' lang='lat' dir='ltr'><strong>Filius</strong></span> <span class='ocrx_word' id='word_1_47' title='bbox 775 1305 935 1363; x_wconf 89' lang='lat' dir='ltr'><strong>Deus</strong></span> <span class='ocrx_word' id='word_1_48' title='bbox 962 1305 1078 1375; x_wconf 87' lang='lat' dir='ltr'><strong>Qui</strong></span> <span class='ocrx_word' id='word_1_49' title='bbox 1105 1324 1270 1382; x_wconf 81' lang='lat' dir='ltr'><strong>opera</strong></span> <span class='ocrx_word' id='word_1_50' title='bbox 1305 1302 1517 1381; x_wconf 75' lang='lat' dir='ltr'><strong>majora</strong></span> <span class='ocrx_word' id='word_1_51' title='bbox 1547 1304 1600 1362; x_wconf 92' lang='lat' dir='ltr'><strong>ei</strong></span> <span class='ocrx_word' id='word_1_52' title='bbox 1627 1304 1725 1380; x_wconf 90' lang='lat' dir='ltr'><strong>qui</strong></span> 
     </span>
     <span class='ocr_line' id='line_1_11' title="bbox 654 1402 1727 1479; baseline -0.001 -18"><span class='ocrx_word' id='word_1_53' title='bbox 654 1404 713 1461; x_wconf 91' lang='lat' dir='ltr'><strong>in</strong></span> <span class='ocrx_word' id='word_1_54' title='bbox 742 1404 878 1479; x_wconf 86' lang='lat' dir='ltr'><strong>Ipso</strong></span> <span class='ocrx_word' id='word_1_55' title='bbox 918 1403 1113 1461; x_wconf 89' lang='lat' dir='ltr'><strong>credat</strong></span> <span class='ocrx_word' id='word_1_56' title='bbox 1146 1404 1221 1461; x_wconf 85' lang='lat' dir='ltr'><strong>ad</strong></span> <span class='ocrx_word' id='word_1_57' title='bbox 1259 1402 1584 1460; x_wconf 84' lang='lat' dir='ltr'><strong>faciendum</strong></span> <span class='ocrx_word' id='word_1_58' title='bbox 1625 1403 1727 1460; x_wconf 88' lang='lat' dir='ltr'><strong>dat</strong></span> 
     </span>
     <span class='ocr_line' id='line_1_12' title="bbox 659 1501 1726 1576; baseline -0.003 -15"><span class='ocrx_word' id='word_1_59' title='bbox 659 1507 800 1569; x_wconf 90' lang='grc'><strong>803,</strong></span> <span class='ocrx_word' id='word_1_60' title='bbox 824 1506 944 1562; x_wconf 89' lang='grc'><strong>804</strong></span> <span class='ocrx_word' id='word_1_61' title='bbox 967 1521 1001 1560; x_wconf 90' lang='lat' dir='ltr'><strong>c</strong></span> <span class='ocrx_word' id='word_1_62' title='bbox 1053 1501 1168 1571; x_wconf 87' lang='lat' dir='ltr'><strong>Qui</strong></span> <span class='ocrx_word' id='word_1_63' title='bbox 1196 1501 1481 1560; x_wconf 85' lang='lat' dir='ltr'><strong>orationes</strong></span> <span class='ocrx_word' id='word_1_64' title='bbox 1522 1501 1726 1576; x_wconf 88' lang='lat' dir='ltr'><strong>accipit</strong></span> 
     </span>
     <span class='ocr_line' id='line_1_13' title="bbox 659 1599 1726 1667; baseline -0.004 -8"><span class='ocrx_word' id='word_1_65' title='bbox 659 1605 780 1661; x_wconf 96' lang='grc'><strong>804</strong></span> <span class='ocrx_word' id='word_1_66' title='bbox 808 1621 909 1667; x_wconf 87' lang='lat' dir='ltr'><strong>ce,</strong></span> <span class='ocrx_word' id='word_1_67' title='bbox 954 1603 1074 1659; x_wconf 90' lang='grc'><strong>806</strong></span> <span class='ocrx_word' id='word_1_68' title='bbox 1099 1599 1142 1657; x_wconf 93' lang='lat' dir='ltr'>b</span> <span class='ocrx_word' id='word_1_69' title='bbox 1196 1619 1270 1657; x_wconf 90' lang='lat' dir='ltr'><strong>ne</strong></span> <span class='ocrx_word' id='word_1_70' title='bbox 1310 1599 1584 1657; x_wconf 77' lang='lat' dir='ltr'><strong>idolatrae</strong></span> <span class='ocrx_word' id='word_1_71' title='bbox 1625 1600 1726 1656; x_wconf 85' lang='lat' dir='ltr'><strong>fia·</strong></span> 
     </span>
     <span class='ocr_line' id='line_1_14' title="bbox 657 1696 1728 1772; baseline -0.005 -14"><span class='ocrx_word' id='word_1_72' title='bbox 657 1718 786 1758; x_wconf 88' lang='lat' dir='ltr'><strong>mus</strong></span> <span class='ocrx_word' id='word_1_73' title='bbox 813 1699 887 1756; x_wconf 88' lang='lat' dir='ltr'><strong>ad</strong></span> <span class='ocrx_word' id='word_1_74' title='bbox 919 1699 1064 1756; x_wconf 89' lang='lat' dir='ltr'><strong>Eum</strong></span> <span class='ocrx_word' id='word_1_75' title='bbox 1095 1706 1326 1755; x_wconf 83' lang='lat' dir='ltr'><strong>orantes</strong></span> <span class='ocrx_word' id='word_1_76' title='bbox 1354 1701 1474 1756; x_wconf 88' lang='grc'><strong>804</strong></span> <span class='ocrx_word' id='word_1_77' title='bbox 1503 1715 1537 1754; x_wconf 88' lang='lat' dir='ltr'><strong>e</strong></span> <span class='ocrx_word' id='word_1_78' title='bbox 1591 1696 1728 1772; x_wconf 89' lang='lat' dir='ltr'><strong>quia</strong></span> 
     </span>
     <span class='ocr_line' id='line_1_15' title="bbox 652 1797 1728 1870; baseline -0.003 -15"><span class='ocrx_word' id='word_1_79' title='bbox 652 1797 846 1856; x_wconf 88' lang='lat' dir='ltr'><strong>omnia</strong></span> <span class='ocrx_word' id='word_1_80' title='bbox 896 1797 1048 1854; x_wconf 88' lang='lat' dir='ltr'><strong>bona</strong></span> <span class='ocrx_word' id='word_1_81' title='bbox 1101 1804 1236 1854; x_wconf 89' lang='lat' dir='ltr'><strong>sunt</strong></span> <span class='ocrx_word' id='word_1_82' title='bbox 1293 1815 1328 1852; x_wconf 90' lang='lat' dir='ltr'><strong>a</strong></span> <span class='ocrx_word' id='word_1_83' title='bbox 1385 1797 1555 1853; x_wconf 87' lang='lat' dir='ltr'><strong>Patre</strong></span> <span class='ocrx_word' id='word_1_84' title='bbox 1622 1813 1728 1870; x_wconf 85' lang='lat' dir='ltr'><strong>per</strong></span> 
     </span>
     <span class='ocr_line' id='line_1_16' title="bbox 657 1893 1726 1963; baseline -0.002 -10"><span class='ocrx_word' id='word_1_85' title='bbox 657 1895 866 1953; x_wconf 83' lang='lat' dir='ltr'><strong>Filium</strong></span> <span class='ocrx_word' id='word_1_86' title='bbox 894 1898 1014 1954; x_wconf 93' lang='grc'><strong>805</strong></span> <span class='ocrx_word' id='word_1_87' title='bbox 1043 1894 1204 1959; x_wconf 87' lang='lat' dir='ltr'><strong>bcd,</strong></span> <span class='ocrx_word' id='word_1_88' title='bbox 1234 1896 1354 1954; x_wconf 88' lang='grc'><strong>807</strong></span> <span class='ocrx_word' id='word_1_89' title='bbox 1375 1894 1415 1951; x_wconf 89' lang='lat' dir='ltr'>b</span> <span class='ocrx_word' id='word_1_90' title='bbox 1496 1893 1614 1963; x_wconf 89' lang='lat' dir='ltr'><strong>Qui</strong></span> <span class='ocrx_word' id='word_1_91' title='bbox 1640 1894 1726 1951; x_wconf 92' lang='lat' dir='ltr'><strong>in-</strong></span> 
     </span>
     <span class='ocr_line' id='line_1_17' title="bbox 654 1992 1726 2070; baseline -0.001 -19"><span class='ocrx_word' id='word_1_92' title='bbox 654 1993 900 2051; x_wconf 82' lang='lat' dir='ltr'><strong>sufflavit</strong></span> <span class='ocrx_word' id='word_1_93' title='bbox 932 1992 1209 2070; x_wconf 87' lang='lat' dir='ltr'><strong>Spiritum</strong></span> <span class='ocrx_word' id='word_1_94' title='bbox 1242 1994 1513 2051; x_wconf 79' lang='lat' dir='ltr'><strong>Sanctum</strong></span> <span class='ocrx_word' id='word_1_95' title='bbox 1543 1996 1664 2051; x_wconf 90' lang='grc'><strong>810</strong></span> <span class='ocrx_word' id='word_1_96' title='bbox 1692 2011 1726 2050; x_wconf 88' lang='lat' dir='ltr'><strong>c</strong></span> 
     </span>
     <span class='ocr_line' id='line_1_18' title="bbox 654 2091 1524 2169; baseline -0.001 -19"><span class='ocrx_word' id='word_1_97' title='bbox 654 2094 836 2169; x_wconf 85' lang='lat' dir='ltr'><strong>Cujus</strong></span> <span class='ocrx_word' id='word_1_98' title='bbox 859 2091 1161 2168; x_wconf 88' lang='lat' dir='ltr'><strong>Templum</strong></span> <span class='ocrx_word' id='word_1_99' title='bbox 1188 2111 1296 2150; x_wconf 87' lang='lat' dir='ltr'><strong>nos</strong></span> <span class='ocrx_word' id='word_1_100' title='bbox 1323 2094 1443 2151; x_wconf 87' lang='grc'><strong>832</strong></span> <span class='ocrx_word' id='word_1_101' title='bbox 1471 2109 1524 2149; x_wconf 90' lang='lat' dir='ltr'><strong>e.</strong></span> 
     </span>
    </p>

    <p class='ocr_par' dir='ltr' id='par_1_5' title="bbox 583 2188 1728 3350">
     <span class='ocr_line' id='line_1_19' title="bbox 583 2188 1725 2249; baseline -0.004 0"><span class='ocrx_word' id='word_1_102' title='bbox 583 2192 757 2249; x_wconf 80' lang='lat' dir='ltr'><strong>Filius</strong></span> <span class='ocrx_word' id='word_1_103' title='bbox 783 2190 944 2249; x_wconf 84' lang='lat' dir='ltr'><strong>Deus</strong></span> <span class='ocrx_word' id='word_1_104' title='bbox 970 2210 1044 2248; x_wconf 91' lang='lat' dir='ltr'><strong>ne</strong></span> <span class='ocrx_word' id='word_1_105' title='bbox 1069 2189 1318 2249; x_wconf 74' lang='lat' dir='ltr'>Trinitas</span> <span class='ocrx_word' id='word_1_106' title='bbox 1352 2188 1725 2248; x_wconf 88' lang='lat' dir='ltr'><strong>non-trinitas</strong></span> 
     </span>
     <span class='ocr_line' id='line_1_20' title="bbox 658 2288 1726 2363; baseline -0.005 -15"><span class='ocrx_word' id='word_1_107' title='bbox 658 2293 776 2348; x_wconf 87' lang='grc'><strong>865</strong></span> <span class='ocrx_word' id='word_1_108' title='bbox 806 2306 858 2358; x_wconf 88' lang='lat' dir='ltr'><strong>a,</strong></span> <span class='ocrx_word' id='word_1_109' title='bbox 903 2290 980 2346; x_wconf 89' lang='lat' dir='ltr'><strong>iii.</strong></span> <span class='ocrx_word' id='word_1_110' title='bbox 1027 2292 1145 2347; x_wconf 85' lang='lat'><strong>523</strong></span> <span class='ocrx_word' id='word_1_111' title='bbox 1215 2288 1332 2358; x_wconf 90' lang='lat' dir='ltr'><strong>Qui</strong></span> <span class='ocrx_word' id='word_1_112' title='bbox 1371 2288 1579 2345; x_wconf 91' lang='lat' dir='ltr'><strong>liberos</strong></span> <span class='ocrx_word' id='word_1_113' title='bbox 1619 2306 1726 2363; x_wconf 91' lang='lat' dir='ltr'><strong>pro</strong></span> 
     </span>
     <span class='ocr_line' id='line_1_21' title="bbox 654 2385 1727 2460; baseline -0.004 -15"><span class='ocrx_word' id='word_1_114' title='bbox 654 2388 836 2445; x_wconf 81' lang='lat' dir='ltr'><strong>servis</strong></span> <span class='ocrx_word' id='word_1_115' title='bbox 879 2387 1052 2444; x_wconf 87' lang='lat' dir='ltr'><strong>efficit</strong></span> <span class='ocrx_word' id='word_1_116' title='bbox 1100 2388 1219 2444; x_wconf 88' lang='grc'><strong>889</strong></span> <span class='ocrx_word' id='word_1_117' title='bbox 1262 2404 1296 2443; x_wconf 88' lang='lat' dir='ltr'><strong>c</strong></span> <span class='ocrx_word' id='word_1_118' title='bbox 1381 2385 1575 2456; x_wconf 83' lang='lat' dir='ltr'><strong>Quem</strong></span> <span class='ocrx_word' id='word_1_119' title='bbox 1629 2385 1727 2460; x_wconf 90' lang='lat' dir='ltr'><strong>qui</strong></span> 
     </span>
     <span class='ocr_line' id='line_1_22' title="bbox 650 2483 1727 2543; baseline -0.003 -1"><span class='ocrx_word' id='word_1_120' title='bbox 650 2485 968 2543; x_wconf 86' lang='lat' dir='ltr'><strong>contemnit</strong></span> <span class='ocrx_word' id='word_1_121' title='bbox 1020 2491 1081 2541; x_wconf 89' lang='lat' dir='ltr'><strong>et</strong></span> <span class='ocrx_word' id='word_1_122' title='bbox 1128 2485 1354 2541; x_wconf 87' lang='lat' dir='ltr'><strong>Patrem</strong></span> <span class='ocrx_word' id='word_1_123' title='bbox 1409 2483 1727 2540; x_wconf 88' lang='lat' dir='ltr'><strong>contemnit</strong></span> 
     </span>
     <span class='ocr_line' id='line_1_23' title="bbox 654 2582 1723 2650; baseline -0.002 -8"><span class='ocrx_word' id='word_1_124' title='bbox 654 2588 773 2644; x_wconf 87' lang='grc'><strong>903</strong></span> <span class='ocrx_word' id='word_1_125' title='bbox 816 2582 855 2640; x_wconf 88' lang='lat' dir='ltr'><strong>d</strong></span> <span class='ocrx_word' id='word_1_126' title='bbox 883 2601 937 2649; x_wconf 88' lang='lat' dir='ltr'><strong>e,</strong></span> <span class='ocrx_word' id='word_1_127' title='bbox 994 2585 1134 2649; x_wconf 89' lang='grc'><strong>906,</strong></span> <span class='ocrx_word' id='word_1_128' title='bbox 1193 2586 1316 2642; x_wconf 90' lang='grc'><strong>907</strong></span> <span class='ocrx_word' id='word_1_129' title='bbox 1355 2602 1463 2650; x_wconf 87' lang='lat' dir='ltr'><strong>ae,</strong></span> <span class='ocrx_word' id='word_1_130' title='bbox 1519 2586 1639 2641; x_wconf 90' lang='grc'><strong>908</strong></span> <span class='ocrx_word' id='word_1_131' title='bbox 1674 2600 1723 2650; x_wconf 90' lang='lat' dir='ltr'><strong>a,</strong></span> 
     </span>
     <span class='ocr_line' id='line_1_24' title="bbox 656 2681 1721 2757; baseline -0.004 -16"><span class='ocrx_word' id='word_1_132' title='bbox 656 2685 776 2742; x_wconf 91' lang='grc'><strong>910</strong></span> <span class='ocrx_word' id='word_1_133' title='bbox 797 2701 833 2739; x_wconf 92' lang='lat' dir='ltr'><strong>a</strong></span> <span class='ocrx_word' id='word_1_134' title='bbox 886 2682 1021 2757; x_wconf 87' lang='lat' dir='ltr'><strong>quia</strong></span> <span class='ocrx_word' id='word_1_135' title='bbox 1038 2681 1183 2739; x_wconf 89' lang='lat' dir='ltr'><strong>Filio</strong></span> <span class='ocrx_word' id='word_1_136' title='bbox 1206 2689 1267 2739; x_wconf 89' lang='lat' dir='ltr'><strong>et</strong></span> <span class='ocrx_word' id='word_1_137' title='bbox 1287 2681 1441 2739; x_wconf 85' lang='lat' dir='ltr'><strong>Patri</strong></span> <span class='ocrx_word' id='word_1_138' title='bbox 1467 2698 1721 2739; x_wconf 88' lang='lat' dir='ltr'><strong>commu-</strong></span> 
     </span>
     <span class='ocr_line' id='line_1_25' title="bbox 650 2778 1719 2857; baseline -0.003 -18"><span class='ocrx_word' id='word_1_139' title='bbox 650 2782 743 2839; x_wconf 89' lang='lat' dir='ltr'><strong>nis</strong></span> <span class='ocrx_word' id='word_1_140' title='bbox 786 2780 1035 2857; x_wconf 79' lang='lat' dir='ltr'>Spiritus</span> <span class='ocrx_word' id='word_1_141' title='bbox 1077 2778 1326 2838; x_wconf 87' lang='lat' dir='ltr'><strong>Sanctus</strong></span> <span class='ocrx_word' id='word_1_142' title='bbox 1367 2783 1487 2838; x_wconf 92' lang='grc'><strong>910</strong></span> <span class='ocrx_word' id='word_1_143' title='bbox 1517 2780 1572 2846; x_wconf 89' lang='lat' dir='ltr'><strong>b,</strong></span> <span class='ocrx_word' id='word_1_144' title='bbox 1602 2781 1719 2837; x_wconf 89' lang='grc'><strong>911</strong></span> 
     </span>
     <span class='ocr_line' id='line_1_26' title="bbox 651 2876 1727 2955; baseline -0.003 -18"><span class='ocrx_word' id='word_1_145' title='bbox 651 2880 691 2937; x_wconf 89' lang='lat' dir='ltr'>b</span> <span class='ocrx_word' id='word_1_146' title='bbox 708 2900 742 2936; x_wconf 92' lang='lat' dir='ltr'><strong>c</strong></span> <span class='ocrx_word' id='word_1_147' title='bbox 811 2879 944 2955; x_wconf 90' lang='lat' dir='ltr'><strong>quia</strong></span> <span class='ocrx_word' id='word_1_148' title='bbox 996 2878 1181 2936; x_wconf 86' lang='lat' dir='ltr'><strong>Patris</strong></span> <span class='ocrx_word' id='word_1_149' title='bbox 1235 2876 1513 2953; x_wconf 89' lang='lat' dir='ltr'><strong>Spiritum</strong></span> <span class='ocrx_word' id='word_1_150' title='bbox 1568 2876 1727 2934; x_wconf 82' lang='lat' dir='ltr'><strong>dedit</strong></span> 
     </span>
     <span class='ocr_line' id='line_1_27' title="bbox 655 2975 1727 3052; baseline -0.007 -14"><span class='ocrx_word' id='word_1_151' title='bbox 655 2983 775 3038; x_wconf 90' lang='grc'><strong>910</strong></span> <span class='ocrx_word' id='word_1_152' title='bbox 817 2980 854 3036; x_wconf 91' lang='lat' dir='ltr'>d</span> <span class='ocrx_word' id='word_1_153' title='bbox 882 2997 954 3036; x_wconf 88' lang='lat' dir='ltr'><strong>ne</strong></span> <span class='ocrx_word' id='word_1_154' title='bbox 977 2977 1120 3034; x_wconf 83' lang='lat' dir='ltr'><strong>Filio</strong></span> <span class='ocrx_word' id='word_1_155' title='bbox 1140 2975 1387 3052; x_wconf 84' lang='lat' dir='ltr'><strong>Spiritus</strong></span> <span class='ocrx_word' id='word_1_156' title='bbox 1414 2976 1598 3050; x_wconf 88' lang='lat' dir='ltr'><strong>major</strong></span> <span class='ocrx_word' id='word_1_157' title='bbox 1623 2975 1727 3032; x_wconf 87' lang='lat' dir='ltr'><strong>fiat</strong></span> 
     </span>
     <span class='ocr_line' id='line_1_28' title="bbox 653 3073 1728 3136; baseline -0.005 -1"><span class='ocrx_word' id='word_1_158' title='bbox 653 3081 774 3136; x_wconf 87' lang='lat'><strong>910</strong></span> <span class='ocrx_word' id='word_1_159' title='bbox 812 3076 850 3133; x_wconf 86' lang='lat' dir='ltr'>d</span> <span class='ocrx_word' id='word_1_160' title='bbox 931 3094 1005 3133; x_wconf 89' lang='lat' dir='ltr'><strong>ne</strong></span> <span class='ocrx_word' id='word_1_161' title='bbox 1060 3074 1311 3134; x_wconf 83' lang='lat' dir='ltr'><strong>Sanctus</strong></span> <span class='ocrx_word' id='word_1_162' title='bbox 1370 3073 1728 3131; x_wconf 73' lang='lat' dir='ltr'><strong>Naturaliter</strong></span> 
     </span>
     <span class='ocr_line' id='line_1_29' title="bbox 655 3170 1726 3252; baseline -0.006 -18"><span class='ocrx_word' id='word_1_163' title='bbox 655 3194 832 3252; x_wconf 89' lang='lat' dir='ltr'><strong>quum</strong></span> <span class='ocrx_word' id='word_1_164' title='bbox 870 3174 998 3231; x_wconf 81' lang='lat' dir='ltr'><strong>non&#39;</strong></span> <span class='ocrx_word' id='word_1_165' title='bbox 1031 3175 1126 3239; x_wconf 85' lang='lat' dir='ltr'><strong>sit,</strong></span> <span class='ocrx_word' id='word_1_166' title='bbox 1167 3191 1286 3230; x_wconf 88' lang='lat' dir='ltr'><strong>non</strong></span> <span class='ocrx_word' id='word_1_167' title='bbox 1316 3174 1560 3230; x_wconf 81' lang='lat' dir='ltr'><strong>Sanctus</strong></span> <span class='ocrx_word' id='word_1_168' title='bbox 1600 3170 1726 3228; x_wconf 87' lang='lat' dir='ltr'><strong>fieri</strong></span> 
     </span>
     <span class='ocr_line' id='line_1_30' title="bbox 653 3275 1280 3350; baseline -0.006 -18"><span class='ocrx_word' id='word_1_169' title='bbox 653 3275 836 3350; x_wconf 87' lang='lat' dir='ltr'><strong>possit</strong></span> <span class='ocrx_word' id='word_1_170' title='bbox 862 3275 982 3332; x_wconf 91' lang='grc'><strong>910</strong></span> <span class='ocrx_word' id='word_1_171' title='bbox 1005 3291 1053 3344; x_wconf 89' lang='lat' dir='ltr'><strong>e,</strong></span> <span class='ocrx_word' id='word_1_172' title='bbox 1085 3275 1201 3330; x_wconf 87' lang='lat'><strong>911</strong></span> <span class='ocrx_word' id='word_1_173' title='bbox 1228 3290 1280 3328; x_wconf 89' lang='lat' dir='ltr'><strong>a.</strong></span> 
     </span>
    </p>

    <p class='ocr_par' dir='ltr' id='par_1_6' title="bbox 575 3365 1729 4313">
     <span class='ocr_line' id='line_1_31' title="bbox 575 3365 1727 3440; baseline -0.005 -9"><span class='ocrx_word' id='word_1_174' title='bbox 575 3373 753 3431; x_wconf 82' lang='lat' dir='ltr'><strong>Filius</strong></span> <span class='ocrx_word' id='word_1_175' title='bbox 777 3372 937 3429; x_wconf 84' lang='lat' dir='ltr'><strong>Deus</strong></span> <span class='ocrx_word' id='word_1_176' title='bbox 956 3370 1076 3440; x_wconf 90' lang='lat' dir='ltr'><strong>Qui</strong></span> <span class='ocrx_word' id='word_1_177' title='bbox 1103 3368 1258 3437; x_wconf 91' lang='lat' dir='ltr'><strong>dicit,</strong></span> <span class='ocrx_word' id='word_1_178' title='bbox 1283 3374 1324 3402; x_wconf 90' lang='lat'><em>“</em></span> <span class='ocrx_word' id='word_1_179' title='bbox 1341 3368 1454 3430; x_wconf 84' lang='lat' dir='ltr'><strong>Qui</strong></span> <span class='ocrx_word' id='word_1_180' title='bbox 1476 3365 1577 3427; x_wconf 70' lang='lat' dir='ltr'><strong>Me</strong></span> <span class='ocrx_word' id='word_1_181' title='bbox 1603 3367 1727 3426; x_wconf 91' lang='lat' dir='ltr'><strong>odit</strong></span> 
     </span>
     <span class='ocr_line' id='line_1_32' title="bbox 652 3466 1727 3535; baseline -0.006 -6"><span class='ocrx_word' id='word_1_182' title='bbox 652 3479 712 3529; x_wconf 89' lang='lat' dir='ltr'><strong>et</strong></span> <span class='ocrx_word' id='word_1_183' title='bbox 732 3470 960 3527; x_wconf 89' lang='lat' dir='ltr'><strong>Patrem</strong></span> <span class='ocrx_word' id='word_1_184' title='bbox 976 3468 1175 3526; x_wconf 85' lang='lat' dir='ltr'><strong>Meum</strong></span> <span class='ocrx_word' id='word_1_185' title='bbox 1198 3466 1364 3525; x_wconf 89' lang='lat' dir='ltr'><strong>odit”</strong></span> <span class='ocrx_word' id='word_1_186' title='bbox 1383 3469 1503 3526; x_wconf 89' lang='grc'><strong>906</strong></span> <span class='ocrx_word' id='word_1_187' title='bbox 1521 3486 1554 3524; x_wconf 94' lang='lat' dir='ltr'><strong>c</strong></span> <span class='ocrx_word' id='word_1_188' title='bbox 1607 3466 1727 3535; x_wconf 94' lang='lat' dir='ltr'><strong>Qui</strong></span> 
     </span>
     <span class='ocr_line' id='line_1_33' title="bbox 652 3564 1726 3643; baseline -0.003 -18"><span class='ocrx_word' id='word_1_189' title='bbox 652 3567 847 3625; x_wconf 85' lang='lat' dir='ltr'><strong>futura</strong></span> <span class='ocrx_word' id='word_1_190' title='bbox 873 3566 1153 3643; x_wconf 76' lang='lat' dir='ltr'><strong>praedixit</strong></span> <span class='ocrx_word' id='word_1_191' title='bbox 1183 3568 1303 3624; x_wconf 85' lang='lat'><strong>915</strong></span> <span class='ocrx_word' id='word_1_192' title='bbox 1331 3565 1419 3622; x_wconf 86' lang='lat' dir='ltr'><strong>de</strong></span> <span class='ocrx_word' id='word_1_193' title='bbox 1473 3564 1565 3623; x_wconf 88' lang='lat' dir='ltr'><strong>De</strong></span> <span class='ocrx_word' id='word_1_194' title='bbox 1592 3564 1726 3634; x_wconf 87' lang='lat' dir='ltr'><strong>Quo</strong></span> 
     </span>
     <span class='ocr_line' id='line_1_34' title="bbox 654 3662 1728 3740; baseline -0.005 -16"><span class='ocrx_word' id='word_1_195' title='bbox 654 3665 858 3740; x_wconf 87' lang='lat' dir='ltr'><strong>accipit</strong></span> <span class='ocrx_word' id='word_1_196' title='bbox 900 3664 1088 3740; x_wconf 85' lang='lat' dir='ltr'><strong>Ipsius</strong></span> <span class='ocrx_word' id='word_1_197' title='bbox 1129 3663 1380 3739; x_wconf 77' lang='lat' dir='ltr'><strong>Spiritus</strong></span> <span class='ocrx_word' id='word_1_198' title='bbox 1406 3663 1523 3733; x_wconf 88' lang='lat' dir='ltr'><strong>Qui</strong></span> <span class='ocrx_word' id='word_1_199' title='bbox 1563 3662 1728 3720; x_wconf 86' lang='lat' dir='ltr'><strong>Deus</strong></span> 
     </span>
     <span class='ocr_line' id='line_1_35' title="bbox 651 3761 1728 3837; baseline -0.004 -15"><span class='ocrx_word' id='word_1_200' title='bbox 651 3772 743 3822; x_wconf 87' lang='lat' dir='ltr'><strong>est</strong></span> <span class='ocrx_word' id='word_1_201' title='bbox 768 3766 887 3821; x_wconf 87' lang='grc'><strong>929</strong></span> <span class='ocrx_word' id='word_1_202' title='bbox 910 3762 949 3819; x_wconf 87' lang='lat' dir='ltr'><strong>d</strong></span> <span class='ocrx_word' id='word_1_203' title='bbox 996 3761 1112 3831; x_wconf 85' lang='lat' dir='ltr'><strong>Qui</strong></span> <span class='ocrx_word' id='word_1_204' title='bbox 1141 3761 1446 3837; x_wconf 87' lang='lat' dir='ltr'><strong>discipulos</strong></span> <span class='ocrx_word' id='word_1_205' title='bbox 1465 3761 1524 3819; x_wconf 91' lang='lat' dir='ltr'><strong>in</strong></span> <span class='ocrx_word' id='word_1_206' title='bbox 1542 3761 1728 3819; x_wconf 88' lang='lat' dir='ltr'><strong>Patris</strong></span> 
     </span>
     <span class='ocr_line' id='line_1_36' title="bbox 656 3860 1729 3936; baseline -0.004 -16"><span class='ocrx_word' id='word_1_207' title='bbox 656 3861 913 3920; x_wconf 89' lang='lat' dir='ltr'><strong>Nomine</strong></span> <span class='ocrx_word' id='word_1_208' title='bbox 955 3860 1202 3918; x_wconf 79' lang='lat' dir='ltr'><strong>servavit</strong></span> <span class='ocrx_word' id='word_1_209' title='bbox 1237 3863 1356 3918; x_wconf 88' lang='grc'><strong>974</strong></span> <span class='ocrx_word' id='word_1_210' title='bbox 1386 3860 1472 3917; x_wconf 86' lang='lat' dir='ltr'><strong>cd</strong></span> <span class='ocrx_word' id='word_1_211' title='bbox 1541 3860 1729 3936; x_wconf 82' lang='lat' dir='ltr'><strong>Cujus</strong></span> 
     </span>
     <span class='ocr_line' id='line_1_37' title="bbox 654 3957 1726 4025; baseline -0.003 -6"><span class='ocrx_word' id='word_1_212' title='bbox 654 3960 901 4019; x_wconf 83' lang='lat' dir='ltr'><strong>verbum</strong></span> <span class='ocrx_word' id='word_1_213' title='bbox 949 3959 1186 4016; x_wconf 83' lang='lat' dir='ltr'><strong>verbum</strong></span> <span class='ocrx_word' id='word_1_214' title='bbox 1233 3957 1417 4015; x_wconf 85' lang='lat' dir='ltr'><strong>Patris</strong></span> <span class='ocrx_word' id='word_1_215' title='bbox 1465 3961 1584 4017; x_wconf 88' lang='grc'><strong>982</strong></span> <span class='ocrx_word' id='word_1_216' title='bbox 1613 3977 1648 4016; x_wconf 90' lang='lat' dir='ltr'><strong>c</strong></span> <span class='ocrx_word' id='word_1_217' title='bbox 1668 3959 1726 4025; x_wconf 85' lang='lat' dir='ltr'><strong>d,</strong></span> 
     </span>
     <span class='ocr_line' id='line_1_38' title="bbox 660 4055 1727 4134; baseline -0.004 -16"><span class='ocrx_word' id='word_1_218' title='bbox 660 4061 779 4118; x_wconf 88' lang='grc'><strong>983</strong></span> <span class='ocrx_word' id='word_1_219' title='bbox 810 4079 845 4116; x_wconf 83' lang='grc' dir='ltr'>ει</span> <span class='ocrx_word' id='word_1_220' title='bbox 913 4057 1047 4134; x_wconf 85' lang='lat' dir='ltr'><strong>quia</strong></span> <span class='ocrx_word' id='word_1_221' title='bbox 1087 4075 1258 4132; x_wconf 85' lang='lat' dir='ltr'><strong>super</strong></span> <span class='ocrx_word' id='word_1_222' title='bbox 1291 4055 1507 4132; x_wconf 80' lang='lat' dir='ltr'><strong>Legem</strong></span> <span class='ocrx_word' id='word_1_223' title='bbox 1539 4059 1660 4115; x_wconf 88' lang='grc'><strong>983</strong></span> <span class='ocrx_word' id='word_1_224' title='bbox 1688 4057 1727 4114; x_wconf 87' lang='lat' dir='ltr'><strong>d</strong></span> 
     </span>
     <span class='ocr_line' id='line_1_39' title="bbox 654 4154 1728 4232; baseline 0 -17"><span class='ocrx_word' id='word_1_225' title='bbox 654 4158 769 4228; x_wconf 87' lang='lat' dir='ltr'><strong>Qui</strong></span> <span class='ocrx_word' id='word_1_226' title='bbox 832 4175 940 4214; x_wconf 85' lang='lat' dir='ltr'><strong>nos</strong></span> <span class='ocrx_word' id='word_1_227' title='bbox 1009 4175 1144 4214; x_wconf 88' lang='lat' dir='ltr'><strong>cum</strong></span> <span class='ocrx_word' id='word_1_228' title='bbox 1194 4154 1392 4231; x_wconf 86' lang='lat' dir='ltr'><strong>Seipso</strong></span> <span class='ocrx_word' id='word_1_229' title='bbox 1443 4155 1728 4232; x_wconf 71' lang='lat' dir='ltr'><strong>Pati-eque</strong></span> 
     </span>
     <span class='ocr_line' id='line_1_40' title="bbox 650 4257 1049 4313; baseline -0.003 0"><span class='ocrx_word' id='word_1_230' title='bbox 650 4257 777 4313; x_wconf 88' lang='lat' dir='ltr'><strong>unit</strong></span> <span class='ocrx_word' id='word_1_231' title='bbox 811 4257 966 4313; x_wconf 83' lang='grc'><strong>1002</strong></span> <span class='ocrx_word' id='word_1_232' title='bbox 997 4273 1049 4312; x_wconf 87' lang='lat' dir='ltr'><strong>c.</strong></span> 
     </span>
    </p>

    <p class='ocr_par' dir='ltr' id='par_1_7' title="bbox 583 4351 1729 4623">
     <span class='ocr_line' id='line_1_41' title="bbox 583 4351 1728 4429; baseline 0 -17"><span class='ocrx_word' id='word_1_233' title='bbox 583 4354 758 4412; x_wconf 84' lang='lat' dir='ltr'><strong>Filius</strong></span> <span class='ocrx_word' id='word_1_234' title='bbox 791 4353 953 4410; x_wconf 89' lang='lat' dir='ltr'><strong>Deus</strong></span> <span class='ocrx_word' id='word_1_235' title='bbox 984 4351 1173 4421; x_wconf 85' lang='lat' dir='ltr'><strong>Quem</strong></span> <span class='ocrx_word' id='word_1_236' title='bbox 1211 4352 1337 4428; x_wconf 85' lang='lat' dir='ltr'><strong>quis</strong></span> <span class='ocrx_word' id='word_1_237' title='bbox 1372 4371 1728 4429; x_wconf 80' lang='lat' dir='ltr'><strong>cognoscens</strong></span> 
     </span>
     <span class='ocr_line' id='line_1_42' title="bbox 650 4450 1728 4528; baseline 0.001 -18"><span class='ocrx_word' id='word_1_238' title='bbox 650 4451 957 4528; x_wconf 71' lang='lat' dir='ltr'><strong>cognoscit</strong></span> <span class='ocrx_word' id='word_1_239' title='bbox 1043 4459 1104 4508; x_wconf 90' lang='lat' dir='ltr'><strong>et</strong></span> <span class='ocrx_word' id='word_1_240' title='bbox 1199 4450 1426 4508; x_wconf 86' lang='lat' dir='ltr'><strong>Patrem</strong></span> <span class='ocrx_word' id='word_1_241' title='bbox 1480 4454 1638 4511; x_wconf 93' lang='grc'><strong>1010</strong></span> <span class='ocrx_word' id='word_1_242' title='bbox 1687 4452 1728 4510; x_wconf 87' lang='lat' dir='ltr'>b</span> 
     </span>
     <span class='ocr_line' id='line_1_43' title="bbox 650 4548 1729 4623; baseline 0.005 -18"><span class='ocrx_word' id='word_1_243' title='bbox 650 4549 772 4619; x_wconf 86' lang='lat' dir='ltr'><strong>Qui</strong></span> <span class='ocrx_word' id='word_1_244' title='bbox 819 4567 923 4622; x_wconf 87' lang='lat' dir='ltr'><strong>per</strong></span> <span class='ocrx_word' id='word_1_245' title='bbox 964 4549 1171 4623; x_wconf 88' lang='lat' dir='ltr'><strong>januas</strong></span> <span class='ocrx_word' id='word_1_246' title='bbox 1226 4548 1446 4607; x_wconf 85' lang='lat' dir='ltr'><strong>clausas</strong></span> <span class='ocrx_word' id='word_1_247' title='bbox 1494 4549 1729 4611; x_wconf 66' lang='lat' dir='ltr'><strong>intravit</strong></span> 
     </span>
    </p>
   </div>
   <div class='ocr_carea' id='block_1_3' title="bbox 1384 332 2167 392">
    <p class='ocr_par' dir='ltr' id='par_1_8' title="bbox 1384 332 2167 392">
     <span class='ocr_line' id='line_1_44' title="bbox 1384 332 2167 392; baseline 0.001 -2"><span class='ocrx_word' id='word_1_248' title='bbox 1384 332 1710 391; x_wconf 88' lang='lat' dir='ltr'>INDEX</span> <span class='ocrx_word' id='word_1_249' title='bbox 1798 333 2167 392; x_wconf 80' lang='lat' dir='ltr'>RERUM.</span> 
     </span>
    </p>
   </div>
   <div class='ocr_carea' id='block_1_4' title="bbox 2605 349 2999 389">
    <p class='ocr_par' dir='ltr' id='par_1_9' title="bbox 2605 349 2999 389">
     <span class='ocr_line' id='line_1_45' title="bbox 2605 349 2999 389; baseline -0.005 0"><span class='ocrx_word' id='word_1_250' title='bbox 2605 349 2805 389; x_wconf 72' lang='lat' dir='ltr'><strong>rmus</strong></span> <span class='ocrx_word' id='word_1_251' title='bbox 2836 349 2999 388; x_wconf 72' lang='lat' dir='ltr'><strong>DBUS</strong></span> 
     </span>
    </p>
   </div>
   <div class='ocr_carea' id='block_1_5' title="bbox 1826 515 2998 4528">
    <p class='ocr_par' dir='ltr' id='par_1_10' title="bbox 1899 515 2998 1380">
     <span class='ocr_line' id='line_1_46' title="bbox 1913 515 2997 591; baseline -0.003 -16"><span class='ocrx_word' id='word_1_252' title='bbox 1913 521 2065 577; x_wconf 91' lang='grc'><strong>1091</strong></span> <span class='ocrx_word' id='word_1_253' title='bbox 2090 517 2147 584; x_wconf 84' lang='lat' dir='ltr'><strong>d,</strong></span> <span class='ocrx_word' id='word_1_254' title='bbox 2171 519 2245 576; x_wconf 83' lang='lat' dir='ltr'><strong>cf.</strong></span> <span class='ocrx_word' id='word_1_255' title='bbox 2269 520 2425 576; x_wconf 91' lang='grc'><strong>1090</strong></span> <span class='ocrx_word' id='word_1_256' title='bbox 2447 517 2484 574; x_wconf 81' lang='lat' dir='ltr'>d</span> <span class='ocrx_word' id='word_1_257' title='bbox 2502 536 2536 573; x_wconf 90' lang='lat' dir='ltr'><strong>e</strong></span> <span class='ocrx_word' id='word_1_258' title='bbox 2580 525 2616 549; x_wconf 80' lang='lat'><strong>‘⁴</strong></span> <span class='ocrx_word' id='word_1_259' title='bbox 2641 516 2758 585; x_wconf 93' lang='lat' dir='ltr'><strong>Qui</strong></span> <span class='ocrx_word' id='word_1_260' title='bbox 2778 515 2997 591; x_wconf 86' lang='lat' dir='ltr'><strong>loquor</strong></span> 
     </span>
     <span class='ocr_line' id='line_1_47' title="bbox 1899 613 2990 692; baseline -0.005 -18"><span class='ocrx_word' id='word_1_261' title='bbox 1899 616 2183 692; x_wconf 79' lang='lat' dir='ltr'><strong>justitiam</strong></span> <span class='ocrx_word' id='word_1_262' title='bbox 2205 615 2241 638; x_wconf 78' lang='lat'><strong>&#39;⁸</strong></span> <span class='ocrx_word' id='word_1_263' title='bbox 2276 619 2431 674; x_wconf 90' lang='grc'><strong>1106</strong></span> <span class='ocrx_word' id='word_1_264' title='bbox 2460 633 2493 673; x_wconf 89' lang='lat' dir='ltr'><strong>e</strong></span> <span class='ocrx_word' id='word_1_265' title='bbox 2562 614 2682 685; x_wconf 85' lang='lat' dir='ltr'><strong>Qui</strong></span> <span class='ocrx_word' id='word_1_266' title='bbox 2712 613 2792 671; x_wconf 89' lang='lat' dir='ltr'><strong>D.</strong></span> <span class='ocrx_word' id='word_1_267' title='bbox 2821 614 2990 688; x_wconf 83' lang='lat' dir='ltr'><strong>Apo·</strong></span> 
     </span>
     <span class='ocr_line' id='line_1_48' title="bbox 1907 711 2992 773; baseline -0.005 -1"><span class='ocrx_word' id='word_1_268' title='bbox 1907 714 2042 773; x_wconf 85' lang='lat' dir='ltr'><strong>stoli</strong></span> <span class='ocrx_word' id='word_1_269' title='bbox 2090 714 2346 772; x_wconf 87' lang='lat' dir='ltr'><strong>Thomae</strong></span> <span class='ocrx_word' id='word_1_270' title='bbox 2399 713 2576 772; x_wconf 82' lang='lat' dir='ltr'><strong>verba</strong></span> <span class='ocrx_word' id='word_1_271' title='bbox 2633 721 2672 744; x_wconf 89' lang='lat'><strong>“</strong></span> <span class='ocrx_word' id='word_1_272' title='bbox 2695 711 2992 768; x_wconf 85' lang='lat' dir='ltr'><strong>Dominus</strong></span> 
     </span>
     <span class='ocr_line' id='line_1_49' title="bbox 1906 808 2994 885; baseline -0.005 -14"><span class='ocrx_word' id='word_1_273' title='bbox 1906 832 2071 871; x_wconf 89' lang='lat' dir='ltr'><strong>meus</strong></span> <span class='ocrx_word' id='word_1_274' title='bbox 2102 821 2163 870; x_wconf 91' lang='lat' dir='ltr'><strong>et</strong></span> <span class='ocrx_word' id='word_1_275' title='bbox 2195 814 2350 870; x_wconf 88' lang='lat' dir='ltr'><strong>Deus</strong></span> <span class='ocrx_word' id='word_1_276' title='bbox 2381 810 2586 869; x_wconf 88' lang='lat' dir='ltr'><strong>meus”</strong></span> <span class='ocrx_word' id='word_1_277' title='bbox 2616 808 2826 885; x_wconf 85' lang='lat' dir='ltr'><strong>accipit</strong></span> <span class='ocrx_word' id='word_1_278' title='bbox 2862 809 2994 866; x_wconf 85' lang='lat' dir='ltr'><strong>lau-</strong></span> 
     </span>
     <span class='ocr_line' id='line_1_50' title="bbox 1906 907 2994 987; baseline -0.005 -18"><span class='ocrx_word' id='word_1_279' title='bbox 1906 912 2119 987; x_wconf 82' lang='lat' dir='ltr'><strong>datque</strong></span> <span class='ocrx_word' id='word_1_280' title='bbox 2144 911 2357 970; x_wconf 82' lang='lat' dir='ltr'>1109d</span> <span class='ocrx_word' id='word_1_281' title='bbox 2416 909 2534 979; x_wconf 90' lang='lat' dir='ltr'><strong>Qui</strong></span> <span class='ocrx_word' id='word_1_282' title='bbox 2562 909 2644 966; x_wconf 84' lang='lat' dir='ltr'><strong>illi</strong></span> <span class='ocrx_word' id='word_1_283' title='bbox 2667 908 2783 965; x_wconf 89' lang='lat' dir='ltr'><strong>hoc</strong></span> <span class='ocrx_word' id='word_1_284' title='bbox 2808 907 2994 964; x_wconf 88' lang='lat' dir='ltr'><strong>modo</strong></span> 
     </span>
     <span class='ocr_line' id='line_1_51' title="bbox 1908 1007 2998 1068; baseline -0.006 0"><span class='ocrx_word' id='word_1_285' title='bbox 1908 1010 2165 1068; x_wconf 88' lang='lat' dir='ltr'><strong>credenti</strong></span> <span class='ocrx_word' id='word_1_286' title='bbox 2184 1008 2326 1067; x_wconf 87' lang='lat' dir='ltr'><strong>dixit</strong></span> <span class='ocrx_word' id='word_1_287' title='bbox 2347 1018 2382 1041; x_wconf 80' lang='lat'><strong>‘⁴</strong></span> <span class='ocrx_word' id='word_1_288' title='bbox 2398 1009 2619 1066; x_wconf 86' lang='lat' dir='ltr'><strong>Euntes</strong></span> <span class='ocrx_word' id='word_1_289' title='bbox 2639 1007 2848 1064; x_wconf 86' lang='lat' dir='ltr'><strong>docete</strong></span> <span class='ocrx_word' id='word_1_290' title='bbox 2869 1025 2998 1063; x_wconf 91' lang='lat' dir='ltr'><strong>om·</strong></span> 
     </span>
     <span class='ocr_line' id='line_1_52' title="bbox 1904 1104 2996 1185; baseline -0.005 -20"><span class='ocrx_word' id='word_1_291' title='bbox 1904 1127 2010 1166; x_wconf 88' lang='lat' dir='ltr'><strong>nes</strong></span> <span class='ocrx_word' id='word_1_292' title='bbox 2031 1106 2280 1185; x_wconf 82' lang='lat' dir='ltr'><strong>gentes”</strong></span> <span class='ocrx_word' id='word_1_293' title='bbox 2305 1109 2459 1165; x_wconf 91' lang='grc'><strong>1109</strong></span> <span class='ocrx_word' id='word_1_294' title='bbox 2478 1106 2518 1163; x_wconf 89' lang='lat' dir='ltr'><strong>d</strong></span> <span class='ocrx_word' id='word_1_295' title='bbox 2560 1123 2703 1162; x_wconf 83' lang='lat' dir='ltr'><strong>voce</strong></span> <span class='ocrx_word' id='word_1_296' title='bbox 2720 1104 2996 1180; x_wconf 86' lang='lat' dir='ltr'><strong>Evange-</strong></span> 
     </span>
     <span class='ocr_line' id='line_1_53' title="bbox 1906 1202 2998 1279; baseline -0.005 -15"><span class='ocrx_word' id='word_1_297' title='bbox 1906 1206 2079 1264; x_wconf 87' lang='lat' dir='ltr'><strong>listae</strong></span> <span class='ocrx_word' id='word_1_298' title='bbox 2112 1209 2264 1265; x_wconf 90' lang='lat'><strong>1111</strong></span> <span class='ocrx_word' id='word_1_299' title='bbox 2297 1205 2390 1263; x_wconf 87' lang='lat' dir='ltr'><strong>de</strong></span> <span class='ocrx_word' id='word_1_300' title='bbox 2470 1203 2661 1272; x_wconf 88' lang='lat' dir='ltr'><strong>Quem</strong></span> <span class='ocrx_word' id='word_1_301' title='bbox 2702 1202 2998 1279; x_wconf 84' lang='lat' dir='ltr'><strong>glorificat</strong></span> 
     </span>
     <span class='ocr_line' id='line_1_54' title="bbox 1909 1301 2912 1380; baseline -0.004 -17"><span class='ocrx_word' id='word_1_302' title='bbox 1909 1303 2159 1380; x_wconf 83' lang='lat' dir='ltr'><strong>Spiritus</strong></span> <span class='ocrx_word' id='word_1_303' title='bbox 2188 1303 2378 1379; x_wconf 86' lang='lat' dir='ltr'><strong>Ipsius</strong></span> <span class='ocrx_word' id='word_1_304' title='bbox 2404 1302 2471 1359; x_wconf 82' lang='lat' dir='ltr'><strong>M</strong></span> <span class='ocrx_word' id='word_1_305' title='bbox 2503 1306 2581 1361; x_wconf 89' lang='grc'><strong>64</strong></span> <span class='ocrx_word' id='word_1_306' title='bbox 2620 1302 2703 1377; x_wconf 88' lang='lat' dir='ltr'><strong>[p.</strong></span> <span class='ocrx_word' id='word_1_307' title='bbox 2725 1301 2912 1376; x_wconf 62' lang='lat'>285}</span> 
     </span>
    </p>

    <p class='ocr_par' dir='ltr' id='par_1_11' title="bbox 1826 1399 2997 2744">
     <span class='ocr_line' id='line_1_55' title="bbox 1826 1399 2997 1479; baseline -0.003 -18"><span class='ocrx_word' id='word_1_308' title='bbox 1826 1402 2003 1461; x_wconf 73' lang='lat' dir='ltr'><strong>Filius</strong></span> <span class='ocrx_word' id='word_1_309' title='bbox 2047 1403 2222 1475; x_wconf 81' lang='lat' dir='ltr'><strong>Deus,</strong></span> <span class='ocrx_word' id='word_1_310' title='bbox 2251 1421 2422 1479; x_wconf 89' lang='lat' dir='ltr'><strong>quum</strong></span> <span class='ocrx_word' id='word_1_311' title='bbox 2465 1401 2575 1459; x_wconf 87' lang='lat' dir='ltr'><strong>Dei</strong></span> <span class='ocrx_word' id='word_1_312' title='bbox 2614 1399 2884 1458; x_wconf 73' lang='lat' dir='ltr'><strong>Ecclesia</strong></span> <span class='ocrx_word' id='word_1_313' title='bbox 2921 1399 2997 1457; x_wconf 85' lang='lat' dir='ltr'><strong>ad</strong></span> 
     </span>
     <span class='ocr_line' id='line_1_56' title="bbox 1908 1497 2996 1577; baseline -0.004 -18"><span class='ocrx_word' id='word_1_314' title='bbox 1908 1501 2060 1559; x_wconf 89' lang='lat' dir='ltr'><strong>Eum</strong></span> <span class='ocrx_word' id='word_1_315' title='bbox 2116 1501 2366 1577; x_wconf 83' lang='lat' dir='ltr'><strong>pertinet</strong></span> <span class='ocrx_word' id='word_1_316' title='bbox 2418 1497 2485 1558; x_wconf 71' lang='grc' dir='ltr'><strong>Η</strong></span> <span class='ocrx_word' id='word_1_317' title='bbox 2527 1502 2606 1558; x_wconf 88' lang='grc'><strong>49</strong></span> <span class='ocrx_word' id='word_1_318' title='bbox 2660 1498 2786 1556; x_wconf 86' lang='lat' dir='ltr'><strong>init.</strong></span> <span class='ocrx_word' id='word_1_319' title='bbox 2876 1499 2996 1568; x_wconf 88' lang='lat' dir='ltr'><strong>Qui</strong></span> 
     </span>
     <span class='ocr_line' id='line_1_57' title="bbox 1907 1594 2994 1657; baseline -0.002 0"><span class='ocrx_word' id='word_1_320' title='bbox 1907 1608 2155 1657; x_wconf 89' lang='lat' dir='ltr'><strong>mortem</strong></span> <span class='ocrx_word' id='word_1_321' title='bbox 2218 1598 2572 1657; x_wconf 72' lang='lat' dir='ltr'><strong>conculcavit</strong></span> <span class='ocrx_word' id='word_1_322' title='bbox 2623 1594 2691 1653; x_wconf 72' lang='grc' dir='ltr'><strong>Π</strong></span> <span class='ocrx_word' id='word_1_323' title='bbox 2748 1600 2833 1655; x_wconf 90' lang='grc'><strong>70</strong></span> <span class='ocrx_word' id='word_1_324' title='bbox 2890 1597 2994 1656; x_wconf 85' lang='lat' dir='ltr'><strong>fin.</strong></span> 
     </span>
     <span class='ocr_line' id='line_1_58' title="bbox 1915 1693 2996 1773; baseline -0.003 -19"><span class='ocrx_word' id='word_1_325' title='bbox 1915 1695 2102 1773; x_wconf 87' lang='lat' dir='ltr'><strong>Cujus</strong></span> <span class='ocrx_word' id='word_1_326' title='bbox 2156 1715 2387 1756; x_wconf 86' lang='lat' dir='ltr'><strong>servum</strong></span> <span class='ocrx_word' id='word_1_327' title='bbox 2432 1705 2494 1754; x_wconf 92' lang='lat' dir='ltr'><strong>et</strong></span> <span class='ocrx_word' id='word_1_328' title='bbox 2535 1693 2891 1770; x_wconf 72' lang='lat' dir='ltr'><strong>Apostolum</strong></span> <span class='ocrx_word' id='word_1_329' title='bbox 2933 1713 2996 1752; x_wconf 82' lang='lat' dir='ltr'><strong>se</strong></span> 
     </span>
     <span class='ocr_line' id='line_1_59' title="bbox 1913 1792 2994 1868; baseline -0.006 -11"><span class='ocrx_word' id='word_1_330' title='bbox 1913 1799 2172 1857; x_wconf 86' lang='lat' dir='ltr'><strong>nominat</strong></span> <span class='ocrx_word' id='word_1_331' title='bbox 2212 1794 2427 1853; x_wconf 84' lang='lat' dir='ltr'><strong>Paulus</strong></span> <span class='ocrx_word' id='word_1_332' title='bbox 2468 1794 2535 1851; x_wconf 82' lang='lat' dir='ltr'><strong>M</strong></span> <span class='ocrx_word' id='word_1_333' title='bbox 2579 1796 2658 1851; x_wconf 92' lang='grc'><strong>83</strong></span> <span class='ocrx_word' id='word_1_334' title='bbox 2716 1792 2861 1868; x_wconf 86' lang='lat' dir='ltr'><strong>quia</strong></span> <span class='ocrx_word' id='word_1_335' title='bbox 2899 1812 2994 1851; x_wconf 90' lang='lat' dir='ltr'><strong>ec-</strong></span> 
     </span>
     <span class='ocr_line' id='line_1_60' title="bbox 1908 1891 2992 1970; baseline -0.006 -15"><span class='ocrx_word' id='word_1_336' title='bbox 1908 1895 2102 1961; x_wconf 83' lang='lat' dir='ltr'><strong>clesia,</strong></span> <span class='ocrx_word' id='word_1_337' title='bbox 2132 1912 2275 1970; x_wconf 84' lang='lat' dir='ltr'><strong>quae</strong></span> <span class='ocrx_word' id='word_1_338' title='bbox 2303 1892 2523 1950; x_wconf 76' lang='lat' dir='ltr'><strong>Christi</strong></span> <span class='ocrx_word' id='word_1_339' title='bbox 2547 1901 2638 1949; x_wconf 85' lang='lat' dir='ltr'><strong>est</strong></span> <span class='ocrx_word' id='word_1_340' title='bbox 2664 1899 2756 1948; x_wconf 79' lang='lat' dir='ltr'><strong>est</strong></span> <span class='ocrx_word' id='word_1_341' title='bbox 2788 1900 2853 1949; x_wconf 91' lang='lat' dir='ltr'><strong>et</strong></span> <span class='ocrx_word' id='word_1_342' title='bbox 2882 1891 2992 1949; x_wconf 90' lang='lat' dir='ltr'><strong>Dei</strong></span> 
     </span>
     <span class='ocr_line' id='line_1_61' title="bbox 1908 1990 2993 2067; baseline -0.007 -13"><span class='ocrx_word' id='word_1_343' title='bbox 1908 1994 1975 2053; x_wconf 79' lang='lat' dir='ltr'>M</span> <span class='ocrx_word' id='word_1_344' title='bbox 1995 1996 2074 2052; x_wconf 93' lang='grc'><strong>83</strong></span> <span class='ocrx_word' id='word_1_345' title='bbox 2096 1994 2193 2050; x_wconf 85' lang='lat' dir='ltr'><strong>fin.</strong></span> <span class='ocrx_word' id='word_1_346' title='bbox 2244 1991 2375 2067; x_wconf 87' lang='lat' dir='ltr'><strong>quia</strong></span> <span class='ocrx_word' id='word_1_347' title='bbox 2400 1990 2643 2066; x_wconf 75' lang='lat' dir='ltr'><strong>gratiam</strong></span> <span class='ocrx_word' id='word_1_348' title='bbox 2670 2008 2993 2065; x_wconf 84' lang='lat' dir='ltr'><strong>pacemque</strong></span> 
     </span>
     <span class='ocr_line' id='line_1_62' title="bbox 1908 2088 2992 2164; baseline -0.006 -13"><span class='ocrx_word' id='word_1_349' title='bbox 1908 2094 2009 2151; x_wconf 87' lang='lat' dir='ltr'><strong>dat</strong></span> <span class='ocrx_word' id='word_1_350' title='bbox 2044 2110 2163 2149; x_wconf 94' lang='lat' dir='ltr'><strong>non</strong></span> <span class='ocrx_word' id='word_1_351' title='bbox 2199 2090 2385 2148; x_wconf 89' lang='lat' dir='ltr'><strong>solum</strong></span> <span class='ocrx_word' id='word_1_352' title='bbox 2416 2089 2586 2146; x_wconf 87' lang='lat' dir='ltr'><strong>Pater</strong></span> <span class='ocrx_word' id='word_1_353' title='bbox 2620 2088 2725 2146; x_wconf 85' lang='lat' dir='ltr'><strong>sed</strong></span> <span class='ocrx_word' id='word_1_354' title='bbox 2764 2097 2829 2146; x_wconf 91' lang='lat' dir='ltr'><strong>et</strong></span> <span class='ocrx_word' id='word_1_355' title='bbox 2857 2088 2992 2164; x_wconf 82' lang='lat' dir='ltr'><strong>Ipse</strong></span> 
     </span>
     <span class='ocr_line' id='line_1_63' title="bbox 1907 2185 2990 2263; baseline -0.007 -11"><span class='ocrx_word' id='word_1_356' title='bbox 1907 2190 1977 2252; x_wconf 76' lang='grc' dir='ltr'><strong>Μ</strong></span> <span class='ocrx_word' id='word_1_357' title='bbox 2019 2193 2096 2249; x_wconf 89' lang='grc'><strong>83</strong></span> <span class='ocrx_word' id='word_1_358' title='bbox 2135 2191 2255 2258; x_wconf 64' lang='lat' dir='ltr'><strong>fin„</strong></span> <span class='ocrx_word' id='word_1_359' title='bbox 2311 2190 2390 2246; x_wconf 88' lang='grc'><strong>84</strong></span> <span class='ocrx_word' id='word_1_360' title='bbox 2460 2186 2597 2262; x_wconf 84' lang='lat' dir='ltr'><strong>quia</strong></span> <span class='ocrx_word' id='word_1_361' title='bbox 2646 2186 2711 2243; x_wconf 89' lang='lat' dir='ltr'><strong>in</strong></span> <span class='ocrx_word' id='word_1_362' title='bbox 2766 2185 2990 2263; x_wconf 86' lang='lat' dir='ltr'><strong>Spiritu</strong></span> 
     </span>
     <span class='ocr_line' id='line_1_64' title="bbox 1911 2282 2987 2349; baseline -0.006 0"><span class='ocrx_word' id='word_1_363' title='bbox 1911 2289 2128 2349; x_wconf 86' lang='lat' dir='ltr'><strong>Sancto</strong></span> <span class='ocrx_word' id='word_1_364' title='bbox 2144 2287 2388 2345; x_wconf 82' lang='lat' dir='ltr'><strong>dicimus</strong></span> <span class='ocrx_word' id='word_1_365' title='bbox 2417 2284 2747 2342; x_wconf 84' lang='lat' dir='ltr'><strong>“Dominus</strong></span> <span class='ocrx_word' id='word_1_366' title='bbox 2763 2282 2987 2343; x_wconf 80' lang='lat' dir='ltr'><strong>Jesus”</strong></span> 
     </span>
     <span class='ocr_line' id='line_1_65' title="bbox 1909 2383 2992 2461; baseline -0.006 -14"><span class='ocrx_word' id='word_1_367' title='bbox 1909 2387 1976 2446; x_wconf 75' lang='lat' dir='ltr'>M</span> <span class='ocrx_word' id='word_1_368' title='bbox 2009 2392 2087 2447; x_wconf 88' lang='grc'><strong>84</strong></span> <span class='ocrx_word' id='word_1_369' title='bbox 2125 2387 2271 2461; x_wconf 79' lang='lat' dir='ltr'><strong>[vide</strong></span> <span class='ocrx_word' id='word_1_370' title='bbox 2296 2393 2355 2444; x_wconf 88' lang='lat' dir='ltr'><strong>et</strong></span> <span class='ocrx_word' id='word_1_371' title='bbox 2387 2388 2417 2443; x_wconf 94' lang='lat'>1</span> <span class='ocrx_word' id='word_1_372' title='bbox 2451 2384 2585 2441; x_wconf 90' lang='lat' dir='ltr'><strong>Cor.</strong></span> <span class='ocrx_word' id='word_1_373' title='bbox 2615 2383 2710 2441; x_wconf 80' lang='lat' dir='ltr'><strong>xii.</strong></span> <span class='ocrx_word' id='word_1_374' title='bbox 2741 2387 2779 2441; x_wconf 87' lang='grc'><strong>3</strong></span> <span class='ocrx_word' id='word_1_375' title='bbox 2812 2383 2873 2441; x_wconf 86' lang='grc' dir='ltr'><strong>ἰιι</strong></span> <span class='ocrx_word' id='word_1_376' title='bbox 2903 2384 2992 2441; x_wconf 91' lang='lat' dir='ltr'><strong>in·</strong></span> 
     </span>
     <span class='ocr_line' id='line_1_66' title="bbox 1909 2481 2991 2558; baseline -0.007 -13"><span class='ocrx_word' id='word_1_377' title='bbox 1909 2488 2036 2545; x_wconf 81' lang='lat' dir='ltr'><strong>dice</strong></span> <span class='ocrx_word' id='word_1_378' title='bbox 2055 2487 2315 2545; x_wconf 87' lang='lat' dir='ltr'><strong>locorum</strong></span> <span class='ocrx_word' id='word_1_379' title='bbox 2333 2481 2808 2558; x_wconf 88' lang='lat' dir='ltr'><strong>SS.Scripturae]</strong></span> <span class='ocrx_word' id='word_1_380' title='bbox 2858 2482 2991 2557; x_wconf 88' lang='lat' dir='ltr'><strong>quia</strong></span> 
     </span>
     <span class='ocr_line' id='line_1_67' title="bbox 1907 2579 2986 2660; baseline -0.004 -16"><span class='ocrx_word' id='word_1_381' title='bbox 1907 2588 2199 2645; x_wconf 89' lang='lat' dir='ltr'><strong>bonorum</strong></span> <span class='ocrx_word' id='word_1_382' title='bbox 2240 2582 2513 2660; x_wconf 79' lang='lat' dir='ltr'><strong>Largitor</strong></span> <span class='ocrx_word' id='word_1_383' title='bbox 2552 2589 2613 2640; x_wconf 90' lang='lat' dir='ltr'><strong>et</strong></span> <span class='ocrx_word' id='word_1_384' title='bbox 2646 2580 2783 2657; x_wconf 82' lang='lat' dir='ltr'><strong>Ipse</strong></span> <span class='ocrx_word' id='word_1_385' title='bbox 2812 2579 2880 2639; x_wconf 71' lang='grc' dir='ltr'><strong>Π</strong></span> <span class='ocrx_word' id='word_1_386' title='bbox 2912 2585 2986 2640; x_wconf 89' lang='grc'><strong>85</strong></span> 
     </span>
     <span class='ocr_line' id='line_1_68' title="bbox 1908 2686 2033 2744; baseline 0.008 -1"><span class='ocrx_word' id='word_1_387' title='bbox 1908 2686 2033 2744; x_wconf 87' lang='lat' dir='ltr'><strong>init.</strong></span> 
     </span>
    </p>

    <p class='ocr_par' dir='ltr' id='par_1_12' title="bbox 1828 2778 2989 3823">
     <span class='ocr_line' id='line_1_69' title="bbox 1828 2778 2989 2856; baseline -0.007 -12"><span class='ocrx_word' id='word_1_388' title='bbox 1828 2785 2003 2844; x_wconf 86' lang='lat' dir='ltr'><strong>Filius</strong></span> <span class='ocrx_word' id='word_1_389' title='bbox 2028 2784 2206 2852; x_wconf 87' lang='lat' dir='ltr'><strong>Deus,</strong></span> <span class='ocrx_word' id='word_1_390' title='bbox 2234 2781 2352 2853; x_wconf 90' lang='lat' dir='ltr'><strong>Qui</strong></span> <span class='ocrx_word' id='word_1_391' title='bbox 2396 2780 2612 2856; x_wconf 88' lang='lat' dir='ltr'><strong>Spiritu</strong></span> <span class='ocrx_word' id='word_1_392' title='bbox 2650 2778 2844 2854; x_wconf 87' lang='lat' dir='ltr'><strong>Ipsius</strong></span> <span class='ocrx_word' id='word_1_393' title='bbox 2881 2779 2989 2837; x_wconf 87' lang='lat' dir='ltr'><strong>Pa·</strong></span> 
     </span>
     <span class='ocr_line' id='line_1_70' title="bbox 1907 2878 2989 2958; baseline -0.003 -19"><span class='ocrx_word' id='word_1_394' title='bbox 1907 2883 2123 2958; x_wconf 89' lang='lat' dir='ltr'><strong>trisque</strong></span> <span class='ocrx_word' id='word_1_395' title='bbox 2192 2881 2462 2957; x_wconf 72' lang='lat' dir='ltr'><strong>obsignat</strong></span> <span class='ocrx_word' id='word_1_396' title='bbox 2516 2878 2585 2935; x_wconf 84' lang='lat' dir='ltr'>M</span> <span class='ocrx_word' id='word_1_397' title='bbox 2641 2880 2723 2937; x_wconf 90' lang='grc'><strong>86</strong></span> <span class='ocrx_word' id='word_1_398' title='bbox 2832 2879 2989 2954; x_wconf 87' lang='lat' dir='ltr'><strong>apud</strong></span> 
     </span>
     <span class='ocr_line' id='line_1_71' title="bbox 1910 2976 2988 3053; baseline -0.005 -15"><span class='ocrx_word' id='word_1_399' title='bbox 1910 2981 2103 3051; x_wconf 86' lang='lat' dir='ltr'><strong>Quem</strong></span> <span class='ocrx_word' id='word_1_400' title='bbox 2156 2978 2404 3045; x_wconf 85' lang='lat' dir='ltr'><strong>formati,</strong></span> <span class='ocrx_word' id='word_1_401' title='bbox 2451 2977 2773 3053; x_wconf 81' lang='lat' dir='ltr'><strong>Imaginem</strong></span> <span class='ocrx_word' id='word_1_402' title='bbox 2822 2976 2988 3034; x_wconf 80' lang='lat' dir='ltr'><strong>Divi-</strong></span> 
     </span>
     <span class='ocr_line' id='line_1_72' title="bbox 1908 3075 2989 3154; baseline -0.005 -18"><span class='ocrx_word' id='word_1_403' title='bbox 1908 3098 2041 3136; x_wconf 89' lang='lat' dir='ltr'><strong>nam</strong></span> <span class='ocrx_word' id='word_1_404' title='bbox 2075 3076 2328 3154; x_wconf 83' lang='lat' dir='ltr'><strong>potimur</strong></span> <span class='ocrx_word' id='word_1_405' title='bbox 2354 3075 2420 3133; x_wconf 87' lang='lat' dir='ltr'>M</span> <span class='ocrx_word' id='word_1_406' title='bbox 2442 3078 2521 3134; x_wconf 83' lang='lat'><strong>86</strong></span> <span class='ocrx_word' id='word_1_407' title='bbox 2544 3076 2641 3132; x_wconf 89' lang='lat' dir='ltr'><strong>fin.</strong></span> <span class='ocrx_word' id='word_1_408' title='bbox 2692 3078 2727 3108; x_wconf 85' lang='lat'>“</span> <span class='ocrx_word' id='word_1_409' title='bbox 2744 3075 2989 3133; x_wconf 89' lang='lat' dir='ltr'><strong>odorem</strong></span> 
     </span>
     <span class='ocr_line' id='line_1_73' title="bbox 1910 3172 2987 3253; baseline -0.006 -17"><span class='ocrx_word' id='word_1_410' title='bbox 1910 3175 2092 3253; x_wconf 87' lang='lat' dir='ltr'><strong>Cujus</strong></span> <span class='ocrx_word' id='word_1_411' title='bbox 2119 3174 2356 3233; x_wconf 88' lang='lat' dir='ltr'><strong>notitiae</strong></span> <span class='ocrx_word' id='word_1_412' title='bbox 2383 3174 2442 3231; x_wconf 88' lang='lat' dir='ltr'><strong>in</strong></span> <span class='ocrx_word' id='word_1_413' title='bbox 2470 3172 2626 3231; x_wconf 90' lang='lat' dir='ltr'><strong>omni</strong></span> <span class='ocrx_word' id='word_1_414' title='bbox 2645 3172 2778 3230; x_wconf 89' lang='lat' dir='ltr'><strong>loco</strong></span> <span class='ocrx_word' id='word_1_415' title='bbox 2798 3172 2987 3231; x_wconf 88' lang='lat' dir='ltr'><strong>mani-</strong></span> 
     </span>
     <span class='ocr_line' id='line_1_74' title="bbox 1909 3268 2983 3347; baseline -0.003 -14"><span class='ocrx_word' id='word_1_416' title='bbox 1909 3271 2319 3333; x_wconf 77' lang='lat' dir='ltr'><strong>festaverunt&#39;&#39;</strong></span> <span class='ocrx_word' id='word_1_417' title='bbox 2368 3270 2635 3347; x_wconf 76' lang='lat' dir='ltr'><strong>Apostoli</strong></span> <span class='ocrx_word' id='word_1_418' title='bbox 2662 3268 2729 3329; x_wconf 72' lang='grc' dir='ltr'><strong>Η</strong></span> <span class='ocrx_word' id='word_1_419' title='bbox 2760 3274 2858 3344; x_wconf 88' lang='grc'><strong>87,</strong></span> <span class='ocrx_word' id='word_1_420' title='bbox 2908 3273 2983 3330; x_wconf 87' lang='grc'><strong>88</strong></span> 
     </span>
     <span class='ocr_line' id='line_1_75' title="bbox 1912 3370 2988 3449; baseline -0.001 -20"><span class='ocrx_word' id='word_1_421' title='bbox 1912 3373 2035 3449; x_wconf 88' lang='lat' dir='ltr'><strong>[pp.</strong></span> <span class='ocrx_word' id='word_1_422' title='bbox 2057 3375 2194 3438; x_wconf 86' lang='grc'><strong>328,</strong></span> <span class='ocrx_word' id='word_1_423' title='bbox 2221 3372 2368 3446; x_wconf 89' lang='grc'><strong>329]</strong></span> <span class='ocrx_word' id='word_1_424' title='bbox 2393 3389 2469 3428; x_wconf 90' lang='lat' dir='ltr'><strong>ne</strong></span> <span class='ocrx_word' id='word_1_425' title='bbox 2487 3389 2595 3427; x_wconf 89' lang='lat' dir='ltr'><strong>nos</strong></span> <span class='ocrx_word' id='word_1_426' title='bbox 2614 3370 2773 3446; x_wconf 78' lang='lat' dir='ltr'><strong>ipsos</strong></span> <span class='ocrx_word' id='word_1_427' title='bbox 2800 3371 2988 3428; x_wconf 78' lang='lat' dir='ltr'><strong>salve·</strong></span> 
     </span>
     <span class='ocr_line' id='line_1_76' title="bbox 1907 3467 2979 3544; baseline -0.002 -16"><span class='ocrx_word' id='word_1_428' title='bbox 1907 3489 2040 3528; x_wconf 88' lang='lat' dir='ltr'><strong>mur</strong></span> <span class='ocrx_word' id='word_1_429' title='bbox 2081 3469 2160 3529; x_wconf 87' lang='lat' dir='ltr'><strong>iii.</strong></span> <span class='ocrx_word' id='word_1_430' title='bbox 2198 3472 2312 3528; x_wconf 86' lang='grc'><strong>391</strong></span> <span class='ocrx_word' id='word_1_431' title='bbox 2387 3468 2505 3538; x_wconf 89' lang='lat' dir='ltr'><strong>Qui</strong></span> <span class='ocrx_word' id='word_1_432' title='bbox 2547 3467 2852 3544; x_wconf 83' lang='lat' dir='ltr'><strong>unicuique</strong></span> <span class='ocrx_word' id='word_1_433' title='bbox 2894 3487 2979 3526; x_wconf 81' lang='lat' dir='ltr'><strong>se-</strong></span> 
     </span>
     <span class='ocr_line' id='line_1_77' title="bbox 1909 3565 2983 3644; baseline -0.002 -17"><span class='ocrx_word' id='word_1_434' title='bbox 1909 3569 2159 3627; x_wconf 87' lang='lat' dir='ltr'><strong>cundum</strong></span> <span class='ocrx_word' id='word_1_435' title='bbox 2208 3585 2386 3644; x_wconf 84' lang='lat' dir='ltr'><strong>opera</strong></span> <span class='ocrx_word' id='word_1_436' title='bbox 2431 3565 2698 3624; x_wconf 89' lang='lat' dir='ltr'><strong>retribuit</strong></span> <span class='ocrx_word' id='word_1_437' title='bbox 2742 3566 2819 3624; x_wconf 87' lang='lat' dir='ltr'><strong>iii.</strong></span> <span class='ocrx_word' id='word_1_438' title='bbox 2866 3570 2983 3625; x_wconf 86' lang='grc'><strong>419</strong></span> 
     </span>
     <span class='ocr_line' id='line_1_78' title="bbox 1910 3664 2984 3743; baseline -0.002 -18"><span class='ocrx_word' id='word_1_439' title='bbox 1910 3666 2364 3743; x_wconf 87' lang='lat' dir='ltr'><strong>quiaCharacter</strong></span> <span class='ocrx_word' id='word_1_440' title='bbox 2374 3664 2672 3731; x_wconf 85' lang='lat' dir='ltr'><strong>DeiDeus‚</strong></span> <span class='ocrx_word' id='word_1_441' title='bbox 2691 3674 2984 3723; x_wconf 85' lang='lat' dir='ltr'><strong>creaturae</strong></span> 
     </span>
     <span class='ocr_line' id='line_1_79' title="bbox 1908 3763 2441 3823; baseline 0 0"><span class='ocrx_word' id='word_1_442' title='bbox 1908 3773 2167 3823; x_wconf 68' lang='lat' dir='ltr'><strong>creatura</strong></span> <span class='ocrx_word' id='word_1_443' title='bbox 2192 3763 2270 3821; x_wconf 90' lang='lat' dir='ltr'><strong>iii.</strong></span> <span class='ocrx_word' id='word_1_444' title='bbox 2301 3765 2441 3823; x_wconf 88' lang='grc'><strong>462.</strong></span> 
     </span>
    </p>

    <p class='ocr_par' dir='ltr' id='par_1_13' title="bbox 1833 3851 2984 4528">
     <span class='ocr_line' id='line_1_80' title="bbox 1833 3851 2983 3926; baseline -0.003 -5"><span class='ocrx_word' id='word_1_445' title='bbox 1833 3863 1959 3921; x_wconf 84' lang='lat' dir='ltr'><strong>Filii</strong></span> <span class='ocrx_word' id='word_1_446' title='bbox 1985 3851 2107 3920; x_wconf 85' lang='lat' dir='ltr'><strong>Dei</strong></span> <span class='ocrx_word' id='word_1_447' title='bbox 2130 3881 2166 3919; x_wconf 94' lang='lat' dir='ltr'><strong>a</strong></span> <span class='ocrx_word' id='word_1_448' title='bbox 2192 3861 2337 3919; x_wconf 87' lang='lat' dir='ltr'><strong>Filio</strong></span> <span class='ocrx_word' id='word_1_449' title='bbox 2377 3860 2531 3926; x_wconf 85' lang='lat' dir='ltr'><strong>facti,</strong></span> <span class='ocrx_word' id='word_1_450' title='bbox 2559 3860 2839 3919; x_wconf 84' lang='lat' dir='ltr'><strong>vilitatem</strong></span> <span class='ocrx_word' id='word_1_451' title='bbox 2880 3879 2983 3918; x_wconf 92' lang='lat' dir='ltr'><strong>no-</strong></span> 
     </span>
     <span class='ocr_line' id='line_1_81' title="bbox 1912 3958 2984 4034; baseline -0.003 -15"><span class='ocrx_word' id='word_1_452' title='bbox 1912 3969 2089 4019; x_wconf 84' lang='lat' dir='ltr'><strong>stram</strong></span> <span class='ocrx_word' id='word_1_453' title='bbox 2130 3959 2408 4032; x_wconf 75' lang='lat' dir='ltr'><strong>exuimus,</strong></span> <span class='ocrx_word' id='word_1_454' title='bbox 2438 3959 2625 4034; x_wconf 82' lang='lat' dir='ltr'><strong>gratia</strong></span> <span class='ocrx_word' id='word_1_455' title='bbox 2658 3958 2821 4017; x_wconf 86' lang='lat' dir='ltr'><strong>Illius</strong></span> <span class='ocrx_word' id='word_1_456' title='bbox 2856 3968 2984 4017; x_wconf 87' lang='lat' dir='ltr'><strong>tan-</strong></span> 
     </span>
     <span class='ocr_line' id='line_1_82' title="bbox 1911 4056 2983 4136; baseline -0.004 -17"><span class='ocrx_word' id='word_1_457' title='bbox 1911 4078 2082 4136; x_wconf 85' lang='lat' dir='ltr'><strong>quam</strong></span> <span class='ocrx_word' id='word_1_458' title='bbox 2120 4066 2281 4116; x_wconf 81' lang='lat' dir='ltr'><strong>veste</strong></span> <span class='ocrx_word' id='word_1_459' title='bbox 2326 4056 2624 4133; x_wconf 85' lang='lat' dir='ltr'><strong>splendida</strong></span> <span class='ocrx_word' id='word_1_460' title='bbox 2665 4058 2871 4130; x_wconf 87' lang='lat' dir='ltr'><strong>ornati,</strong></span> <span class='ocrx_word' id='word_1_461' title='bbox 2908 4058 2983 4117; x_wconf 87' lang='lat' dir='ltr'><strong>ad</strong></span> 
     </span>
     <span class='ocr_line' id='line_1_83' title="bbox 1912 4155 2982 4233; baseline -0.001 -18"><span class='ocrx_word' id='word_1_462' title='bbox 1912 4155 2398 4233; x_wconf 82' lang='lat' dir='ltr'><strong>supernaturalem</strong></span> <span class='ocrx_word' id='word_1_463' title='bbox 2452 4155 2793 4231; x_wconf 78' lang='lat' dir='ltr'><strong>dignitatem</strong></span> <span class='ocrx_word' id='word_1_464' title='bbox 2848 4175 2982 4214; x_wconf 89' lang='lat' dir='ltr'><strong>con-</strong></span> 
     </span>
     <span class='ocr_line' id='line_1_84' title="bbox 1913 4255 2983 4330; baseline -0.003 -14"><span class='ocrx_word' id='word_1_465' title='bbox 1913 4256 2236 4316; x_wconf 87' lang='lat' dir='ltr'><strong>scendimus</strong></span> <span class='ocrx_word' id='word_1_466' title='bbox 2263 4259 2401 4315; x_wconf 64' lang='lat'><strong>92⁸</strong></span> <span class='ocrx_word' id='word_1_467' title='bbox 2453 4255 2607 4330; x_wconf 88' lang='lat' dir='ltr'><strong>quod</strong></span> <span class='ocrx_word' id='word_1_468' title='bbox 2633 4255 2706 4312; x_wconf 86' lang='lat' dir='ltr'><strong>ad</strong></span> <span class='ocrx_word' id='word_1_469' title='bbox 2732 4256 2983 4314; x_wconf 81' lang='lat' dir='ltr'><strong>Judaeos</strong></span> 
     </span>
     <span class='ocr_line' id='line_1_85' title="bbox 1911 4352 2984 4420; baseline -0.003 -6"><span class='ocrx_word' id='word_1_470' title='bbox 1911 4355 2146 4414; x_wconf 85' lang='lat' dir='ltr'><strong>umbrae</strong></span> <span class='ocrx_word' id='word_1_471' title='bbox 2187 4373 2345 4412; x_wconf 92' lang='lat' dir='ltr'><strong>more</strong></span> <span class='ocrx_word' id='word_1_472' title='bbox 2381 4354 2575 4412; x_wconf 83' lang='lat' dir='ltr'><strong>datum</strong></span> <span class='ocrx_word' id='word_1_473' title='bbox 2610 4361 2717 4420; x_wconf 82' lang='lat' dir='ltr'><strong>est,</strong></span> <span class='ocrx_word' id='word_1_474' title='bbox 2746 4354 2807 4411; x_wconf 85' lang='lat' dir='ltr'><strong>id</strong></span> <span class='ocrx_word' id='word_1_475' title='bbox 2834 4352 2984 4411; x_wconf 83' lang='lat' dir='ltr'><strong>veri-</strong></span> 
     </span>
     <span class='ocr_line' id='line_1_86' title="bbox 1910 4451 2978 4528; baseline -0.003 -16"><span class='ocrx_word' id='word_1_476' title='bbox 1910 4462 2029 4512; x_wconf 87' lang='lat' dir='ltr'><strong>tate</strong></span> <span class='ocrx_word' id='word_1_477' title='bbox 2077 4453 2243 4511; x_wconf 83' lang='lat' dir='ltr'><strong>nobis</strong></span> <span class='ocrx_word' id='word_1_478' title='bbox 2284 4471 2389 4528; x_wconf 85' lang='lat' dir='ltr'><strong>per</strong></span> <span class='ocrx_word' id='word_1_479' title='bbox 2428 4452 2556 4509; x_wconf 82' lang='lat' dir='ltr'><strong>Filii</strong></span> <span class='ocrx_word' id='word_1_480' title='bbox 2587 4451 2865 4528; x_wconf 87' lang='lat' dir='ltr'><strong>Spiritum</strong></span> <span class='ocrx_word' id='word_1_481' title='bbox 2901 4452 2978 4509; x_wconf 81' lang='lat'><strong>92</strong></span> 
     </span>
    </p>
   </div>
   <div class='ocr_carea' id='block_1_6' title="bbox 1913 4547 2981 4630">
    <p class='ocr_par' dir='ltr' id='par_1_14' title="bbox 1913 4547 2981 4630">
     <span class='ocr_line' id='line_1_87' title="bbox 1913 4547 2981 4630; baseline -0.004 -20"><span class='ocrx_word' id='word_1_482' title='bbox 1913 4552 2002 4610; x_wconf 91' lang='lat' dir='ltr'><strong>de</strong></span> <span class='ocrx_word' id='word_1_483' title='bbox 2054 4551 2306 4627; x_wconf 85' lang='lat' dir='ltr'><strong>perFilii</strong></span> <span class='ocrx_word' id='word_1_484' title='bbox 2333 4549 2820 4630; x_wconf 84' lang='lat' dir='ltr'><strong>participationem</strong></span> <span class='ocrx_word' id='word_1_485' title='bbox 2846 4547 2981 4609; x_wconf 75' lang='lat'><strong>931&gt;</strong></span> 
     </span>
    </p>
   </div>
  </div>
 </body>
</html>
