3269 5166
258 332 537 419 xvii.25.
640 331 757 398 IN
822 333 891 399 S.
933 332 1451 398 JOANNEM.
1545 332 1736 398 LIB.
1786 332 1906 398 XI.
1997 332 2204 398 CAP.
2235 332 2395 398 XII.
2574 333 2653 398 11

262 500 524 605 κόσμον
557 502 769 606 φησί,
806 499 1161 591 τουτέστι,
1198 499 1363 585 τοὺς
1410 499 2015 602 ἀντιπράττοντας
2059 500 2174 580 ἐπὶ
2222 504 2328 605 τῷ
2379 498 2546 605 θείῳ
2581 530 2658 578 τε

258 628 374 704 καὶ
431 626 877 733 εὐαγγελικῷ
934 625 1362 730 κηρύγματι,
1424 623 1541 706 διὰ
1596 625 1683 706 τὸ
1749 630 2040 731 φρονεῖν
2093 622 2187 704 τὰ
2245 626 2320 703 ἐν
2379 622 2658 730 κόσμῳ,

259 750 533 830 δίκαιον
595 748 771 830 ὄντα
823 747 926 850 μὴ
984 756 1237 850 μαθεῖν
1290 748 1420 830 τὸν
1486 747 1803 851 Πατέρα·
1867 747 2362 854 “τετυ’φλωκε
2395 781 2557 899 γαρ
2615 749 2657 827 ὃ
2747 748 2909 875 202¹·-

258 884 306 921 “
341 871 505 958 θεὸς
552 881 683 955 τοῦ
731 880 986 959 αἰῶνος
1044 873 1300 955 τούτου
1353 872 1446 955 τὰ
1492 873 1816 974 νοήματα
1863 879 2010 953 τῶν
2046 873 2435 971 ἀπίστων,”
2482 876 2580 958 ὡς
2615 908 2662 952 ο

189 1030 229 1091 5
260 997 564 1083 Παῦλός
629 1005 996 1106 φησιν,“
1029 1003 1128 1084 εἰς
1185 1033 1271 1080 το
1335 998 1437 1099 μὴ
1501 998 1825 1100 αὐγάσαι
1889 994 2017 1077 τὸν
2081 998 2466 1106 φωτισμὸν
2530 1006 2662 1079 τοῦ

255 1133 301 1170 “
335 1123 762 1225 εὐαγγελίου
796 1127 927 1223 τῆς
963 1122 1178 1232 δόξης
1212 1132 1340 1205 τοῦ
1376 1119 1772 1228 Χριστοῦ·”
1834 1129 1984 1207 τοῖς
2020 1120 2244 1226 γεμὴν
2279 1123 2658 1229 σφετέροις

252 1245 798 1351 ἐπεμαρτύρησε
853 1253 1228 1349 μαθηταῖς,
1266 1250 1363 1332 ὡς
1411 1245 1639 1327 εἰδόσι
1682 1280 1760 1326 τε
1816 1281 1931 1328 και
1987 1243 2385 1347 ἐγνωκόσιν
2419 1245 2655 1345 αὐτον,
2680 1274 2990 1332 a1008A.

253 1369 600 1474 λαμπρὸν
643 1377 761 1453 καὶ
803 1371 1289 1487 ἀξιοζήλωτον
1344 1374 1479 1453 κάν
1532 1371 1763 1480 τούτῳ
1815 1369 2044 1452 πάλιν
2098 1370 2336 1455 αὐτοῖς
2385 1405 2656 1476 περιτι-

258 1498 403 1579 θεὶς
455 1496 541 1577 τὸ
593 1497 899 1605 ἀξίωμα.
968 1498 1118 1579 ἅνω
1154 1494 1298 1602 γὰρ
1333 1494 1578 1598 πάσης
1623 1498 1975 1596 κοσμικῆς
2012 1492 2511 1597 ταπεινότητος
2544 1499 2661 1577 καὶ

153 1663 233 1704 ιο
258 1623 866 1725 σμικροπρεπείας
939 1619 1324 1726 γεγονότας
1399 1620 1803 1728 ἀποφαίνει,
1863 1618 1979 1700 διὰ
2050 1617 2137 1699 τὸ
2209 1618 2462 1700 εἰδέναι
2532 1620 2661 1701 τὸν

258 1744 579 1848 Πατέρα,
628 1750 855 1847 δῆλον
909 1746 984 1827 δὲ
1043 1745 1275 1846 δήπου
1324 1749 1439 1826 καὶ
1487 1743 2067 1848 ὡμολογημένον,
2111 1742 2223 1824 ὅτι
2269 1744 2387 1824 καὶ
2443 1743 2660 1825 αὑτὸν

256 1866 388 1950 τὸν
441 1869 646 1951 Υἰόν.
745 1870 862 1952 ὅτε
926 1872 1165 1952 τοίνυν
1230 1877 1723 1973 κατηγορεῖται
1779 1867 1909 1969 μέν
1965 1880 1996 1951 ὁ
2059 1870 2336 1975 κόσμος,
2401 1871 2498 1953 ὡς
2557 1869 2659 1970 μὴ

256 1993 459 2080 εἰδὼς
505 1995 632 2077 τὸν
671 1996 983 2100 Πατερα,
1020 1996 1372 2093 τουτέστι,
1407 1992 1536 2075 τὸν
1579 1998 1819 2095 ἀληθῆ
1876 2027 1953 2075 τε
2007 1997 2124 2076 καὶ
2179 1994 2402 2100 φύσει
2437 1995 2653 2074 Θεόν·

255 2119 832 2224 μεμαρτύρηνται
884 2119 1114 2222 γεμὴν
1160 2123 1257 2204 ὡς
1303 2117 1563 2205 εἰδότες
1600 2124 1669 2200 οἱ
1715 2118 2051 2219 μαθηταί·
2117 2126 2271 2205 πῶς
2324 2120 2407 2199 οὐ
2442 2120 2666 2200 παντί

150 2278 226 2344 15
254 2279 360 2354 τῳ
425 2243 682 2326 λοιπὸν
741 2247 1267 2396 ἀναμφίλογον,
1322 2249 1418 2329 ὡς
1484 2245 1611 2325 οὑκ
1676 2244 1766 2325 ἂν
1824 2240 1959 2325 εἷεν
2016 2245 2094 2324 ἐκ
2149 2251 2278 2325 τοῦ
2339 2242 2649 2343 κόσμου,
2678 2257 2723 2323 b

252 2369 632 2476 γεγονότες
679 2371 816 2472 ἤδη
853 2377 979 2450 τοῦ
1031 2368 1207 2473 ὑπὲρ
1245 2403 1526 2468 κοσμον
1556 2375 1912 2474 Χριστοῦ,
1953 2367 2136 2449 κατὰ
2170 2368 2255 2449 τὸ
2293 2368 2656 2472 εἰρημένον

2613 2491 2634 2520 ἱ

250 2492 457 2599 παρὰ
512 2504 641 2575 τοῦ
681 2494 983 2575 Παύλου
1038 2504 1082 2541 “
1111 2497 1225 2575 Δι’
1285 2494 1369 2574 ου
1413 2497 1569 2596 ἐμοὶ
1622 2492 1899 2594 κόσμος
1952 2492 2400 2597 ἐσταύρωται
2455 2495 2656 2597 κάγω
2745 2498 2859 2629 (ἶὲ-
2882 2498 2950 2548 ¹⁷³¹·

252 2622 442 2729 “v-{3
479 2620 803 2729 κόσμω·”
878 2624 994 2701 καὶ
1030 2623 1193 2724 περὶ
1232 2622 1432 2721 ἡμῶν
1469 2618 1544 2701 δέ
1579 2620 1804 2702 πάλιν
1843 2631 1885 2668 “
1910 2625 2009 2700 Οἱ
2048 2619 2123 2699 δὲ
2161 2629 2291 2700 τοῦ
2326 2625 2659 2721 Χριστοῦ
2748 2631 2827 2682 Ib-
2845 2647 2891 2683 v.
2912 2646 2991 2694 ²4·

254 2755 301 2794 ‘⁴
334 2744 587 2847 Ἰησοῦ
643 2744 775 2845 τὴν
831 2744 1077 2850 σάρκα
1140 2746 1615 2848 ἐσταύρωσαν
1680 2743 1822 2826 σὺν
1882 2752 2029 2829 τοῖς
2094 2743 2480 2845 παθήμασι
2543 2743 2662 2824 καὶ

150 2901 228 2942 20
255 2881 300 2918 “
336 2877 494 2953 ταῖς
548 2869 1048 2969 ἐπιθυμίαις·”
972 2934 992 2966 ,
1145 2870 1286 2978 ἔξω
1343 2868 1419 2949 δέ
1469 2868 1749 2969 κόσμου
1804 2868 2043 2976 φαμὲν
2098 2872 2435 2972 γενεσθαι
2493 2867 2663 2953 τοῦς

250 2993 604 3093 μαθητὰς,
649 2996 734 3074 οὑ
788 2996 985 3077 θέσει
1039 3000 1132 3102 τῇ
1189 2993 1373 3075 κατὰ
1427 2991 1655 3074 τόπον
1709 2998 1826 3073 καὶ
1877 2999 2281 3097 σωματικῇ·
2361 2993 2651 3098 διαφαί-

250 3154 495 3200 νονται
532 3153 677 3225 γαρ
715 3125 877 3205 “ὦς
914 3121 1364 3226 φωσἺ-ἣρες’
1327 3154 1402 3199 εν
1439 3118 1716 3227 κόσμω,
1752 3116 1978 3220 λόγον
2014 3117 2260 3221 ζωῆς
2225 3114 2614 3221 ΕπέΧΟνΤΕδ
2616 3115 2656 3142 ’
2748 3101 2828 3233 f?
2829 3102 2959 3221 11ιειι

248 3244 427 3324 ἀλλ’
467 3279 578 3325 οτι
610 3254 1160 3350 περιπατοῦντες
1202 3247 1318 3326 ἐπὶ
1353 3249 1482 3345 τῆς
1526 3247 1663 3347 γῆς
1702 3245 1776 3323 ἐν
1813 3244 2090 3351 οὐρανῷ
2130 3239 2656 3337 πολιτεύονται,

251 3372 370 3449 καί
433 3376 585 3455 ταῖς
642 3374 769 3471 τῆς
830 3369 1104 3475 σαρκὸς
1161 3369 1559 3469 ἐπιθυμίαις
1616 3366 2171 3476 ἀποταξάμενοι,
2230 3372 2523 3466 μᾶλλον
2582 3363 2658 3446 δε
2681 3397 2717 3441 ο

141 3518 220 3581 25
248 3493 551 3596 ἀπάσης
604 3500 955 3597 κοσμικῆς
1009 3494 1380 3594 ἐπιθυμίας
1422 3494 1551 3574 τὸν
1595 3500 1848 3575 οἰκεῖον
1883 3492 2211 3594 ἀνωτέρω
2248 3490 2657 3591 στήσαντες

252 3628 448 3718 νοῦν,
486 3625 585 3704 εἰς
621 3622 983 3727 ὑπερφερῆ
1020 3653 1181 3699 τινα
1216 3622 1333 3699 καὶ
1364 3615 1838 3725 ὑψηλοτάτην
1873 3617 2337 3717 ἀνεπήδησαν
2374 3613 2654 3717 ἀρετὴν,

250 3744 442 3824 κατὰ
495 3744 580 3826 τὸ
624 3746 700 3824 ἐν
738 3749 1066 3851 ψαλμοῖς
1102 3742 1465 3846 εἰρημένον
1511 3751 1555 3789 “
1581 3743 1764 3821 ’Ότι
1799 3748 1925 3821 τοῦ
1963 3746 2156 3820 Θεοῦ
2211 3745 2278 3819 οἰ
2334 3740 2656 3842 κραταιοὶ
2745 3761 2829 3813 Pe.
2857 3761 2978 3811 xlvi.

251 3874 463 3972 “τῆς
519 3874 654 3974 γῆς
707 3868 1007 3977 σφόδρα
1059 3866 1550 3970 ἐπήρθησανῗ
1629 3869 1697 3945 οἰ
1754 3898 1895 3970 γαρ
1947 3868 2252 3968 ἀνδρεῖοι
2308 3863 2426 3941 διὰ
2464 3863 2657 3943 Θεὸν
2750 3841 2829 3877 ¹⁰

253 3995 716 4103 φρονήματος
766 3993 1074 4098 ἐπιγείου
1118 3990 1203 4073 τὸ
1258 3989 1689 4098 χαμαιπετὲς
1743 3987 2308 4092 παρελάσαντες,
2366 3985 2457 4066 τὰ
2512 3986 2662 4068 ἄνω

144 4151 221 4209 30
253 4126 547 4230 φρονεῖν
601 4120 982 4223 ἐγνώκασι·
1078 4124 1292 4197 τοῦτο
1355 4114 1498 4219 γὰρ
1554 4111 1749 4214 οἶμαι
1806 4114 2184 4215 σημαίνειν
2238 4110 2323 4192 τό
2377 4110 2662 4213 Ἐπήρ·

254 4254 523 4348 θησαν.
580 4247 835 4325 οὐκοῦν
872 4253 903 4326 ὁ
938 4241 1070 4344 μέν
1110 4244 1369 4349 κόσμος
1399 4241 1716 4344 ἠγνόησε
1758 4237 2037 4321 δίκαιον
2064 4236 2237 4319 ὄντα
2266 4270 2381 4335 σε,
2407 4240 2663 4343 φησὶν,

249 4367 308 4452 ὦ
350 4372 602 4479 Πάτερ.
686 4367 825 4474 ἐγὼ
880 4367 1023 4473 γὰρ
1078 4365 1304 4452 εἰδώς·
1382 4362 1622 4465 βουλὴ
1678 4363 1821 4468 γάρ
1871 4370 2012 4465 εἰμι
2065 4365 2183 4442 καὶ
2240 4360 2476 4467 σοφία
2522 4356 2656 4457 σή·

290 4551 407 4660 ¹11.
418 4531 881 4660 ὧμολῖὶγουμοον
904 4532 970 4587 Ε.
1659 4543 1746 4582 21.
1783 4526 1929 4583 θέσει
1957 4525 2089 4581 E.F.
2118 4524 2221 4580 Ed.
2247 4542 2358 4596 mg.
2385 4522 2530 4577 θέσει
2559 4519 2661 4574 Ed.

319 4608 569 4675 ,κόσμος
672 4604 715 4658 F
764 4599 846 4659 Ed
894 4620 1005 4674 mg.
1032 4602 1231 4659 σκοπὸς
1256 4598 1360 4655 Ed.

1408 4688 1517 4740 02
