3269 5166
682 340 812 405 382
1031 341 1109 405 B.
1163 341 1541 406 CYRILLI
1607 342 2133 408 ALEXANDR.
2200 342 2759 408 FRAGMENTA
2896 344 2954 408 ii.
2984 361 3031 424 7.

412 466 433 503 1
446 465 508 502 10
528 450 605 503 M.

360 451 386 517 [
630 451 929 609 Jprrou
985 505 1255 604 θώκοις,
1311 506 1396 587 τὸ
1454 507 1882 589 δεσποτικὸν
1940 507 2228 615 ἀξίωμα
2289 508 2758 611 περικείμενος
2815 505 2936 587 κάν
2988 512 3040 586 εἰ

680 630 972 732 γέγονεν
1021 627 1165 714 υἱὸς
1217 633 1487 711 Δαυεὶδ
1539 637 1759 729 σῶμα
1817 630 2074 727 λαβὼν
2126 634 2204 711 ἐκ
2258 636 2388 732 τῆς
2442 631 2649 735 ἁγίας
2699 628 3039 734 παρθέωυ,

683 758 748 833 οἱ
806 752 880 833 δὲ
921 753 1468 857 παρεστήκασιν
1504 758 1601 840 ὡς
1639 761 1806 862 Θεῷ
1840 790 1919 836 τε
1965 759 2083 835 καὶ
2135 762 2445 850 βασιλεῖ
2488 762 2633 835 τῶν
2687 754 2891 852 ὅλων,
2922 755 3041 833 τίνι

580 958 589 968 ,
681 882 828 956 τῶν
884 876 1111 957 ὄντων
1171 877 1610 984 ἀσυμφανὴς
1659 879 1703 977 ή
1739 879 2014 986 μεταξὺ
2051 878 2328 980 κειμένη
2383 877 2693 1029 διαφορὰ
2747 884 3044 981 Χριστοῦ

683 1003 801 1079 καὶ
839 1000 1216 1102 ἀγγελων·
1196 1060 1218 1098 ,
1290 1003 1331 1081 5
1367 999 1498 1100 μὲν
1535 1000 1679 1106 γάρ
1718 1004 1917 1082 ἐστιν
1953 1000 2128 1086 Υιὸς
2164 1005 2281 1083 καὶ
2320 1002 2524 1101 Θεὸς,
2561 1036 2629 1082 οι
2667 1002 2742 1082 δὲ
2780 1000 2861 1082 τὸ
2895 1006 3096 1098 δον-5

682 1122 1038 1226 λοπρεπὲς
1089 1125 1397 1229 αὐχοῦσι
1450 1158 1709 1228 μετρον
1765 1127 1885 1204 καὶ
1930 1124 2114 1229 πρὸς
2176 1127 2492 1208 εὐκλείας
2547 1130 2675 1225 τῆς
2738 1124 3046 1205 ἀνωτάτω

683 1245 1112 1350 λελόγισται
1153 1246 1321 1350 παρ’
1363 1248 1600 1331 αὐτοῖς
1634 1247 1722 1327 τὸ
1757 1247 2063 1350 γνήσιον
2098 1254 2195 1333 εἶς
2233 1246 2575 1348 ὑπακοήν.
2637 1254 2697 1328 εἰ
2735 1248 2812 1329 δὲ
2845 1247 2928 1349 δή
2958 1281 3047 1331 τις

683 1370 885 1473 λε’γοι
928 1376 1072 1450 Καὶ
1121 1378 1324 1454 ποῖος
1367 1372 1551 1470 ἡμᾶς
1602 1373 1973 1452 ἀναπείσει
2026 1370 2293 1475 τρόπος
2348 1372 2566 1452 αὐτὸν
2618 1373 2894 1453 οἴεσθαι
2940 1368 3048 1451 τὸν

683 1497 758 1574 ἐν
791 1494 1122 1599 ἐσχάτοις
1149 1502 1277 1575 τοῦ
1314 1499 1565 1579 αἰῶνος
1602 1502 1870 1598 καιροῖς
1905 1494 2023 1574 διὰ
2058 1499 2186 1595 τῆς
2217 1496 2422 1598 ἁγίας
2449 1496 2807 1597 παρθένου
2833 1529 3050 1596 γεγεν-

684 1619 983 1717 νημένον
1020 1618 1458 1717 θεμελιῶσαί
1482 1652 1558 1698 τε
1600 1615 1703 1711 riv
1737 1618 1859 1721 'fiir
1901 1623 2056 1700 κατ’
2096 1617 2328 1728 ἀρχᾶς
2367 1621 2485 1699 καὶ
2526 1618 2785 1705 αὐτοῦς
2819 1623 3049 1723 ἐγεῖραι
3073 1657 3125 1697 ιο

681 1740 845 1826 τοῦς
883 1740 1240 1844 οὐρανοὺς,
1275 1740 1791 1822 ἀντακούσεται
1835 1744 2004 1847 παρ’
2041 1744 2243 1842 ἡμῶν
2282 1744 2379 1828 ὦς
2426 1742 2619 1847 εἴπερ
2656 1744 2895 1824 ἕλοιτο
2939 1742 3049 1843 τὴν

680 1870 808 1966 τῆς
862 1868 1177 1964 ἀληθοῦς
1232 1865 1553 1948 ἑνῶσεως
1606 1869 1940 1964 ἐννοῆσαι
1998 1868 2315 1966 δύναμιν,
2373 1868 2459 1946 οὐ
2507 1866 2641 1967 τὴν
2693 1872 2776 1948 ἐν
2834 1867 3050 1967 μόνοις

677 1989 1098 2092 προσώποις
1153 1992 1271 2068 καὶ
1320 1986 1504 2068 κατὰ
1548 1989 1852 2089 θέλησιν
1887 1989 2113 2091 ἤγουν
2150 1991 2489 2088 εὐδοκίαν,
2529 1990 2671 2071 ἴδια
2705 1988 2841 2090 μὲν
2873 1987 3052 2092 εὑρή-

676 2149 794 2195 σει
848 2114 1201 2216 γεγονότα
1254 2112 1372 2193 διᾶ
1424 2110 1557 2212 τὴν
1604 2115 2010 2212 οἰκονομίαν
2063 2123 2193 2194 τοῦ
2248 2119 2439 2194 Θεοῦ
2493 2111 2583 2194 τὰ
2639 2114 3050 2217 ἀνθρώπινα,

677 2239 803 2317 οὐκ
840 2236 1194 2338 ἀλλότρια
1230 2234 1306 2316 δὲ
1343 2241 1471 2336 τῆς
1516 2235 2067 2337 ἀνθρωπότητος
2114 2235 2209 2317 τὰ
2243 2238 2437 2346 αὐτῷ
2485 2240 2601 2318 καὶ
2651 2237 2856 2346 μόνῳ
2903 2236 3052 2339 πρέ-
3077 2261 3128 2319 15

674 2395 907 2442 ποντα
944 2368 1046 2468 τῷ
1085 2360 1411 2441 ἑνωθέντι
1451 2358 1695 2468 Λόγῳ·
1769 2363 1917 2440 ἐπεὶ
1975 2359 2059 2439 δέ
2104 2363 2305 2441 ἐστιν
2359 2359 2456 2446 εἷς
2507 2363 2625 2441 καὶ
2680 2360 2902 2456 μόνος
2951 2363 3051 2439 καὶ

674 2484 1015 2585 ἀληθινὸς
1049 2482 1225 2569 Υἱὸς
1269 2486 1310 2564 5
1345 2481 1837 2583 Ἐμμανουὴλ,
1876 2492 2134 2565 νοεῖται
2183 2483 2260 2564 δὲ
2309 2482 2489 2589 πρὸς
2527 2484 2735 2585 ἡμῶν
2767 2484 2949 2570 Θεός
2984 2515 3050 2562 τε

674 2613 792 2690 καὶ
829 2609 1228 2713 ἅνθρωπος.

338 2839 492 2919 Κεφ.
515 2833 641 2917 β’,Ί
1196 2826 1420 2892 Πάντα
1474 2824 1804 2893 ὑπέταξας
1855 2824 1990 2892 τῶν
2045 2825 2271 2893 ποδῶν
2326 2827 2540 2893 αὐτοῦ.

768 2975 1037 3075 Ἀνιθι,
1063 2979 1273 3085 φησὶ,
1299 2984 1452 3059 ταῖς
1488 2978 1786 3061 ἐννοίαις
1820 2983 1917 3063 εὶς
1953 2977 2084 3076 τὴν
2122 2979 2197 3057 ἐν
2234 2981 2486 3084 ἀρχαῖς
2522 2986 2652 3058 τοῦ
2685 2979 3055 3083 ἀνθρώπου
3074 3013 3130 3055 ιο

670 3099 1119 3201 κατασκευὴν
1155 3105 1270 3181 καὶ
1313 3101 1474 3179 τίνα
1521 3100 1772 3203 γέγονε
1814 3107 2123 3204 πρῶτον,
2159 3099 2758 3205 πολυπραγμόνει
2803 3100 2882 3182 δὲ
2915 3106 3052 3184 πῶς

666 3224 1111 3325 πεποιήμεθα
1146 3223 1343 3326 παρὰ
1379 3229 1570 3304 Θεοῦ
1597 3226 1750 3304 κατ’
1790 3223 2025 3304 εἰκόνα
2063 3227 2178 3305 καὶ
2216 3226 2560 3325 ὁμοίωσιν
2593 3226 2840 3324 αὑτοῦ,
2876 3259 3048 3306 τετι·

665 3347 953 3447 μήμεθα
1022 3348 1098 3428 δὲ
1161 3349 1552 3444 πλουσίως,
1625 3348 1871 3453 ἄρχειν
1915 3347 2263 3453 λαχόντες
2319 3355 2464 3429 τῶν
2525 3351 2640 3430 ε’πὶ
2716 3355 2847 3450 τῆς
2901 3352 3046 3451 γῆς.

666 3470 901 3571 ἐπειδὴ
958 3469 1035 3552 δὲ
1089 3472 1134 3571 ἡ
1186 3479 1312 3551 τοῦ
1367 3472 1614 3573 γε’νους
1664 3469 1877 3576 ἀρχὴ,
1939 3473 2309 3553 τουτέστιν
2364 3472 2625 3572 Ἀδὰμ,
2679 3474 2818 3574 τὴν
2873 3471 3051 3553 θείαν

664 3594 1068 3695 λελύπηκεν
1115 3593 1435 3694 ἐντολὴν,
1474 3593 1817 3695 νενόσηκέ
1853 3629 1931 3675 τε
1986 3593 2245 3676 λοιπὸν
2280 3597 2324 3697 ἡ
2369 3598 2756 3701 ἀνθρώπου
2798 3595 3049 3678 διάνοια
3070 3626 3128 3683 ²5

663 3754 747 3799 το
812 3719 979 3800 λίαν
1037 3719 1513 3821 εὐπαροιστον
1586 3753 1686 3802 εις
1748 3716 1833 3798 τὸ
1896 3718 2343 3818 πλημμελὲς,
2410 3721 2748 3827 ταύτῃτοι
2813 3718 3050 3824 γυμνοὶ

664 3843 882 3950 δόξης
933 3846 1050 3924 καὶ
1103 3845 1519 3952 ἀφθαρσίας
1555 3846 1671 3923 καὶ
1706 3851 1853 3924 τῶν
1889 3846 1964 3923 ἐν
1999 3846 2252 3948 ἀρχαῖς
2285 3847 2580 3946 ἀγαθῶν
2617 3850 3050 3939 διετελοῦμεν

660 3968 736 4045 ἐν
780 3967 1058 4075 κόσμω·
1119 3967 1566 4064 σεσώσμεθα
1617 3965 1692 4046 δὲ
1748 3965 1865 4046 διὰ
1901 3972 2256 4069 Χριστοῦ,
2316 4002 2434 4048 και
2488 3974 2579 4074 τῇ
2634 3971 2810 4073 παρ’
2847 3968 3048 4048 αὐτοῦ

660 4087 898 4194 χάριτι
956 4089 1352 4192 κεκτήμεθα
1413 4086 1507 4168 τὰ
1567 4122 1751 4190 προς
1815 4087 2192 4194 ἀνάληψιν
2252 4096 2396 4170 τῶν
2454 4090 2688 4172 πάλαι
2749 4096 3041 4193 δεδωρη-

658 4213 909 4311 μένων.
985 4221 1132 4294 τῶν
1180 4212 1520 4294 τοιούτων
1565 4210 2024 4316 διηγημάτων
2062 4213 2102 4291 5
2138 4220 2285 4294 τῶν
2318 4215 2802 4317 προκειμένων
2837 4212 3126 4314 λόγος3ὁ

658 4337 1034 4441 εἰσκομίζει
1089 4338 1174 4418 τὸ
1228 4334 1533 4422 πλάτος·
1615 4335 2058 4437 κατατέθηπε
2104 4336 2247 4440 γὰρ
2286 4339 2326 4416 5
2364 4337 2748 4422 θεσπέσιος
2785 4334 3043 4417 Δαυεὶδ

728 4497 781 4553 6.
816 4500 1040 4568 αὖχοῦσι
1066 4497 1201 4553 Cod.
1227 4498 1258 4550 ἔ
1252 4519 1412 4568 χουσι
1438 4496 1529 4553 Cr.
1739 4496 1821 4552 16.
1859 4498 1942 4553 καὶ
1966 4499 2057 4554 alt.
2084 4498 2263 4555 omisit
2290 4498 2381 4556 Cr.
2580 4517 2667 4554 20.
2702 4516 2730 4553 e
2754 4516 2804 4553 c.
2829 4497 2920 4553 sol.
2946 4509 3037 4563 ²⁴⁹

655 4568 749 4638 qui
774 4570 803 4621 ὁ
825 4569 1072 4637 μακάριος
1095 4568 1149 4623 δὲ
1178 4521 1440 4637 Κύριλλός
1460 4570 1629 4639 φησιν
1651 4568 1963 4639 praemittit.
