3269 5166
730 984 849 1049 IN
910 984 1117 1050 Hoc
1176 983 1748 1049 VOLUMINE
1809 983 2199 1047 INSUNT

242 1283 688 1344 Commentario,
714 1282 778 1342 in
805 1282 864 1345 S.
888 1283 1195 1357 «Ioannem,
1224 1283 1325 1343 lib.
1349 1284 1428 1343 xi.
1460 1304 1583 1363 cap.
1613 1303 1683 1344 12
2527 1216 2662 1341 Fui·

497 1436 537 1463 ‚‚
1236 1390 1336 1451 lib.
1360 1390 1446 1450 xii
1489 1436 1502 1449 .
1855 1434 1870 1450 .
2038 1436 2049 1446 .
2219 1434 2234 1449 .
2582 1410 2617 1463 4
2631 1410 2654 1449 1

248 1497 826 1559 Commentariorum
855 1499 1208 1576 Fragmenta
1236 1498 1298 1557 in
1327 1497 1654 1577 Epistolam
1681 1498 1759 1558 ad
1787 1497 2081 1557 Romanos
2214 1541 2227 1555 .
2544 1515 2570 1555 1
2584 1511 2614 1572 7
2624 1516 2658 1572 3

1678 1604 1754 1663 ad
1783 1602 2121 1664 Corinthios
2149 1602 2185 1662 I
2543 1621 2658 1678 249

1675 1710 1751 1769 ad
1779 1709 2116 1770 Corinthios
2144 1709 2213 1768 II
2397 1754 2411 1769 .
2541 1727 2659 1785 320

581 1862 617 1891 „
944 1863 980 1891 „
1306 1861 1341 1889 ,‚
1669 1817 1746 1876 ad
1773 1816 2075 1876 Hebraeos
2212 1862 2224 1876 .
2396 1861 2409 1874 .
2540 1817 2653 1891 362

247 1922 339 1983 De
369 1923 743 2001 Fragmentis
770 1925 834 1983 in
859 1925 1014 1984 Acta
1049 1923 1153 1984 SS.
1182 1922 1603 2001 Apostolorum
1634 1924 2044 2002 Epistolasque
2076 1923 2411 1984 Catholicae
2537 1942 2613 1995 44
2627 1942 2652 1980 1

246 2029 615 2111 Fragmenta
642 2032 1041 2091 Homiliarum
1116 2077 1128 2091 .
2129 2028 2136 2033 ’
2396 2075 2409 2090 .
2538 2044 2655 2103 452

641 2145 845 2199 contra
875 2138 1286 2217 Synousiaetae
1484 2183 1498 2198 .
1664 2184 1676 2196 .
2397 2182 2410 2197 .
2538 2139 2657 2212 476

728 2290 762 2319 „
874 2244 1048 2305 Diod.
1081 2246 1247 2305 Tere.
1274 2245 1629 2323 Episcopum
1667 2291 1679 2305 .
1848 2290 1862 2305 .
2394 2290 2407 2303 .
2536 2261 2653 2320 492

728 2396 764 2426 ‚,
874 2351 1092 2412 Tbeod.
1123 2351 1308 2430 Mops.
1339 2351 1713 2431 Episcopum,
1742 2351 1890 2412 lib.i
2030 2398 2043 2411 .
2398 2396 2410 2410 .
2537 2365 2608 2425 51
2627 2369 2650 2408 1

728 2503 760 2531 „
1253 2504 1287 2533 „
1740 2458 1839 2518 lib.
1862 2458 1906 2519 ii
2033 2504 2045 2518 .
2395 2501 2410 2520 .
2539 2472 2658 2533 525

637 2563 710 2624 de
738 2563 887 2624 Fide
929 2610 945 2625 .
1112 2610 1128 2625 .
1295 2610 1309 2624 .
1478 2610 1494 2625 .
1663 2610 1676 2625 .
1845 2609 1860 2625 .
2029 2610 2041 2624 .
2394 2609 2407 2623 .
2537 2565 2657 2639 538

412 2718 447 2745 ,‚
640 2670 937 2732 Homiliae
963 2671 1120 2750 quod
1146 2691 1254 2750 pro
1282 2672 1529 2732 mortuis
1557 2672 1764 2732 offerre
1790 2671 1938 2734 utile
2028 2717 2044 2731 .
2211 2717 2224 2732 .
2393 2715 2407 2730 .
2535 2684 2650 2745 541

246 2777 516 2839 Libellus
545 2777 619 2836 de
646 2778 985 2856 dogmatum
1013 2777 1302 2838 solutione
1328 2778 1406 2838 ad
1432 2777 1737 2838 Tiberium
1764 2778 1912 2838 diac.
1944 2778 2243 2857 sociosque
2394 2821 2410 2836 .
2535 2790 2656 2852 545

368 2930 405 2960 ,‚
542 2883 982 2960 responsionum
1008 2884 1084 2943 ad
1111 2884 1414 2944 Tiberium
1440 2883 1750 2945 diaconum
1781 2884 2082 2962 sociosque
2212 2929 2223 2942 .
2396 2928 2410 2943 .
2534 2883 2612 2956 56
2619 2895 2652 2957 7

410 2989 634 3051 Libelli
658 2989 723 3048 hi
748 2990 863 3050 duo
890 2990 957 3049 in
983 3009 1169 3049 unum
1196 2990 1463 3063 confecti,
1492 2991 1602 3050 sub
1630 2990 1808 3050 titulo
1843 2997 2048 3051 contra
2072 2989 2412 3067 Anthropo-

578 3093 902 3174 morphitae
956 3094 1103 3156 liber
1157 3116 1328 3170 uuus,
1375 3096 1563 3156 edidit
1610 3096 2030 3157 Bouaventura
2075 3095 2413 3168 Vulcanius,

580 3200 862 3279 Lugduni
887 3202 1247 3265 Batavorum
1280 3205 1456 3279 1605,
1485 3203 1741 3282 denique
1776 3202 1838 3262 in
1877 3222 2120 3282 operum
2148 3202 2415 3263 omnium

578 3308 833 3370 editione
873 3313 917 3370 t.
948 3308 1025 3369 vi.
1059 3312 1177 3385 366
1214 3310 1536 3371 Aubertue.

243 3413 565 3497 Appendix
593 3415 1078 3495 Fragmentorum
1105 3416 1234 3496 Syr.
1262 3423 1399 3479 ante
1425 3418 1777 3481 omissorum
1839 3463 1855 3477 .
2388 3461 2403 3477 .
2533 3419 2656 3479 608

1055 3952 1851 4018 CORRIGENDUM.

410 4151 551 4228 Peg.
581 4169 715 4225 204,
745 4158 864 4211 not.
898 4154 985 4225 16,
1013 4150 1239 4230 corrige
1268 4156 1403 4230 αὐτῷ
1429 4152 1503 4213 A.
1535 4159 1595 4213 et
1623 4153 1708 4213 ita
1737 4152 1929 4213 Maius
1958 4152 2113 4212 inter
2140 4152 2498 4230 corrigenda.

334 4665 478 4717 vm..
512 4669 617 4717 111.
1484 4655 1525 4719 b
