3269 5166
225 354 319 417 iii.
353 356 449 432 16,
484 372 581 436 17.
676 355 784 420 IN
835 356 964 421 ΕΡ.
1010 355 1105 421 ΙΙ.
1160 356 1286 421 AD
1341 305 1926 423 CORIbfTHIOS.
2002 358 2176 423 LIB.
2213 358 2305 423 ΙΙ.
2499 360 2626 425 337

2678 458 2941 525 [91M·]

217 603 456 668 Ἠνίκα
515 603 561 668 δ’
629 604 708 669 ἂν
761 604 1126 692 ἐπιστρέψῃ
1172 602 1339 692 πρὸς
1391 602 1642 692 Κύριον,
1696 599 2130 693 περιαιρεῖται
2178 604 2252 671 τὸ
2298 604 2621 682 κάλυμμα.
2656 603 2730 662 16

341 774 581 859 Αὐτὸς
614 776 654 854 ὁ
695 772 958 877 Κύριός
992 776 1153 855 ἐστι
1190 771 1274 853 τὸ
1313 780 1471 878 φῶς
1509 777 1625 855 καὶ
1662 774 2152 855 ἀποκαλύπτει
2199 785 2243 823 “
2269 774 2361 855 τὰ
2394 777 2626 871 βαθέα
2649 796 2782 848 Dan.
2807 797 2957 848 iiam.

227 910 269 946 ‘⁶
308 902 427 978 καὶ
484 896 929 1002 ἀπόκρυφα,”
989 900 1106 978 καὶ
1161 897 1244 977 τὸ
1295 896 1559 999 ἀληθὲς
1604 907 1734 978 τοῦ
1797 895 2017 998 νόμου
2078 898 2477 1000 πρόσωπον
2541 897 2625 980 τὸ

224 1022 760 1130 δεδοξασμένον
787 1024 1099 1102 δείκνυσι
1138 1029 1284 1106 τοῖς
1312 1029 1574 1128 σοφοῖς
1609 1028 1756 1106 τοῖς
1794 1022 2253 1123 ἡγιασμένοις·
2290 1027 2364 1104 ἐν
2400 1027 2619 1106 πνεύ-

162 1172 198 1230 5
222 1180 399 1245 ματι
460 1149 579 1225 καὶ
636 1145 753 1225 διὰ
806 1148 933 1245 τῆς
991 1151 1087 1230 εἰς
1148 1146 1477 1248 Χριστὸν
1539 1147 1850 1230 πίστεως
1921 1148 2617 1250 λελαμπρυσμένοις.

222 1275 681 1373 παιδαγωγεῖ
725 1268 856 1368 μὲν
909 1268 1053 1373 γὰρ
1099 1271 1140 1348 ὁ
1190 1269 1404 1368 νόμος
1457 1271 1574 1350 ἐπὶ
1608 1268 1961 1372 Χριστὸν,
1999 1270 2040 1347 ὃ
2086 1268 2162 1349 δὲ
2218 1272 2329 1373 ἐφ’
2391 1270 2627 1374 ἕτερόν

224 1429 389 1474 τινα
449 1395 933 1495 παιδαγωγεῖν
986 1392 1432 1492 τεταγμένος,
1492 1392 1746 1492 ἵστησι
1809 1390 1940 1490 μὲν
1999 1394 2127 1472 οὐκ
2187 1395 2298 1499 ἐφ’
2358 1396 2627 1475 ἑαυτῶν

224 1515 395 1600 τοῦς
444 1518 1007 1615 παιδευομένους,
1044 1517 1385 1620 ἀποφέρει
1432 1515 1506 1596 δὲ
1554 1523 1846 1614 μᾶλλον
1878 1517 2001 1597 ἐπί
2046 1550 2114 1596 τι
2168 1524 2314 1596 τῶν
2362 1520 2624 1617 ἀμείνω

227 1645 342 1721 καὶ
419 1639 756 1745 μειζόνων
812 1638 857 1741 ἢ
923 1642 1089 1721 καθ’
1160 1639 1430 1719 ἑαυτόν.
1527 1639 1694 1720 ὅθεν
1765 1674 1875 1719 τοι
1950 1643 2067 1720 καὶ
2135 1641 2174 1720 ὁ
2239 1642 2622 1727 θεσπέσιος

130 1792 199 1831 10
228 1770 532 1848 Παῦλος
586 1761 941 1857 σκύβαλά
996 1770 1228 1868 φησιν
1283 1760 1710 1864 ἡγήσασθαι
1765 1763 1857 1842 τὰ
1909 1765 1984 1841 ἐν
2041 1759 2238 1870 νόμῳ
2295 1773 2337 1810 “
2367 1763 2481 1843 διὰ
2537 1764 2620 1846 τὸ
2645 1791 2935 1843 P11il.ffi.8.

224 1900 267 1936 “
304 1887 654 1992 ὑπερέχον
689 1891 818 1986 τῆς
849 1885 1183 1988 γνώσεως
1222 1894 1349 1966 τοῦ
1381 1886 1782 1988 Χριστοῦ.”

213 2137 298 2204 ‘O
355 2137 430 2203 δὲ
488 2137 715 2227 Κύριος
767 2138 844 2203 τὸ
897 2137 1157 2214 Πνεῦμά
1214 2138 1410 2219 ἐστιν,
1465 2133 1538 2201 οὗ
1603 2135 1675 2203 δὲ
1730 2137 1803 2203 τὸ
1859 2137 2120 2214 Πνεῦμα
2181 2138 2429 2227 Κυρίου,
2483 2136 2618 2205 ἐκεῖ
2651 2160 2719 2222 17

1248 2262 1609 2353 ἐλευθερία.

53 2534 54 2537 ¹
336 2445 480 2519 Δεῖ
529 2440 652 2517 οὖν
709 2438 1046 2540 γενέσθαι
1096 2437 1638 2536 πνευματικοῦς,
1681 2440 1765 2517 οὐ
1818 2437 1963 2542 γάρ
2017 2438 2265 2524 ἄλλως
2321 2440 2622 2521 δυνατὸν

53 2599 56 2632 ⁵
129 2590 199 2650 15
221 2567 586 2667 θεωρῆσαι
610 2559 968 2666 Χριστὸν,
1001 2560 1077 2646 ὅς
1106 2564 1262 2642 ἐστι
1299 2572 1343 2609 “
1368 2560 1578 2646 τέλος
1603 2570 1733 2643 τοῦ
1757 2565 2385 2666 καταργουμε’νου,”
2426 2568 2614 2672 φημὶ
2639 2586 2804 2652 Supra
2824 2603 2927 2636 ver·

222 2687 312 2788 δὴ
363 2696 494 2768 τοῦ
547 2685 790 2785 νόμου.
851 2683 1012 2765 τότε
1060 2684 1295 2786 πάντη
1344 2721 1421 2766 τε
1489 2689 1605 2765 καὶ
1656 2685 1943 2771 πάντως
1980 2697 2024 2734 “
2046 2694 2498 2790 περιαιρεῖται
2534 2688 2615 2770 τὸ
2640 2664 2724 2768 Ῐῑῖἶ
2757 2716 2828 2768 ισ.

219 2822 266 2859 “
292 2809 703 2909 κάλυμμα,”
746 2813 997 2918 γυμνῷ
1020 2809 1095 2889 δὲ
1124 2813 1238 2890 καὶ
1267 2810 1838 2917 ἀπημφιεσμένῳ
1869 2811 2243 2919 προσώπῳ
2274 2811 2402 2892 τὸν
2432 2813 2619 2917 ἱερὸν

218 2935 532 3042 ὄψονται
601 2938 885 3014 Μωσέα
957 2934 1042 3014 τὸ
1108 2936 1183 3015 ἐκ
1249 2943 1376 3014 τοῦ
1440 2934 1862 3037 γράμματος
1933 2942 2392 3037 προσωπεῖον
2462 2935 2620 3035 ἤτοι

220 3060 743 3155 κατασκίασμα
793 3055 875 3137 τὸ
919 3060 997 3137 ἐκ
1033 3062 1160 3157 τῆς
1199 3060 1559 3162 ἐμφανοῦς
1599 3060 1921 3161 ἱστορίας
1954 3060 2082 3138 οὐκ
2119 3057 2400 3161 ἔχοντα.
2477 3062 2619 3139 εἶσὶ

126 3219 195 3259 20
218 3182 364 3284 γὰρ
398 3185 475 3262 ἐν
521 3181 797 3265 τούτοις
844 3187 909 3261 οἱ
960 3184 1034 3261 ἐν
1076 3187 1383 3289 Χριστῷ
1430 3180 1563 3280 τὴν
1602 3183 1978 3283 ἐλευθέραν
2033 3189 2161 3260 τοῦ
2202 3182 2619 3281 Πνεύματος

53 3339 56 3382 ν
216 3306 692 3411 ἀποκάλυψιν
745 3306 1115 3389 πλουσίως
1182 3304 1724 3407 εἶσδεδεγμένοι.
1805 3311 1864 3384 εἰ
1920 3305 1994 3384 δὲ
2051 3305 2221 3384 ἔνθα
2276 3340 2417 3385 που
2484 3307 2618 3410 πέρ

215 3433 375 3510 ἐστι
420 3430 495 3510 τὶ
538 3431 837 3534 Πνεῦμα,
897 3430 1035 3509 ἐκεῖ
1076 3429 1364 3513 πάντως
1408 3434 1523 3508 καὶ
1562 3430 1605 3527 ἡ
1645 3427 1988 3536 ἐλευθερία,
2023 3436 2176 3512 πῶς
2232 3432 2358 3509 οὐκ
2408 3430 2609 3510 ε’λεύ-
2705 3532 2709 3538 ¹

218 3565 430 3660 θερον
468 3555 653 3637 κατὰ
688 3556 916 3662 φύσιν
952 3559 1198 3650 ἐστι’ν;
1257 3563 1315 3635 εἰ
1369 3554 1444 3636 δὲ
1487 3563 1724 3653 τοῦτο,
1759 3557 1877 3634 καὶ
1932 3560 2076 3633 τῶν
2113 3559 2240 3653 τῆς
2293 3555 2618 3639 δουλείας

219 3678 615 3789 ἀνῴκισται
662 3681 960 3783 μέτρων,
1017 3683 1155 3787 καὶ.
1189 3677 1489 3782 γενητὸν
1546 3676 1677 3776 μὲν
1733 3677 1982 3773 οὐκέτι,
2030 3678 2499 3757 συντάττοιτο
2550 3683 2615 3756 δ’

126 3836 196 3895 25
220 3803 307 3885 ἂν
357 3805 644 3890 εἰκότως
698 3811 790 3909 τῇ
834 3802 1174 3884 ἀνωτάτω
1216 3839 1293 3883 τε
1349 3805 1465 3883 καὶ
1520 3802 1855 3907 ἐλευθέρᾳ
1910 3801 2149 3907 φύσει,
2191 3799 2238 3906 ᾗ
2295 3801 2379 3881 τὸ
2435 3801 2619 3882 κατὰ

217 3929 511 4010 πάντων
564 3929 854 4028 μετέστι
909 3927 1185 4030 κράτος·
1267 3932 1564 4025 Πνεῦμα
1619 3924 1763 4028 γάρ
1808 3928 1965 4004 ἐστι
2020 3934 2149 4005 τοῦ
2189 3925 2479 4028 Πατρός
2533 3927 2624 4031 ἐξ

219 4056 435 4135 αὐτοῦ
468 4057 708 4154 διῆκον
745 4053 861 4132 ἐπὶ
897 4050 1030 4150 τὴν
1067 4051 1302 4130 κτίσιν
1339 4053 1413 4129 ἐν
1447 4054 1775 4156 Χριστῷ.

293 4281 339 4319 1.
378 4266 502 4320 Hoc
526 4264 769 4320 scholion
796 4262 1104 4333 suppeditat
1126 4262 1283 4344 qobis
1312 4261 1386 4316 H.
1649 4275 1703 4343 7.
1738 4259 1960 4331 ἑαυτῶν]
1988 4260 2066 4315 Ita
2097 4259 2232 4316 Cod.
2256 4259 2614 4331 legendumne

218 4336 427 4389 ἑαυτὸν.)
720 4352 802 4388 12.
846 4333 968 4388 Hoc
994 4333 1232 4387 schohon
1258 4333 1413 4386 nobis
1439 4331 1743 4402 suppedntat
1771 4332 1844 4385 H.

298 4693 433 4739 vol„
467 4695 572 4739 111.
1373 4691 1409 4732 X
1446 4694 1488 4732 X
