3269 5166
662 335 794 400 590
1315 335 1396 400 B.
1442 335 1822 400 CYRILLI
1868 335 2399 400 ALEXANDR.

662 497 1090 598 ἀποστολὴν
1144 501 1408 597 αὐτοῦ’,
1480 501 1732 603 γέγονε
1788 499 1920 596 μὲν
1979 498 2125 602 γὰρ
2185 502 2338 579 κατ’
2394 497 2629 580 εἰκόνα
2685 496 2820 597 τὴν
2867 531 3036 598 προς

663 622 880 702 αὐτὸν
930 623 971 701 5
1030 621 1410 727 ἅνθρωπος
1464 627 1541 704 ἐν
1596 626 1872 728 ἀρχαῖς,
1931 628 2051 703 καὶ
2110 623 2199 723 ἦν
2263 625 2310 723 ἦ
2364 625 2588 785 φύσις
2647 624 3038 722 ἐπιτηδείως·

663 748 936 855 ἕχουσα
985 750 1170 853 πρὸς
1219 751 1628 904 o'wa'Avyglrwn
1638 751 1909 835 παντὸς
1953 755 2236 853 ἀγαθοῦ
2292 757 2409 832 καὶ
2457 758 2556 836 εἰς
2603 750 3041 854 κατόρθωσιν

326 888 456 954 pr·
482 888 532 940 ἢ·
663 875 938 978 ἀρετῆς.
1011 873 1245 954 ἔκτισε
1294 909 1439 978 γαρ
1482 876 1672 975 ἡμᾶς
1724 878 1916 955 “ε’πὶ
1964 876 2200 977 ἔργοις
2236 877 2595 977 ἀγαθοῖς,”
2649 880 2750 959 ὦς
2801 882 2972 977 γοῦν
3003 874 3039 951 5

332 970 408 1006 ω’
660 998 1046 1105 πάνσοφος
1117 998 1383 1106 γράφει
1459 1005 1780 1084 Παῦλος.
1883 1002 2053 1080 ἀλλ’
2127 1001 2441 1106 ἠφάνισε
2513 1005 2642 1100 τῆς
2716 1004 3040 1082 θεοειδοῦς
3061 1023 3090 1079 5

662 1121 926 1207 εἰκόνος
961 1120 1047 1203 τὸ
1092 1122 1369 1210 κάλλος
1405 1160 1449 1224 η
1486 1126 1819 1268 ἁμαρτία,
1857 1126 1975 1204 καὶ
2019 1127 2250 1228 ῥυποῦ
2298 1125 2572 1222 μεστὸν
2605 1125 2964 1231 ἀπέφηνεν
3003 1123 3039 1200 5

602 1291 638 1334 ο
664 1252 990 1331 σατανᾶς
1048 1246 1132 1327 τὸ
1198 1248 1538 1349 λαμπρὸν
1591 1252 1720 1346 τῆς
1772 1246 2324 1351 ἀνθρωπότητος
2387 1248 2811 1350 πρόσωπον·
2885 1247 3036 1325 ἀλλ

664 1370 1019 1476 ἐπέψαυεν
1082 1372 1123 1451 5
1184 1370 1710 1471 ἀνακαινιστὴς,
1768 1373 1809 1450 5
1858 1376 2301 1476 ἀναμορφῶν
2360 1379 2457 1456 εἰς
2522 1371 2608 1452 τὸ
2675 1375 2755 1452 ἐν
2811 1375 3040 1474 ἀρχαῖς

662 1491 747 1573 τὸ
803 1495 1227 1595 ἠδικημένον
1259 1498 1375 1575 καὶ
1410 1494 1639 1576 πάλιν
1691 1496 1874 1595 ἡμᾶς
1909 1502 2008 1580 εἰς
2061 1499 2195 1595 τὴν
2229 1497 2482 1576 ἑαυτοῦ
2534 1493 3042 1594 μεταπλάττων

662 1614 920 1715 εἰκόνα,
976 1617 1167 1698 ὥστε
1222 1623 1349 1719 τῆς
1396 1619 1588 1703 θείας
1644 1620 1863 1700 αὐτοῦ
1914 1622 2210 1725 φύσεως
2258 1621 2640 1722 ἐμπρέπειν
2692 1620 2860 1718 ἡμῖν
2899 1616 3041 1698 τοὺς
3065 1648 3121 1686 10

661 1746 1119 1845 χαρακτῆρας
1156 1743 1244 1823 δι’
1286 1745 1654 1846 ἀγιασμοῦ
1700 1748 1818 1824 καὶ
1864 1744 2319 1845 δικαιοσύνης
2357 1746 2472 1824 καὶ
2523 1748 2655 1843 τῆς
2701 1740 2852 1822 κατ’
2890 1745 3037 1842 ἀρε·-

662 1862 792 1963 τὴν
826 1865 1133 1968 εὖζωΐας.
1209 1865 1425 1951 αὐτὸς
1459 1866 1603 1969 γάρ
1640 1870 1839 1947 ἐστιν
1876 1903 1920 1967 η
1958 1868 2142 1971 θύρα
2178 1872 2295 1948 καὶ
2330 1869 2376 1968 ἡ
2415 1866 2599 1964 ὁδὸς,
2635 1871 2726 1948 δι’
2767 1868 2850 1967 ἧς
2881 1863 3041 1968 πρὸς

325 2007 562 2087 051181).
662 1993 808 2067 πᾶν
864 1989 1101 2069 ὁτιοῦν
1154 1996 1300 2069 τῶν
1355 1989 1677 2093 ἀρίστων
1731 1990 2112 2071 εἰσελάσαι
2167 1991 2622 2091 δεδυνήμεθα,
2677 1995 2796 2071 καὶ
2848 1986 3041 2092 ὀρθὰς

324 2089 415 2123 m.
441 2086 516 2137 ’δ’
663 2108 1115 2211 ποιήσασθαι
1170 2113 1487 2220 τροχιάς·
1567 2114 1761 2193 ὥστε
1815 2118 1891 2193 ἐν
1927 2116 2093 2214 ἡμῖν
2135 2116 2265 2214 μὲν
2301 2124 2448 2199 τοῖς
2503 2118 2581 2195 ἐν
2615 2119 2922 2220 Χριστῷ
2967 2108 3041 2190 τὸ

596 2251 639 2313 (1
663 2238 792 2334 τῆς
850 2237 1152 2337 ἀρίστης
1214 2238 1480 2322 εἰκόνος
1542 2240 1950 2341 ἐκφαίνεται
2008 2238 2308 2331 κάλλος,
2367 2239 2433 2319 οἰ
2489 2242 2574 2319 δι’
2630 2242 2867 2320 αὐτῶν
2915 2242 3040 2316 τῶν
3067 2259 3120 2318 15

664 2358 897 2463 ἔργων
932 2361 1605 2465 ἡνδραγαθήσαμεν.
1687 2364 1763 2441 ἐν
1808 2360 1894 2441 δέ
1939 2395 2024 2463 γε
2081 2369 2186 2471 τῷ
2236 2361 2807 2471 πρωτοπλάστῳ
2855 2368 3041 2442 πᾶσα

665 2482 795 2580 μὲν
855 2484 1327 2586 ἐπιτηδειότης
1387 2482 1502 2585 ἦν,
1568 2484 2046 2591 ἀποφερουσα
2100 2487 2398 2587 δύναμιν
2453 2485 2638 2587 πρὸς
2695 2485 3040 2590 ἀνάληψιν

668 2608 942 2710 ἀρετῆς,
981 2611 1066 2688 οὐ
1099 2609 1386 2695 πάντως
1424 2609 1500 2691 δὲ
1541 2613 1659 2690 καὶ
1694 2611 2026 2714 ἐνέργεια.
2101 2619 2483 2713 τοιγαροῦν
2520 2615 2639 2690 καὶ
2677 2609 2886 2694 αὐτὸς
2919 2609 3042 2713 ἔφη

328 2740 380 2857 ἓ
400 2739 553 2856 {3⁸¹²-
668 2731 989 2837 Χριστὸς
1026 2737 1186 2836 περὶ
1223 2734 1453 2833 ἡμῶν,
1495 2733 1655 2833 ἤτοι
1691 2739 1836 2813 τῶν
1873 2734 2067 2815 ἰδίων
2100 2734 2489 2837 προβάτων
2527 2747 2570 2782 “
2597 2736 2804 2839 Ἐγὼ
2841 2732 3043 2833 ἦλθον

667 2865 713 2902 “
747 2855 862 2935 ἵνα
902 2854 1110 3001 Αζωὴν
1171 2856 1412 2962 ἔχωσι,
1473 2860 1589 2936 καὶ
1650 2855 1985 2961 περιττὸν
2048 2858 2378 2962 ἕχωσιν.”
2458 2860 2883 2940 ἀποδέδοται
2932 2856 3042 2955 μὲν
3065 2893 3121 2935 20

608 3013 812 3082 ογαρ
849 2984 940 3084 τῇ
993 2981 1376 3083 ἀνθρώπου
1428 2980 1651 3085 φύσει
1706 2980 1790 3062 τὸ
1840 2984 1917 3061 ἐν
1953 2981 2195 3080 Ἀδὰμ
2245 2984 2321 3062 ἐν
2362 2987 2574 3088 ἀρχῇ,
2613 2982 2975 3064 τουτέστιν
3008 2982 3041 3058 5

668 3100 1049 3205 ἀγιασμός·
1126 3103 1209 3182 τὸ
1262 3104 1335 3183 δὲ
1384 3105 1739 3205 περιττὸν,
1777 3102 1968 3185 ὥστε
2025 3100 2238 3204 οἶμαι,
2278 3111 2489 3212 φησὶ,
2533 3105 2617 3186 τὸ
2676 3109 2829 3187 κατ’
2865 3105 3035 3207 ε’νέρ·

664 3260 865 3328 γειαν
922 3229 1234 3331 ὁρᾶσθαι
1290 3227 1621 3326 σεπτοὺς,
1683 3230 1798 3309 καὶ
1855 3230 1941 3309 δι’
2002 3231 2237 3310 αὐτῶν
2293 3238 2438 3310 τῶν
2492 3227 3043 3335 κατορθωμάτων

665 3350 1396 3458 καταφαιδρύνεσθαι.

739 3596 788 3636 2.
828 3584 858 3635 5
885 3582 1164 3671 ἅνθρωπος
1198 3584 1254 3641 ἐν
1282 3584 1468 3656 ἀρχαις
1501 3584 1605 3640 hoc
1642 3584 1829 3640 ordine
1853 3585 1923 3640 A.
1949 3585 2006 3640 ἐν
2026 3585 2212 3655 ἀρχαῖς
2234 3589 2264 3640 5
2287 3587 2556 3657 ἅνθρωπος
2581 3586 2683 3641 Ed.
2764 3588 2973 3641 Diverse
2995 3592 3040 3645 Γ,

665 3651 819 3724 quasi
836 3652 1019 3724 γέγονε
1044 3655 1101 3709 δε
1127 3677 1220 3710 κατ
1220 3655 1418 3711 ἐἰκόνα
1435 3658 1527 3725 τὴν
1548 3660 1681 3727 πρὸς
1703 3657 2025 3726 ἅνθρωπον’
1998 3679 2052 3709 εν
2064 3657 2249 3727 ἀρχαῖς
2260 3658 2477 3727 legerat.
2550 3656 2663 3727 ἦνῆ
2688 3658 2855 3729 φύσις
2876 3667 2925 3711 et
2946 3657 3039 3709 ἐπι-

663 3723 876 3792 τηδείως
902 3728 1102 3795 ἔχουσα
1128 3725 1229 3780 hoo
1253 3726 1440 3781 ordine
1465 3731 1531 3781 A.
1789 3744 1841 3797 5.
1876 3725 1999 3781 ἀλλ’
2024 3728 2091 3780 A.
2102 3728 2169 3781 D.
2193 3728 2335 3782 ἀλλὰ
2361 3728 2465 3783 Ed.
2715 3731 2768 3783 6.
2805 3729 3043 3797 ἀπέφηνεν

663 3816 776 3918 ·8-π
811 3797 1023 3850 όσωπον
1063 3795 1163 3850 hoc
1203 3796 1387 3850 ordine
1425 3797 1492 3850 A.
1526 3797 1790 3867 ἀπέφηνεν
1827 3801 1857 3852 5
1896 3800 2122 3853 σατανᾶς
2157 3809 2281 3868 post
2314 3802 2597 3890 πρόσωπον
2633 3800 2928 3889 transponit
2953 3793 3039 3850 Ed·

665 3865 718 3919 8.
827 3865 1018 3938 ε’φανεν
1040 3869 1070 3919 5
1094 3866 1450 3936 ἀνακαινιστὴς
1474 3867 1575 3922 hoc
1602 3869 1791 3923 ordine
1817 3870 1886 3924 A.
2192 3886 2272 3923 10.
2311 3891 2468 3923 αυτου
2491 3870 2705 3940 φῦσεως
2729 3881 2782 3924 et
2806 3869 2920 3938 ἡμῖν
2939 3868 3042 3921 τοὺς

663 3936 1330 4077 ἔῖᾆῗῖἷνᾞίῗ’[ῗ,ῗ<ἶὲἱῗζῖῗ
1348 3940 1481 4079 123]
1513 4008 1585 4063 D.
1614 4008 1716 4063 Ed
1715 3953 1895 4009 ¹5³⁰
1785 3940 2504 4065 sssffissfflffffb‘fflff
2526 3963 2615 4009 '⁷¹⁹
2630 3962 2706 4063 1⁰3³
2704 3940 3042 4079 ‘27622‘7'31‘

664 4109 831 4156 σαμε-ν
855 4089 923 4142 A.
932 4089 1000 4143 D.
1025 4089 1496 4161 ἀνδραγαθῆσωμεν
1523 4091 1624 4145 Ed.
1842 4096 2112 4161 20.1'(==
2125 4093 2256 4162 ζωὴν
2278 4092 2502 4162 αἰώνων)
2537 4070 2794 4175 &a
2836 4081 3039 4155 'Cn-:ss

661 4177 905 4244 περιττὸν
928 4176 997 4231 A.
1022 4180 1282 4249 περισσὸν
1309 4177 1378 4233 D.
1406 4177 1509 4233 Ed.
1947 4195 2032 4234 22.
2071 4178 2236 4253 ὥστε]
2263 4183 2334 4239 ὥς
2353 4204 2416 4253 γε
2439 4193 2578 4237 recte
2602 4193 2662 4237 ut
2685 4180 2795 4236 vid.
2819 4175 3040 4234 emendat

665 4245 874 4318 Migne.
