3269 5166
215 323 330 388 vii.
360 349 389 391 ι
399 342 464 410 5.
729 326 836 392 IN
886 325 1410 393 EPISTOLAM
1462 329 1591 393 AD
1645 327 2115 398 ROMANOS.
2495 331 2624 397 203

214 489 444 589 με’νην
490 491 635 594 γάρ
670 525 833 571 τινα
864 500 1544 595 πλαστουργοῦντες
1596 494 1714 572 καὶ
1762 493 1988 598 τύχην
2028 492 2213 574 κατὰ
2260 494 2345 575 τὸ
2396 494 2624 599 σφίσι

216 615 499 714 δοκοῦν,
539 612 690 695 εἶτα
744 614 829 695 τὸ
865 623 1146 716 κρατεῖν
1181 621 1328 694 τῶν
1363 616 1527 695 καθ’
1566 615 1753 714 ἡμᾶς
1801 616 2250 720 πραγμάτων
2285 626 2439 703 ταῖς
2494 619 2623 699 οὐκ

215 738 473 821 οὔσαις
547 737 1001 836 ἀνάπτοντες,
1074 745 1588 841 παραιροῦνται
1661 739 1791 819 τὸν
1862 740 2244 845 ἄνθρωπον
2314 751 2443 823 τοῦ
2514 742 2624 823 ὅτι

213 862 553 958 μα’λιστα
605 861 1003 1014 πρέποντος
1056 864 1270 969 αὐτῷ,
1310 867 1497 966 φημὶ
1546 861 1623 943 δὲ
1667 871 1798 943 τοῦ
1844 869 2100 969 χρῆναι
2154 874 2384 1016 βιρῦν
2413 868 2615 946 ε’λευ-

140 1007 183 1069 5
216 985 467 1088 θέρως,
521 985 889 1085 ἀνειμένην
943 1020 1018 1066 τε
1071 988 1187 1065 καὶ
1240 985 1657 1065 ἐθελούσιον
1711 986 1967 1091 ἔχοντα
2021 988 2154 1087 τὴν
2205 988 2437 1093 ῥοπὴν
2492 989 2625 1089 τὴν

216 1107 423 1214 ἐφ’”
383 1143 560 1213 οπερ
615 1108 706 1189 ἀν
761 1110 999 1189 ἕλοιτο
1052 1115 1198 1188 τῶν
1250 1110 1650 1211 πρακτέων.
1732 1110 2008 1260 ἀνάγκη
2066 1112 2143 1193 δὲ
2197 1110 2450 1216 ὥσπερ
2505 1115 2623 1193 καὶ

214 1239 373 1317 τοῖς
405 1235 573 1338 παρ’
613 1234 896 1314 ἐκείνων
932 1266 1123 1336 οροις
1160 1266 1239 1312 τε
1276 1235 1391 1312 καὶ
1428 1232 1786 1338 ψήφοις
1750 1233 2168 1336 υπάγοντες,
2204 1238 2289 1316 οὐ
2325 1239 2625 1339 μετρίως

214 1358 554 1438 ἀδικοῦσι
611 1357 777 1441 τοὺς
836 1355 1017 1436 κατὰ
1079 1354 1283 1436 τόνδε
1344 1355 1473 1436 τὸν
1529 1360 1719 1452 βίον·
1812 1363 1874 1437 εἰ
1936 1357 2082 1460 γάρ
2146 1393 2254 1444 τις
2318 1360 2412 1439 ἰὀι
2469 1364 2622 1441 κατ’

217 1478 479 1565 αὐτοὺς
533 1483 648 1562 ἐπὶ
704 1478 787 1561 τὸ
837 1483 1016 1582 δρᾶν
1051 1476 1102 1560 ἀ
1148 1479 1247 1579 μὴ
1285 1479 1505 1578 θέμις,
1542 1482 1672 1560 οὐκ
1724 1479 1882 1561 ἐνὸν
1918 1483 2111 1589 αὐτῷ
2164 1482 2301 1563 κᾶν
2336 1488 2396 1563 εὶ
2438 1484 2615 1578 βού-

98 1641 187 1683 ιο
215 1616 430 1685 λοιτο
490 1602 709 1710 τυχὸν
760 1609 888 1705 τῆς
951 1602 1375 1706 εἱμαρμένης
1438 1603 1521 1684 τὸ
1586 1612 1805 1702 νεῦμα
1867 1609 2261 1712 διαφυγεῖν,
2326 1605 2471 1687 οὐδ’
2534 1604 2626 1687 ἀν

214 1731 417 1814 ὅλως
451 1727 994 1829 διαμωμήσαιτό
1030 1761 1137 1811 τις
1173 1729 1250 1807 εὖ
1284 1732 1597 1834 φρονῶν,
1624 1727 1760 1807 κᾶν
1795 1732 1854 1809 εἰ
1888 1730 2118 1831 ὁρῶτο
2152 1736 2622 1831 πλημμελῶν.

215 1852 264 1934 ὃ
301 1852 450 1957 γὰρ
485 1851 575 1953 ἦν
611 1852 886 1956 ἀνάγκη
919 1855 1035 1934 καὶ
1089 1852 1225 1955 οὐχ
1277 1849 1532 1931 ἑκόντα
1585 1854 1786 1953 δρᾶν,
1821 1858 1881 1931 εἶ
1917 1854 2293 1936 ἁλίσκοιτο
2347 1887 2627 1957 πεπρα-

216 1977 397 2085 χὼς,
432 1977 574 2085 ἔξω
627 2011 769 2058 που
823 1976 1109 2059 πάντως
1160 1973 1388 2058 αἰτίας
1435 1971 1644 2054 ἕσται
1689 1977 1808 2054 καὶ
1844 1976 2066 2076 δίκης·
2127 1979 2518 2059 ἐπαινέσειε
2554 1981 2623 2057 δ’

2674 429 2937 498 [πολι]

216 2101 317 2181 ἄν
372 2135 480 2186 τις
534 2101 618 2179 οὐ
669 2099 838 2179 λίαν
882 2097 1257 2205 ἐμφρόνως
1308 2095 1438 2177 τὸν
1493 2099 1757 2199 ἐπιεικῆ
1808 2104 1926 2178 καὶ
1982 2097 2308 2200 κόσμιον·
2365 2100 2443 2181 τί
2481 2101 2626 2206 γὰρ
2652 2139 2729 2195 21
2748 2138 2844 2196 u·

104 2254 189 2316 15
218 2229 285 2304 εἰ
359 2225 615 2327 γε’γονε
687 2230 1005 2306 τοιοῦτος
1072 2222 1208 2326 οὐχ
1272 2218 1474 2319 ἑκὼν,
1538 2221 1742 2301 ἀλλὰ
1810 2228 1955 2307 τοῖς
2017 2224 2257 2327 ἑτέρου
2324 2224 2627 2325 νεύμασι

213 2347 828 2451 παρενηνεγμένος
883 2351 980 2429 εἰς
1033 2353 1265 2442 τοῦτο,
1302 2350 1593 2443 μᾶλλον
1629 2344 1707 2425 δὲ
1756 2348 1873 2425 καὶ
1922 2344 2207 2452 ἄμαχον
2255 2350 2447 2456 αὐτῷ
2495 2346 2628 2449 τὴν

214 2469 549 2573 ἀνάγκην
582 2467 1202 2578 κατεξανιστάσης
1237 2472 1365 2568 τῆς
1401 2467 1623 2573 τύχης
1654 2501 1676 2565 ;

338 2597 630 2676 Οὐκοῦν
676 2593 949 2701 ἀπηχὲς
997 2593 1128 2692 μὲν
1175 2600 1549 2677 παντελῶς
1585 2592 1672 2673 τὸ
1705 2601 1859 2678 ταῖς
1900 2593 2286 2696 Ἑλλήνων
2318 2598 2628 2701 τερθρεί-

216 2755 337 2806 αις
392 2721 1025 2825 συναποφέρεσθαι
1081 2717 1318 2819 λέγειν
1360 2716 1490 2796 τὸν
1535 2723 1682 2796 τῶν
1738 2717 2163 2798 καλλίστων
2216 2720 2627 2822 εἰσηγητὴν,

108 2882 191 2925 20
216 2844 454 2948 ἤγουν
490 2844 767 2925 οἴεσθαι
816 2846 942 2941 τῆς
979 2843 1259 2921 ἐκείνων
1296 2839 1718 2942 ἀβελτερίας
1770 2839 1943 2921 ἰέναι
1987 2840 2289 2922 κατόπιν
2326 2840 2454 2922 τὸν
2485 2850 2631 2922 τῶν

221 2968 441 3049 θείων
481 2967 650 3068 ἡμῖν
695 2964 1114 3068 μυστηρίων
1155 2962 1508 3067 γεγονότα
1569 2963 1852 3063 ταμίαν,
1891 2997 1949 3043 ει
2006 2964 2207 3066 λέγοι
2263 2963 2484 3070 τυχόν
2528 2964 2629 3045 ‘O

220 3090 371 3195 722?
422 3088 938 3200 κατεργάζομαι
990 3093 1060 3169 οὐ
1106 3117 1441 3191 γινωσκω·
1504 3093 1574 3168 οὐ
1623 3087 1765 3196 γαρ
1799 3090 1832 3169 ‘o
1871 3085 2044 3169 θελω
2089 3090 2274 3168 τοῦτο
2316 3088 2628 3195 πράσα-ω,

221 3220 407 3296 ἀλλ’
445 3218 477 3295 ’ὃ
513 3213 705 3319 μισῶ
734 3215 921 3293 τοῦτο
972 3211 1169 3292 ποιῶ.
1231 3217 1289 3290 εἰ
1346 3207 1490 3362 γὰρ
1534 3210 1623 3311 δή
1677 3245 1785 3296 τις
1841 3209 2032 3296 ολως
2083 3213 2627 3366 διισχυρίσαιτο,

222 3341 347 3419 καὶ
405 3336 495 3437 δὴ
533 3341 650 3417 καὶ
701 3336 938 3416 ἕλοιτο
976 3341 1288 3439 φρονεῖν,
1325 3336 1423 3417 ὡς
1469 3333 1849 3440 εἶμαρμενῃ
1904 3368 2035 3433 μεν
2091 3337 2206 3415 καὶ
2261 3334 2445 3442 τύχῃ
2498 3334 2631 3435 τὴν

114 3495 193 3558 ²5
218 3468 375 3543 τῶν
432 3460 596 3541 καθ’
632 3461 819 3560 ἡμᾶς
865 3458 1380 3558 ἀπονενέμηκεν
1423 3456 1783 3564 ἐξουσίαν,
1819 3464 1973 3542 πῶς
2028 3460 2158 3539 οὐκ
2206 3455 2299 3538 ἀν
2347 3456 2627 3544 εἰκότως

218 3588 459 3687 ε’ροῖτο
495 3583 586 3664 ἀν
618 3582 836 3664 αὐτον
869 3582 1087 3662 ἐκεῖνό
1123 3616 1267 3662 που
1303 3580 1542 3683 λεγων
1580 3586 1673 3660 Ει
1707 3588 2063 3684 σκληραῖς
2108 3616 2225 3662 και
2275 3582 2630 3683 δυσαντή-

216 3743 375 3794 τοις
430 3706 772 3809 ἀνάγκαις
825 3704 1309 3806 ἐνειλημμένοι
1362 3710 1508 3784 τῶν
1540 3705 1936 3806 πρακτέων,
1972 3701 2019 3805 ἢ
2065 3705 2188 3805 μὴ,
2226 3704 2452 3808 κύριοι
2502 3704 2633 3803 μὲν

216 3834 427 3934 ἡμεῖς
483 3828 878 3930 οὐδαμόθεν
910 3826 1475 3927 καθεστήκαμεν,
1516 3825 1793 3925 ε’ίκομεν
1837 3827 1914 3908 δὲ
1960 3834 2254 3928 μᾶλλον
2304 3863 2401 3914 ως
2453 3864 2623 3934 κρα-

216 3965 482 4037 τοῦσιν
535 3953 796 4058 ἑτέροις
852 3956 971 4032 καὶ
1026 3959 1157 4032 τοῦ
1210 3950 1392 4031 κατὰ
1446 3950 1744 4052 γνώμην
1797 3950 2197 4055 εἱργόμεθα,
2252 3960 2408 4038 πῶς
2461 3954 2631 4053 ἡμῖν

112 4119 191 4176 30
218 4081 600 4187 γέγραφας
657 4074 872 4162 αὐτός
965 4087 1009 4125 “
1032 4075 1143 4156 Ἢ
1209 4078 1526 4178 ἀγνοεῖτε
1589 4076 1914 4180 ἀδελφοὶ,
1976 4077 2419 4178 γινώσκουσι
2486 4075 2629 4179 γὰρ
2656 4099 2820 4166 Supra
2840 4114 2944 4149 ver.

217 4215 267 4254 “
305 4202 530 4303 νόμον
563 4208 808 4302 λαλῶ,
850 4200 960 4281 ὅτι
998 4202 1039 4280 ὁ
1077 4199 1292 4300 νόμος
1340 4197 1632 4300 κυριεύει
1679 4206 1809 4279 τοῦ
1858 4198 2241 4302 ἀνθρώπου
2292 4201 2407 4306 ἐφ’
2450 4232 2631 4281 οσον
2661 4178 2705 4214 ι’

298 4441 349 4480 1.
382 4419 879 4549 πλωτνυτΰντίς
899 4440 1015 4475 τινα
1036 4419 1251 4473 inverso
1274 4416 1463 4472 ordine
1487 4418 1557 4471 A.
2093 4435 2146 4485 4.
2184 4418 2241 4473 δὲ
2265 4416 2467 4472 habent
2493 4417 2631 4472 A.B.

224 4513 251 4552 ι
350 4493 623 4582 ἐπαινέσαι
1153 4501 1236 4559 15.
1274 4486 1464 4558 ἑτέρον
1483 4488 1553 4543 A.
1999 4506 2083 4557 24.
2117 4488 2213 4555 μὲν
2235 4499 2289 4542 et
2311 4489 2406 4557 τὴν
2426 4504 2538 4543 om.
2562 4488 2631 4541 A.

296 4608 312 4624 .
348 4567 546 4621 ἐκεινου
567 4565 637 4620 A.
749 4558 1095 4631 δυσαρτὴτοις
1118 4558 1244 4629 (uic)
1269 4557 1338 4613 Α.
1643 4574 1731 4629 3ο.
1766 4558 1933 4615 «laam
1961 4576 2055 4630 pro
2078 4561 2396 4630 γινώσκουσι
2419 4559 2490 4612 A.

1340 4639 1531 4706 nd2
