3269 5166
656 355 786 421 184
986 356 1068 421 Β.
1114 354 1495 421 CYRILLI
1548 354 2083 420 ALEXANDR.
2143 354 2706 419 FRAGMENTA
2850 375 2907 418 v.
2934 371 3019 438 15.

357 453 435 520 [⁷
458 453 585 520 n]
658 527 867 628 φησι,
903 519 1231 601 τουτέστι
1267 527 1622 624 Χριστοῦ,
1661 522 1888 602 καίτοι
1936 520 2516 624 παραγεγονότος
2564 519 2722 620 ἤδη,
2757 520 2869 598 καὶ
2911 520 3022 616 τῆς

653 642 835 742 μετὰ
889 644 1160 748 σαρκὸς
1217 645 1616 747 οἰκονομίας
1672 645 2220 748 διαπεράναντος
2266 643 2352 724 τὸ
2406 643 2825 748 μυστήριον.
2888 648 3023 723 πῶς

654 767 779 847 οῦν
826 768 1173 873 μέλλοντα
1228 776 1452 867 καλεῖ,
1490 769 1670 875 φαίη
1718 803 1826 853 τις
1877 767 1971 849 ἀν
2014 769 2193 853 ἴσως
2228 802 2249 865 3
2324 770 2667 871 παραθεὶς
2702 766 2843 871 γὰρ
2877 767 3024 866 ἡμῖν

653 889 781 971 τὸν
832 897 1122 995 πρῶτον
1177 892 1578 996 ἄνθρωπον,
1636 897 1754 974 καὶ
1808 900 1953 973 τῶν
2017 896 2144 993 τῆς
2207 890 2694 996 παραβάσεως
2758 895 3026 992 διαμνη-

654 1015 1011 1116 μονεύσας
1061 1024 1344 1122 καιρῶν,
1380 1020 1477 1101 ὡς
1523 1019 1676 1116 μετ’
1716 1016 1971 1102 αὐτοὺς
2018 1016 2517 1121 παρεσόμενόν
2552 1052 2628 1098 τε
2664 1019 2780 1097 καὶ
2827 1017 3021 1121 ἕσχα-
3047 1045 3077 1105 5

656 1174 786 1220 τον
820 1139 1061 1240 Ἀδὰμ
1116 1139 1450 1240 ὠνόμασε
1506 1140 1633 1220 τὸν
1669 1140 2023 1243 Χριστόν·
2096 1142 2513 1245 προώριστο
2565 1139 2699 1240 μὲν
2756 1138 2895 1243 γὰρ
2943 1140 3026 1221 ὦς

659 1268 737 1344 ἐν
771 1263 1067 1365 θελήσει
1100 1300 1179 1346 τε
1216 1267 1333 1346 καὶ
1371 1266 1775 1372 προμηθείᾳ
1808 1273 1934 1346 τοῦ
1970 1270 2164 1346 Θεοῦ
2201 1269 2321 1345 καὶ
2358 1262 2650 1369 Πατρὸς
2688 1262 2932 1366 σωτήρ
2961 1294 3026 1341 τε

657 1391 774 1468 καὶ
811 1387 1201 1493 λυτρωτὴς,
1237 1389 1545 1497 ε’πέφανε
1601 1388 1680 1469 δὲ
1731 1396 1997 1492 καιροῖς
2050 1389 2250 1475 ἶδίοις
2300 1391 2465 1469 καθ’
2524 1388 2646 1474 οῦς
2694 1387 3027 1489 ἠθέλησεν

657 1513 699 1591 5
762 1511 1148 1614 δυνάστης·
1237 1514 1430 1595 οὗτοι
1495 1512 1582 1593 δέ
1632 1519 1815 1593 εἰσιν
1880 1517 1946 1593 οἱ
2008 1516 2085 1594 ἐν
2138 1512 2476 1619 ἐσχάτοις
2537 1516 2653 1593 καὶ
2727 1511 2874 1593 οἷον
2930 1513 3029 1591 ἐπὶ

658 1639 968 1736 δυσμαῖς
1030 1644 1160 1718 τοῦ
1216 1635 1569 1740 παρόντος
1632 1642 1908 1721 αἰῶνος.
1985 1638 2240 1718 οὐκοῦν
2294 1635 2618 1722 τεθεικὼς
2677 1642 2776 1723 εἷς
2828 1635 3028 1716 τύπον
3051 1662 3108 1704 10

659 1769 788 1840 τοῦ
842 1759 1132 1863 πρώτου
1180 1759 1307 1842 τὸν
1356 1761 1699 1866 δεύτερον,
1736 1796 2113 1866 μονονουχι
2166 1765 2285 1842 καὶ
2339 1762 2882 1843 διαπυνθάνεται
2921 1758 3030 1839 τὸν

660 1886 1130 1986 ἀκροώμενον,
1182 1888 1278 1970 ὡς
1334 1888 1408 1966 ἐν
1472 1887 1890 1993 ὑποστιγμῇ
1948 1920 2027 1967 τε
2091 1889 2208 1967 καὶ
2264 1885 2609 1990 ἐρωτήσει
2669 1887 2903 1990 λε’γων
2953 1880 3030 1961 τὰ

657 2010 849 2118 ἑξῆς·

560 2271 633 2333 15
845 2253 1018 2318 Ἀλλ’
1084 2254 1199 2343 οὐχ
1251 2254 1344 2320 ὡς
1398 2254 1474 2320 τὸ
1528 2256 1968 2346 παράπτωμα,
2021 2256 2199 2320 οὕτω
2254 2255 2362 2319 καὶ
2415 2254 2489 2321 τό
2545 2255 2864 2343 χάρισμα;

762 2424 1080 2525 ”Ομοιον
1138 2425 1281 2530 γὰρ
1338 2431 1435 2512 ὡς
1500 2429 1704 2532 λέγοι
1765 2412 2361 2532 Κατακεκρίμεθα
2422 2433 2526 2536 τῷ
2590 2424 2876 2534 θανάτῳ
2935 2416 3035 2503 διὰ
3058 2454 3116 2516 15

660 2552 787 2649 τῆς
842 2551 918 2628 ἓν
970 2549 1210 2650 Ἀδὰμ
1272 2551 1778 2658 παραβάσεως,
1845 2552 2021 2653 ὅλης
2080 2556 2205 2653 τῆς
2266 2553 2711 2657 ἀνθρωπείας
2770 2549 3037 2659 φύσεως

660 2679 872 2753 τοῦτο
915 2674 1295 2770 παθούσης
1337 2678 1412 2756 ἐν
1449 2679 1666 2786 αὐτῷ·
1730 2680 1846 2757 καὶ
1902 2676 2046 2779 γὰρ
2101 2674 2191 2776 ἦν
2247 2675 2539 2782 ἀπαρχὴ
2595 2685 2729 2757 τοῦ
2785 2674 3032 2778 γε’νους·

322 2804 488 2933 ῗὲοῐπ*
507 2818 612 2855 ver.
662 2799 830 2877 ἀλλ’
869 2800 946 2879 ε’ν
983 2805 1290 2908 Χριστῷ
1336 2801 1563 2881 πάλιν
1613 2802 2111 2901 ἀνεθάλλομεν
2157 2808 2254 2885 εἷς
2299 2801 2503 2905 ζωήν·
2568 2800 2795 2884 τύπος
2844 2799 2917 2879 δὲ
2961 2795 3039 2897 ἦν

663 2923 703 3001 5
739 2921 979 3023 Ἀδὰμ
1019 2932 1147 3004 τοῦ
1186 2922 1606 3024 με’λλοντος,
1646 2925 1971 3006 τουτέστι
2008 2931 2362 3071 Χριστοῦ,
2398 2931 2489 3030 τῇ
2534 2930 2679 3004 τῶν
2719 2921 3036 3030 φθασάν-

660 3081 805 3128 των
853 3046 1226 3150 σκαιότητι
1282 3047 1414 3149 τὴν
1470 3055 1985 3154 ἱσομοιροῦσαν
2029 3049 2197 3148 ἡμῖν
2241 3045 2767 3149 εἶσκομίζὸντος
2821 3045 3032 3153 χάριν·
3062 3073 3122 3116 ²0

657 3166 803 3274 ἀρα
857 3172 1009 3271 οῦν,
1070 3176 1289 3279 φησι,
1350 3181 1562 3254 τοῦτο
1627 3173 1863 3276 λε’γων
1928 3172 2373 3325 διημάρτηκα
2428 3174 2836 3271 τάληθοῦς·
2817 3233 2838 3269 ,
2915 3168 3041 3276 ἔξω

661 3296 969 3400 φέρομαι
1021 3304 1149 3377 τοῦ
1204 3296 1518 3380 εἰκότος·
1499 3359 1521 3395 ,
1608 3333 1733 3395 oux
1789 3334 1877 3382 ως
1934 3334 2004 3377 το
2064 3298 2529 3404 παράπτωμα
2586 3295 2751 3376 οὕτω
2812 3330 2926 3376 και
2981 3327 3041 3372 το

659 3418 1029 3526 χάρισμα·
1011 3481 1031 3515 ‚
1090 3421 1264 3500 ἀλλ’
1314 3419 1579 3526 ἰ’σχυσε
1628 3455 1761 3519 μεν
1805 3421 1888 3500 δι’
1929 3419 2085 3504 ἑνὸς
2132 3422 2172 3499 5
2226 3418 2557 3516 θάνατος,
2600 3420 2934 3520 ἀτονήσει
2976 3413 3042 3495 δε

660 3543 746 3622 δι’
785 3544 942 3630 ἑνὸς
977 3546 1022 3646 ἡ
1061 3542 1250 3647 ζωῆς
1314 3546 1539 3624 καίτοι
1577 3551 1732 3629 πῶς
1769 3545 1896 3624 οὐκ
1935 3543 2201 3645 ἀληθὲς
2232 3546 2452 3625 ἐκεῖνο
2501 3548 2719 3624 εἰπεῖν
2750 3578 2769 3639 ;
2832 3551 2882 3625 εἱ
2919 3539 3044 3647 γαρ

656 3675 753 3776 τῷ
785 3671 898 3750 τοῦ
948 3669 1079 3756 ἓνος
1120 3669 1650 3775 παραπτώματι
1700 3679 1752 3750 οἱ
1801 3675 2054 3750 πολλοὶ
2102 3667 2443 3767 ἀπίθανον,
2485 3677 2738 3776 πολλῷ
2785 3669 3045 3775 μᾶλλον
3068 3693 3128 3754 25

658 3795 692 3885 ἦ
737 3793 940 3901 χάρις
983 3796 1096 3875 τοῦ
1133 3795 1304 3875 Θεοῦ
1356 3804 1474 3874 καὶ
1525 3798 1559 3888 ἦ
1605 3788 1813 3901 δωρεα
1862 3795 1922 3875 ἐν
1967 3792 2195 3899 χάριτι
2251 3797 2332 3904 τῇ
2384 3795 2496 3874 τοῦ
2551 3790 2683 3878 ἕνὶς
2733 3791 3046 3899 ἀνθρώπου

656 3918 866 4010 Ἰησοῦ
919 3920 1202 4025 Χριστοῦ
1267 3925 1358 4004 εἷς
1413 3915 1561 4003 τοὶς
1617 3915 1922 4004 πολλοῦς
1980 3918 2461 4024 ὑπερίσσευσεν·
2542 3915 2865 4022 ἀνέξεται
2915 3911 3045 4015 γὰρ

658 4039 931 4140 ἥκιστά
978 4075 1084 4143 γε,
1123 4038 1636 4147 φιλάνθρωπος
1694 4040 1795 4121 ὧν
1848 4042 1888 4120 5
1944 4040 2397 4145 δημιουργὸς,
2435 4047 2876 4145 κατισχῦσαι
2931 4033 3046 4136 μὲν

660 4160 971 4242 θάνατον
1010 4160 1128 4242 διὰ
1171 4172 1301 4245 τοῦ
1346 4160 1522 4263 ἑνὸς,
1560 4167 2023 4268 ἀπρακτῆσαι
2070 4165 2144 4246 δὲ
2188 4165 2320 4267 τὴν
2357 4167 2441 4245 δι’
2482 4162 2635 4248 ἑνὸς
2682 4161 3045 4265 ἀνθρώπου

549 4326 557 4333 ·
659 4284 865 4390 ζωήν·
926 4288 1413 4392 ὑπερκείσεται
1448 4289 1523 4370 δὲ
1558 4289 1602 4389 ἡ
1640 4289 1848 4395 χοῖρις
1882 4287 1974 4370 τὰ
2008 4289 2096 4397 ἐξ
2127 4292 2368 4394 ὀργῆς.
3067 4313 3133 4373 30

658 4541 816 4650 Μαι.
854 4525 1172 4598 διημάρτηκα
1196 4525 1302 4582 κατ’
1329 4526 1587 4595 &Menon
1628 4526 1753 4597 (sic)
1784 4526 1849 4582 Β.
2144 4541 2231 4599 27.
2272 4526 2355 4582 Ita
2377 4535 2431 4583 et
2460 4526 2527 4583 Β.
2551 4524 3046 4597 ὑπερεπερίσσευσεΰ

726 4614 866 4667 ngne.
