3269 5166
210 348 367 415 xvii.
397 365 504 438 25.
651 349 768 415 IN
822 351 887 417 S.
932 349 1456 416 JOANNEM.
1546 350 1744 417 LIB.
1791 352 1916 418 XI.
2007 353 2208 420 CAP.
2247 355 2410 424 XII.
2583 362 2627 425 9

209 521 361 596 τῶν
406 515 607 597 ὅλων
658 517 993 613 βασιλίδι
1040 515 1280 621 φύσει.
1358 517 1466 600 τίς
1521 516 1649 597 οὖν
1699 518 1744 618 ἡ
1797 519 1989 598 αἰτία
2042 529 2169 600 τοῦ
2226 525 2626 621 κεκλῆσθαι

211 639 508 740 δίκαιον,
547 642 778 722 καίτοι
832 645 949 722 καὶ
1000 642 1255 746 ἑτέρως
1306 639 1477 748 ἐξὸν
1512 639 1992 746 ὀνομάζεσθαι
2033 643 2233 747 παρὰ
2273 650 2623 748 Χριστοῦ,

212 763 617 871 φιλομαθὲς
672 765 895 851 ὅντως
953 772 1146 847 ἰδεῖν.
1226 764 1309 847 τὸ
1364 764 1622 869 γάρτοι
1672 765 1774 866 μὴ
1828 768 2216 849 διιππεύειν
2251 770 2376 849 ἐᾶν
2411 771 2502 851 τὰ
2547 775 2626 851 ἐν

214 891 305 994 τῇ
341 888 805 999 θεοπνεύστῳ
855 896 1109 997 γραφῇ
1159 889 1606 994 θεωρήματα,
1644 889 1940 990 πολλὴν
1992 891 2083 972 ἂν
2133 894 2303 994 ἡμῖν
2358 893 2621 975 ἐκτέκοι
2647 874 2722 990 θ’

151 1037 189 1099 5
214 1011 349 1114 τὴν
407 1012 690 1114 ὄνησιν.
783 1016 1036 1097 οὐκοῦν
1094 1015 1315 1096 ἐκεῖνό
1377 1023 1639 1124 φαμεν,
1700 1013 1828 1096 τὸν
1890 1019 1968 1096 ἐν
2025 1021 2127 1125 τῷ
2185 1019 2623 1128 προκειμένῳ

212 1138 830 1242 περιαθρήσαντες
867 1147 1059 1221 νοῦν.
1128 1139 1244 1221 ὅτε
1282 1142 1523 1221 τοίνυν
1559 1141 1747 1239 ἡμᾶς
1786 1138 2204 1245 ἀγιάζεσθαι
2241 1141 2395 1222 κατ’
2425 1145 2624 1223 εὐδο-
2677 1168 2689 1175 ’

214 1265 379 1344 κίαν
415 1263 633 1364 ἤθελε
676 1273 807 1347 τοῦ
845 1266 1021 1346 ἰδίου
1062 1263 1377 1369 Πατρὸς,
1415 1262 1501 1345 τὸ
1548 1273 1677 1344 τοῦ
1712 1263 2184 1367 παρακλήτου
2220 1264 2623 1368 πρόσωπον

215 1392 337 1469 καὶ
400 1388 534 1489 τὴν
587 1397 717 1470 τοῦ
778 1390 1080 1491 μεσίτου
1146 1391 1391 1494 χρείαν
1449 1391 1900 1493 ἀποπληρῶν
1964 1389 2006 1468 5
2067 1388 2425 1494 Χριστὸς,
2491 1388 2622 1477 τὰς

219 1509 404 1616 ὑπὲρ
433 1512 723 1595 πάντων
757 1515 962 1615 ἡμῶν
992 1515 1390 1620 πρεσβείας
1429 1516 1733 1595 ἐποιεῖτο
1787 1511 2027 1615 λέγων
2070 1523 2115 1561 “
2145 1511 2489 1616 Πάτερ“’
2437 1550 2618 1618 αγιε,

117 1670 197 1712 ιο
219 1644 267 1684 “
300 1634 627 1740 τήρησον
682 1638 940 1725 αὐτοὺς
1011 1641 1089 1719 ἐν
1143 1644 1235 1744 τῇ
1309 1639 1610 1745 ἀληθείᾳ
1670 1638 1872 1736 σου,”
1941 1638 2076 1744 οὐχ
2135 1637 2379 1742 ἑτεραν
2445 1637 2619 1720 εἶναι

214 1760 457 1864 λέγων
503 1760 639 1863 τὴν
674 1762 1092 1865 ἀλήθειαν
1053 1801 1100 1866 η
1149 1798 1236 1844 το
1281 1763 1459 1844 ἰ’διον
1498 1769 1824 1862 Πνεῦμα,
1862 1762 1950 1841 δι’
1991 1763 2075 1843 οὗ
2112 1761 2241 1847 τὰς
2279 1764 2623 1868 ἡμετέρας

213 1885 700 1992 ἀσφαλίζεται
750 1886 1018 1994 ψυχὰς,
1054 1886 1666 1996 κατασφραγίζων
1702 1921 1800 1971 εις
1846 1886 2232 1988 ὁμοιότητα
2275 1887 2407 1985 τὴν
2442 1886 2625 1991 πρὸς

216 2010 491 2109 ἑαυτὸν,
529 2014 648 2092 καὶ
694 2011 1242 2119 ἀνατειχίζων”
1182 2047 1434 2117 ωσπερ
1472 2010 1759 2120 ἀῤῥήτω
1796 2008 2088 2111 δυνάμει
2120 2010 2304 2116 πρὸς
2341 2047 2627 2116 αμαχον

217 2136 625 2235 εὐτολμίαν,
661 2136 1106 2240 παραθήγων
1142 2136 1219 2217 δε
1270 2134 1572 2236 δῆλον“
1532 2171 1644 2217 οτι
1694 2138 1813 2215 καὶ
1857 2140 1956 2222 εἷς
1990 2136 2395 2238 προθυμίαν
2431 2136 2694 2242 dxci-<1

122 2288 189 2366 {5
216 2270 422 2340 λινον
456 2258 590 2361 τὴν
633 2262 739 2341 ἐπ’
780 2261 1111 2364 ἀκράτοις
1167 2261 1698 2364 ἀγαθουργίαις,
1746 2263 1843 2345 ὡς
1897 2258 2198 2360 μηδενὸς
2253 2260 2337 2340 τὸ
2392 2260 2626 2363 παρά-

214 2420 364 2466 παν
430 2382 635 2488 παρά
704 2385 933 2471 πόδας
1005 2384 1322 2484 κειμένου
1394 2388 1512 2465 καὶ
1586 2386 1831 2466 ὀπίσω
1902 2391 2151 2465 καλεῖν
2225 2385 2626 2492 ἰσχύοντος,

214 2507 544 2619 ὀξυτάτῳ
579 2512 933 2618 φέρεσθαι
988 2509 1232 2619 δρόμῳ
1287 2509 1467 2614 πρὸς
1514 2509 1600 2592 τὸ
1653 2514 1908 2590 δοκοῦν
1943 2514 2048 2618 τῷ
2086 2514 2274 2618 Θεῷ,
2314 2512 2429 2590 καὶ
2480 2517 2627 2592 τῶν

214 2639 655 2731 διαβολικῶν
695 2634 1179 2740 πολυτρόπων
1222 2635 1759 2741 μηχανημάτων
1797 2633 1843 2735 ἢ
1897 2638 2016 2715 καὶ
2072 2639 2201 2734 τῆς
2255 2638 2333 2714 ἐν
2369 2633 2625 2744 κόσμῳ

216 2761 646 2864 φιληδονίας
705 2760 956 2841 οὐδένα
1028 2767 1390 2842 ποιεῖσθαι
1445 2760 1698 2863 λόγον.
1801 2765 1864 2840 οἱ
1935 2758 2079 2864 γὰρ
2132 2758 2343 2866 ἅπαξ
2393 2795 2622 2839 κατα-

116 2923 192 2963 20
214 2885 800 2992 σφραγισθέντες
848 2887 953 2994 τῷ
997 2885 1230 2993 Ἀγίῳ
1273 2883 1644 2984 Πνεύματι
1700 2887 1817 2962 καὶ
1871 2881 1999 2963 τὸν
2055 2885 2445 2986 ἀῤῥαβῶνα
2500 2888 2626 2981 τῆς

215 3008 508 3115 χάριτος
544 3008 825 3114 ἔχοντες
861 3016 958 3095 εἶς
994 3019 1194 3108 νοῦν,
1236 3009 1803 3112 πεπυργωμένην
1841 3007 2091 3111 ἔχουσι
2137 3005 2270 3106 τὴν
2307 3009 2626 3109 καρδίαν,

216 3130 341 3215 ἅτε
387 3132 478 3234 δὴ
519 3138 636 3214 καὶ
690 3133 1156 3233 ἐνδυσάμενοι
1209 3132 1343 3234 τὴν
1386 3131 1477 3239 ἐξ
1527 3131 1763 3238 ὕψους
1819 3130 2142 3230 δύναμιν.
2219 3131 2337 3210 ἵνα
2390 3130 2628 3210 τοίνυν

217 3265 364 3339 τῶν
437 3261 667 3344 οὕτως
735 3258 1185 3365 ἀξιεράστων
1258 3255 1798 3355 ἀπολαύσωμεν
1872 3258 2191 3357 ἀγαθῶν,
2263 3255 2375 3361 ἐφ’
2442 3253 2627 3354 ἡμᾶς

217 3381 457 3464 ἐκάλει
512 3381 641 3464 τὸν
689 3381 890 3486 παρὰ
937 3382 1231 3488 Πατρὸς
1287 3381 1655 3484 ἀγιασμὸν
1708 3382 1749 3461 5
1801 3379 2152 3482 Χριστός.
2217 3382 2369 3461 νυνὶ
2425 3379 2513 3460 δέ
2559 3414 2628 3460 τι

118 3540 192 3601 ²5
218 3516 562 3607 τοιοῦτον,
615 3511 711 3592 ὡς
765 3510 1057 3616 ἐγῷμαι,
1113 3506 1341 3589 πάλιν
1395 3505 1743 3607 ἐννοήσας
1804 3506 2154 3612 φαίνεται.
2243 3504 2424 3607 πρὸς
2483 3502 2630 3608 γὰρ

218 3635 524 3731 ἐκείνοις,
600 3631 704 3720 οἷς
778 3633 920 3737 εφη
1005 3667 1168 3737 περι
1242 3640 1372 3713 τοῦ
1447 3636 1591 3712 δεῖν
1664 3632 1850 3732 ἡμᾶς
1934 3629 2356 3734 ἀγιάζεσθαι
2428 3626 2632 3733 παρὰ

1776 3762 1809 3779 Α

2709 1527 2873 1593 Supra

2708 1610 2811 1644 ver.
2835 1607 2910 1659 ¹7·

2718 3155 2768 3204 S.
2789 3155 2912 3233 ’Lum

2719 3237 2854 3273 xxw.
2874 3237 2952 3288 49.

222 3755 540 3861 Πατρος,
578 3792 695 3839 και
739 3755 908 3838 τάδε
950 3756 1416 3860 προστέθεικε
1452 3758 1616 3860 περὶ
1650 3756 1858 3855 ἡμων
1897 3764 1939 3801 “
1972 3752 2203 3856 Κάγω
2238 3752 2369 3853 τὴν
2407 3751 2631 3858 δόξαν
2654 3782 2968 3840 a100'7A.

2532 3875 2567 3904 θ

299 3879 392 3983 ἣν
430 3879 740 3967 δέδωκάς
774 3915 897 3980 μοι
935 3882 1205 3962 δέδωκα
1242 3882 1481 3963 αὐτοῖς
1519 3914 1636 3959 ινα
1674 3912 1859 3958 ωσιν
1897 3876 1974 3956 ἓν
2011 3877 2246 3960 καθὼς
2288 3876 2487 3976 ἡμεῖς
2524 3904 2624 3955 εν·

222 4017 266 4055 “
303 4005 699 4109 ἠγάπησας
748 4004 893 4109 γὰρ
948 4003 1205 4089 αὐτοὺς
1264 4001 1501 4087 καθὼς
1555 4001 1676 4101 ἐμὲ
1730 3998 2185 4104 ἠγάπησας,”
2246 4003 2361 4080 καὶ
2406 3998 2633 4081 πάλιν

116 4166 196 4223 30
221 4141 265 4178 ‘⁶
305 4127 572 4235 Πάτερ,
610 4129 735 4215 οὓς
771 4129 1080 4216 δέδωκάς
1116 4163 1264 4230 μοι,
1302 4128 1497 4209 θέλω
1536 4127 1655 4208 ἵνα
1705 4125 1890 4208 ὅπου
1924 4128 2066 4225 εἰμὶ
2098 4123 2242 4226 ἐγὼ
2279 4129 2395 4204 καὶ
2435 4126 2633 4204 αὐτοὶ

222 4252 267 4290 “
301 4238 441 4323 ὦσι
476 4244 627 4344 μετ’
669 4242 912 4343 ἐμοῦ.”

270 4547 382 4658 ’.πέ
407 4531 671 4603 ἅγιασμὸν
691 4531 754 4586 Ε.
777 4532 870 4602 (cf.
888 4534 1110 4599 ἁγίασον
1135 4530 1318 4588 αὐτοὺς
1344 4530 1399 4585 ἐν
1422 4533 1483 4600 τῇ
1509 4528 1725 4599 ἀληθείᾳ
1752 4527 1895 4597 σου.)
1917 4526 2175 4598 ἁγνισμὸν
2194 4523 2298 4580 Ed.
2435 4524 2520 4577 28.
2546 4522 2635 4576 αὖ·

312 4705 453 4751 voL.
488 4704 593 4748 111.
1419 4702 1453 4747 C

2722 3859 2888 3922 Supra.

2722 3940 2826 3973 ver.
2846 3939 2924 3981 υ.

2725 4004 2807 4052 23.

2724 4145 2802 4195 Ib.
2826 4158 2902 4205 24.
