3269 5166
237 343 373 411 xix.
405 368 508 416 20.
819 351 934 415 IN
994 351 1062 416 S.
1107 350 1623 417 JOANNEM.
1703 351 1898 418 LIB.
1932 351 2093 417 XII.
2566 349 2649 415 85

243 515 470 600 δίκας.
551 519 612 595 εἶ
666 514 813 620 γὰρ
868 522 984 597 καὶ
1037 516 1134 603 εἷς
1184 517 1276 620 ἦν
1330 520 1372 599 ό
1426 517 1763 625 πάσχων,
1813 519 1981 600 ἀλλ’
2021 515 2114 619 ἦν
2168 515 2346 623 ὑπὲρ
2399 522 2655 599 πᾶσαν

247 637 384 739 τὴν
437 640 697 740 κτίσιν,
743 644 840 726 ὡς
876 640 1084 742 Θεὸς,
1121 644 1239 723 καὶ
1289 647 1418 744 τῆς
1467 642 1807 724 ἁπάντων
1843 641 2023 746 ζωῆς
2057 641 2460 750 ἀξιώτερος.
2536 640 2655 723 διά

245 796 360 842 τοι
412 772 649 863 τοῦτο,
688 763 877 845 καθὰ
923 770 1042 846 καὶ
1087 768 1129 847 ό
1170 765 1497 875 ψάλλων
1532 769 1785 874 φησὶν,
1822 766 2169 875 ἐνέφραξε
2223 763 2358 867 μὲν
2392 769 2652 867 ἀνομία
2741 762 2828 892 2⁴·
2849 763 2945 816 ‘'5·

243 893 459 967 πᾶσα
489 883 577 968 τό
611 887 856 989 στόμα
890 891 1128 990 αὐτῆς,
1164 889 1581 995 κατηργῆθη
1616 890 1695 971 δὲ
1737 888 2008 995 τρόπον
2042 888 2202 971 τινὰ
2243 895 2371 991 τῆς
2408 893 2646 995 ἀμαρ-
2675 915 2713 960 θ

176 1025 216 1086 5
244 1011 403 1095 τίας
442 1011 485 1112 ἦ
520 1018 841 1114 γλῶττα,
877 1014 1300 1117 καταλέγειν
1335 1014 1436 1095 ἔτι
1467 1021 1614 1095 τῶν
1648 1013 2161 1120 ἡμαρτηκότων
2195 1015 2323 1096 οὒκ
2360 1015 2651 1124 ἔχουσα.

246 1136 762 1237 δεδικαιῶμεθα
836 1138 1002 1241 γὰρ,
1065 1138 1498 1224 ἐκτετικότος
1564 1138 1742 1243 ὑπὲρ
1815 1140 2020 1240 ἡμῶν
2092 1137 2186 1219 τὰ
2259 1138 2655 1247 ὀφλήματα

246 1267 381 1339 τοῦ
437 1265 796 1363 Χριστοῦ·
890 1268 1074 1372 66τῷ
1143 1263 1290 1367 γὰρ
1355 1264 1667 1364 μώλωπι
1742 1298 1959 1344 αυτου
2033 1298 2231 1364 ημεις
2297 1261 2651 1365 ιαθημεν,”
2746 1333 2793 1386 5·
2889 1255 2901 1268 ’

245 1384 435 1463 κατὰ
490 1383 575 1465 τὸ
631 1420 1147 1489 γεγραμμενον.
1197 1385 1451 1490 ὥσπερ
1496 1387 1571 1468 δε
1623 1388 1743 1467 διὰ
1795 1396 1925 1468 τοῦ
1980 1386 2211 1495 ξύλου
2264 1386 2350 1468 τὸ
2400 1390 2479 1468 ἐκ
2527 1391 2655 1487 τῆς

246 1508 745 1596 ἀποπτωσεως
800 1512 968 1612 ἡμῖν
1020 1511 1519 1620 ἐξεμηχανήθη
1574 1547 1816 1610 κακον,
1874 1514 2061 1593 οὕτω
2117 1510 2205 1612 δὴ
2258 1507 2485 1592 πάλιν
2537 1510 2656 1594 διὰ

131 1657 219 1697 10
250 1632 486 1739 ξύλου
532 1634 826 1737 γε’γονεν
861 1637 907 1737 ἡ
943 1642 1042 1721 εἰς
1085 1634 1259 1740 ὅπερ
1297 1635 1472 1738 ἦμεν
1507 1639 1583 1717 ἐν
1626 1640 1881 1743 ἀρχαῖς
1920 1634 2389 1740 ἀναδρομὴ,κ
2345 1639 2463 1717 καὶ
2509 1642 2657 1718 τῶν

249 1757 602 1859 οὐρανίων
674 1763 968 1863 ἀγαθῶν
1040 1761 1087 1861 ἦ
1156 1759 1586 1865 τριπόθητος
1679 1760 2157 1869 ἐπανάληψις,
2229 1764 2348 1842 καὶ
2433 1760 2656 1862 αὐτὴν

247 1879 503 1984 ὥσπερ
569 1891 697 1963 τοῦ
762 1882 1174 1985 νοσήματος
1235 1884 1369 1986 τὴν
1437 1884 1670 1992 ἀρχὴν
1745 1886 2493 1993 ἀνακεφαλαιουμένου
2565 1886 2651 1966 δι’

248 2008 440 2108 ἡμᾶς
487 2012 588 2093 εἷς
630 2007 885 2089 ἑαυτὸν
927 2018 1056 2091 τοῦ
1097 2015 1457 2114 Χριστοῦ

2680 2184 2998 2244 81061Δ..

250 2266 501 2332 Τοῦτον
563 2264 677 2333 οὗν
740 2268 854 2336 τὸν
911 2267 1128 2336 τίτλον
1192 2269 1431 2335 πολλοὶ
1492 2269 1871 2346 ἀνὲΓνωσαν
1946 2271 2074 2337 τῶν
2134 2269 2501 2354 Ἰουδαίων,
2554 2272 2656 2340 ὅτι
2688 2283 2765 2324 20

141 2430 223 2489 15
355 2391 542 2468 ὲΓι-ὺε
606 2390 685 2460 ἦν
747 2394 784 2461 ό
844 2394 1045 2461 τόπος
1104 2402 1218 2463 τῆς
1280 2399 1547 2463 πόλεως
1611 2398 1779 2464 ὅπου
1839 2395 2223 2488 ἐσταυρώθη
2288 2399 2325 2467 ὁ
2378 2400 2655 2464 Ἰησοῦς·

359 2521 471 2586 καί
523 2517 602 2588 ἦν
657 2523 1099 2613 ΓεΓραμμὲνον
1145 2521 1483 2614 Ἐβραϊστὶ
1523 2522 1889 2602 Ῥωμαϊστὶ
1931 2522 2333 2592 Ἑλληνιστί.

368 2719 814 2825 Εὖμηχάνως
880 2719 969 2822 δὴ
1035 2722 1204 2803 λίαν
1266 2725 1383 2803 καὶ
1448 2722 1564 2805 διὰ
1634 2723 1825 2808 θείας
1897 2723 2088 2808 τινὸς
2162 2727 2280 2804 καὶ
2352 2723 2662 2830 ἀῤῥήτου

248 2844 486 2926 πάλιν
556 2846 956 2946 οἰκονομίας
1037 2849 1536 2928 ἀνατεθεῖσθαι
1615 2845 1745 2928 τὸν
1816 2850 2068 2929 τίτλον
2141 2849 2322 2953 φαίη
2394 2883 2501 2933 τις
2573 2847 2666 2929 ἂν

252 2972 574 3072 τριπλῆν
628 2970 886 3074 ἔχοντα
955 2969 1090 3071 τὴν
1141 2969 1456 3075 γραφὴν,
1512 2969 1894 3080 Ἐβραϊστὶ,
1950 2972 2351 3078 Ῥωμαϊστὶ,
2403 2972 2663 3067 Ἐλλη-

145 3125 231 3167 20
256 3098 451 3175 vso-ri·
509 3095 886 3196 προῦκειτο
933 3094 1080 3199 γὰρ
1126 3097 1443 3200 ἐναργῶς
1490 3094 1625 3196 τὴν
1660 3102 1789 3175 τοῦ
1827 3099 2162 3198 Σωτῆρος
2198 3095 2402 3195 ἡμῶν
2435 3101 2656 3191 βασι·
2691 3093 2737 3159 b

256 3219 464 3298 λείαν
500 3219 882 3321 ὁμολογῶν
919 3217 1037 3298 διὰ
1086 3226 1305 3323 τριῶν
1339 3219 1514 3305 τέως
1561 3226 1710 3300 τῶν
1744 3221 2055 3301 ἀπασῶν
2088 3217 2671 3326 ἐπιφανεστέρων

256 3348 658 3445 γλωσσῶν,
697 3343 816 3423 καὶ
851 3343 1188 3451 ἀπαρχὴν
1223 3341 1473 3448 ὥσπερ
1518 3341 1681 3424 τινὰ
1729 3349 1834 3454 τῷ
1885 3343 2372 3449 σταυρωθένπ
2419 3379 2658 3449 προσ·

259 3465 464 3570 α’γων
497 3471 623 3566 τῆς
655 3470 820 3571 περὶ
857 3469 1075 3549 αὑτοῦ
1111 3470 1558 3570 λαληθείσης
1592 3470 2056 3577 προφητείας.
2135 3469 2276 3579 ἔφη
2329 3467 2471 3575 γάρ
2523 3505 2667 3551 που

261 3590 552 3691 Δανιὴλ
590 3592 631 3671 ὁ
667 3591 1119 3698 σοφώτατος,
1162 3590 1270 3672 ὅτι
1306 3603 1351 3641 “
1377 3594 1569 3700 αὐτῷ
1616 3592 1829 3694 ἐδόθη
1879 3595 1924 3694 ἡ
1975 3591 2145 3694 τιμὴ
2196 3595 2314 3673 καὶ
2361 3593 2403 3693 ἡ
2438 3601 2660 3687 βασι-

152 3724 233 3789 25
261 3725 305 3763 ‘⁶
346 3716 506 3795 λεία
571 3719 688 3795 καὶ
751 3722 984 3796 πᾶσαι
1050 3721 1124 3797 αἱ
1190 3720 1419 3822 φυλαὶ
1486 3719 1603 3797 καὶ
1678 3724 2029 3820 γλῶσσαι
2100 3718 2294 3826 αὐτῷ
2366 3716 2661 3799 δουλεύ-

259 3852 306 3889 “
344 3838 675 3937 σουσιν,”
732 3839 934 3920 ἀλλὰ
989 3843 1109 3921 καὶ
1159 3845 1459 3926 Παῦλος
1515 3842 1684 3941 ἡμῖν
1730 3843 1771 3922 ὁ
1823 3841 2196 3945 ἱερώτατος
2250 3841 2668 3923 ἐπιστέλλει

256 3970 481 4063 βοῶν,
529 3962 642 4044 ὅτι
680 3974 725 4012 “
751 3970 901 4045 πᾶν
951 3964 1129 4068 γόνυ
1182 3964 1458 4072 κάμψει
1513 3967 1948 4069 ἐπουρανίων
2003 3970 2120 4047 καὶ
2178 3965 2504 4069 ἐπιγείων
2552 3969 2671 4047 καὶ
2767 3953 2994 4081 ,Ῑᾜέὶξὶ

259 4102 306 4140 “
343 4089 862 4195 καταχθονίων,
937 4094 1056 4171 καὶ
1138 4096 1350 4173 πᾶσα
1430 4096 1756 4194 γλῶσσα
1849 4089 2467 4198 ἐξομολογήσεται
2559 4090 2669 4171 ὅτι

258 4226 306 4264 “
346 4214 616 4321 Κύριος
651 4216 940 4314 Ἰησοῦς
973 4213 1297 4318 Χριστὸς
1332 4220 1429 4299 εἷς
1466 4214 1691 4323 δόξαν
1729 4220 1922 4295 Θεοῦ
1960 4213 2313 4319 Πατρός.”
2376 4214 2669 4322 ἀπαρχὴ
2694 4243 2730 4286 0

153 4364 237 4426 30
262 4348 652 4445 τοιγαροῦν
689 4335 943 4443 ὥσπερ
994 4372 1099 4424 τις
1149 4337 1427 4441 ἀληθὴς
1477 4343 1606 4440 τῆς
1656 4346 1800 4420 τῶν
1852 4346 2231 4442 γλωσσῶν
2280 4342 2672 4444 ὁμολογίας

261 4469 304 4548 ὁ
362 4466 615 4550 τίτλος
673 4461 787 4565 ἦν,
842 4463 1159 4559 βασιλέα
1217 4463 1613 4570 κηρύσσων
1666 4463 1794 4545 τὸν
1847 4466 2163 4566 Ἰησοῦν.
2269 4461 2360 4565 ἦν
2415 4463 2491 4545 δὲ
2554 4466 2674 4542 καὶ

257 4592 516 4699 ἐτέρως
554 4593 686 4690 τῆς
722 4589 1087 4670 Ἰουδαίων
1123 4588 1541 4696 ἀφιλοθεΐας
1589 4587 2004 4692 κατήγορος,
2043 4589 2419 4692 μονονουχὶ
2467 4587 2666 4688 διαῤ-

2756 3587 2890 3641 Dm.
2917 3587 2988 3638 vii

2760 3667 2839 3716 14·
