3269 5166
332 440 594 507 [70M·]

413 1629 490 1685 ’11
515 1626 612 1685 Π.

300 2627 430 2694 Eph.
446 2628 499 2681 fl.
516 2625 567 2683 6.

363 2759 469 2793 ver.
490 2760 538 2809 4,
566 2755 613 2807 5.

427 2997 536 3035 ver.
560 2983 608 3036 8.

436 3113 540 3150 ver.
558 3113 607 3167 9.

639 343 768 419 298
893 343 969 410 B.
1019 342 1393 410 CYRILLI
1436 342 1963 409 ALEXANDR.
2013 341 2577 408 FRAGMENTA
2663 364 2768 408 xv.
2804 362 2865 429 3.
2898 362 3035 426 sqq.

640 508 759 584 λοὶ
794 503 938 608 γὰρ
965 505 1134 586 λίαν
1169 507 1349 586 οἵτε
1384 515 1511 587 τοῦ
1547 504 1858 587 θανάτου
1879 511 2211 608 Χριστοῦ
2247 509 2363 585 καὶ
2402 510 2527 605 τῆς
2557 502 3038 587 ἀναστάσεως

639 626 1013 730 μάρτυρες·
1092 626 1264 709 εἶναι
1324 627 1581 711 λοιπὸν
1638 630 1789 710 κατ’
1846 628 2094 709 οὐδένα
2142 626 2411 733 τρόπον
2470 629 2888 708 ἐνδοίαστον
2946 625 3037 705 τὸ

638 752 1043 829 ἐκτεθνάναι
1090 750 1220 849 μὲν
1259 752 1431 854 ὑπὲρ
1467 751 1670 850 ἡμῶν
1706 751 1889 831 κατὰ
1934 751 2175 856 σάρκα
2211 750 2542 854 Χριστὸν
2589 752 2907 850 Ἰησοῦν,
2939 751 3031 829 ἵν’

639 873 853 979 ἐξέλῃ
890 882 1016 953 τοῦ
1062 872 1342 974 κόσμου
1377 872 1507 975 τὴν
1542 876 1925 976 ἁμαρτίαν·
1998 874 2372 977 ἐγηγέρθαι
2413 908 2493 956 τε
2534 875 2625 954 αὖ
2662 881 3037 954 πατοῦντα

638 996 767 1076 τὸν
803 994 1133 1095 θάνατον,
1169 998 1286 1077 ἵνα
1321 1002 1440 1077 καὶ
1476 997 1673 1097 ἡμεῖς
1707 994 1790 1077 τὸ
1827 1002 2071 1102 χρῆμα
2106 996 2571 1101 κερδάνωμεν.
2628 997 3037 1100 ἀναγκαίως
3065 1019 3102 1079 5

639 1117 717 1199 δὲ
752 1125 848 1204 εἷς
880 1119 966 1199 τὸ
995 1119 1230 1224 παρὸν
1265 1122 1348 1201 οὐ
1383 1120 1710 1202 τεθνάναι
1745 1120 1986 1219 μόνον,
2018 1121 2218 1201 ἀλλά
2254 1124 2371 1201 καὶ
2407 1122 2758 1227 τετάφθαι
2795 1123 3038 1225 φησὶν

639 1242 879 1323 αὐτόν·
959 1242 1430 1344 πιστούμενος
1478 1243 1622 1348 γὰρ
1659 1241 1744 1324 τὸ
1787 1241 2116 1324 τεθνάναι
2163 1243 2346 1325 κατὰ
2380 1245 2721 1345 ἀλήθειαν
2758 1246 2799 1324 ὁ
2833 1245 3028 1341 Ἐμ-

634 1365 985 1467 μανουὴλ,
1021 1368 1321 1448 τέθειται
1368 1370 1442 1447 ἐν
1491 1367 1832 1475 μνημείῳ·
1893 1365 2092 1467 πλὴν
2146 1369 2430 1464 ἀνεβίω,
2470 1365 2789 1468 καθάπερ
2845 1366 3036 1471 ἔφην

636 1492 917 1593 ἀρτίως·
978 1489 1093 1569 διὰ
1131 1491 1263 1589 μὲν
1297 1500 1424 1570 τοῦ
1457 1489 1787 1570 τεθνάναι
1824 1494 2041 1593 σαρκὶ
2089 1497 2582 1595 πληροφορῶν
2618 1489 2725 1570 ὅτι
2777 1490 3035 1592 γέγονε

637 1612 856 1720 σὰρξ,
916 1615 1142 1693 καίτοι
1199 1612 1384 1697 Θεὸς
1437 1611 1539 1692 ὧν
1595 1615 1636 1692 ὁ
1692 1611 1951 1717 Λόγος·
2026 1613 2142 1693 διὰ
2199 1613 2275 1694 δὲ
2331 1622 2461 1694 τοῦ
2519 1617 2845 1713 πατῆσαι
2901 1609 3035 1692 τᾶν
3067 1640 3151 1681 10

636 1733 968 1834 θάνατον,
1016 1734 1126 1815 ὅτι
1181 1736 1366 1821 Θεὸς
1424 1735 1607 1816 κατὰ
1662 1736 1894 1843 φύσιν
1947 1738 2147 1816 ἐστὶν
2201 1740 2518 1839 ἐναργῶς
2575 1737 3030 1842 ἀποφαίνων.

633 1856 834 1958 ’πλὴν
869 1860 997 1939 οὐκ
1034 1858 1424 1964 ἀλλότριον
1459 1856 1787 1962 ζωοποιεῖ
1815 1856 1988 1939 ναὸν
2025 1862 2065 1939 ὃ
2102 1862 2178 1939 ἐκ
2217 1865 2409 1940 Θεοῦ
2447 1857 2736 1961 Πατρὸς
2768 1858 3035 1960 Λόγος,

636 1978 799 2061 οὐδὲ
839 1980 924 2062 τό
959 2015 1150 2068 τινος
1186 1983 1462 2082 ἀπλῶς,
1501 1989 1721 2081 σῶμα
1759 1982 1835 2063 δὲ
1876 1990 2169 2082 μᾶλλον
2207 1979 2290 2062 τὸ
2327 1983 2504 2064 ἴδιον
2545 1985 2784 2079 αὐτοῦ,
2822 1983 2908 2060 δι’
2946 1982 3036 2061 οὗ

634 2106 753 2184 καὶ
797 2103 972 2206 ὑπὲρ
1006 2105 1208 2204 ἡμῶν
1242 2102 1571 2186 τεθνάναι
1618 2105 1927 2209 λέγεται,
1964 2106 2080 2186 ἵνα
2118 2104 2237 2186 καὶ
2273 2104 2359 2186 τὸ
2396 2111 2522 2206 τῆς
2559 2105 3036 2188 ἀναστάσεως

634 2225 911 2330 ἀγαθὸν
965 2227 1141 2332 ὑπὲρ
1175 2230 1378 2328 ἡμῶν
1433 2230 1727 2329 ἀληθῶς
1767 2229 2069 2332 γεγονὸς
2123 2232 2402 2336 εὑρεθῇ·
2479 2228 2616 2328 ὅλη
2672 2227 2816 2332 γὰρ
2859 2226 2950 2327 ἦν
2987 2227 3036 2326 ἦ
3071 2255 3098 2295 ¹
3109 2254 3150 2313 5

634 2350 1018 2454 ἀνθρώπου
1060 2351 1285 2459 φύσις
1339 2355 1415 2433 ἐν
1450 2354 1645 2459 αὐτῷ
1674 2362 2013 2434 πατοῦσα
2047 2351 2176 2434 τὸν
2230 2355 2567 2434 θάνατον·
2643 2355 2829 2433 οὕτω
2885 2351 3035 2454 γὰρ

633 2474 825 2582 αὐτῷ
859 2477 1321 2580 συνταφῆναί
1351 2511 1425 2556 τε
1463 2477 1580 2555 καὶ
1617 2477 2136 2581 συνεγηγέρθαι
2173 2475 2557 2579 λεγόμεθα,
2585 2476 3036 2577 συγκαθίσαι

635 2632 715 2677 τε
770 2602 886 2679 καὶ
941 2609 987 2647 “
1013 2602 1089 2680 ἐν
1142 2606 1290 2686 τοῖς
1343 2601 1849 2704 ἐπουρανίοις.”
1928 2604 2180 2682 οὐκοῦν
2233 2601 2591 2710 ἐγηγέρθαι
2646 2599 2780 2698 μέν
2838 2606 3035 2706 φησι

641 2719 831 2802 κατέι
889 2720 1020 2810 τὶς·
1076 2722 1395 2832 γραφὶς,
1452 2720 1673 2832 εἶφθαι
1736 2723 1812 2804 δὲ
1868 2732 2017 2810 τοῖς
2080 2726 2307 2827 ἁγίοις
2369 2721 2831 2822 ἀποστόλοις,
2892 2721 3036 2801 ἀνὰ

635 2845 848 2948 μέρος
893 2878 973 2926 τε
1019 2850 1215 2927 τισὶν
1251 2852 1348 2931 ὡς
1398 2847 1932 2955 ἐξειλεγμένοις,
1968 2852 2086 2929 καὶ
2132 2846 2280 2948 μὴν
2316 2850 2433 2928 καὶ
2480 2844 2662 2928 κατὰ
2709 2845 3028 2946 πληθύν·
3064 2881 3151 2923 20

636 2967 817 3075 ἔφθη
855 2968 933 3049 δὲ
973 2977 1183 3077 καὶμοῖ
1223 2973 1497 3075 ὡσπερεὶ
1536 2980 1632 3079 τῷ
1669 2970 2046 3081 ἐκτρῶματι
2081 2978 2228 3051 τῶν
2264 2968 2729 3052 ἀποστόλων.
2788 3004 3036 3072 μετρι-

634 3090 788 3194 άζέι
843 3092 919 3174 δὲ
974 3092 1290 3199 σφόδρα,
1330 3090 1567 3203 ὃιῶξαί
1614 3129 1695 3174 τε
1750 3093 1854 3189 τὴν
1910 3096 2281 3189 ἐκκλησίαν
2336 3092 2787 3199 ἰσχυρίζεται,
2829 3093 3036 3192 πλὴν

630 3218 987 3317 ἠλεῆσθαι
1044 3216 1242 3322 παρὰ
1308 3223 1641 3321 Χριστοῦ
1695 3221 1812 3300 καὶ
1876 3222 2275 3317 κεκλῆσθαι
2338 3215 2521 3321 πρὸς
2571 3216 3029 3316 ἀποστολήν·

629 3342 1000 3444 ἀποφῆναι
1047 3341 1122 3421 δὲ
1158 3342 1243 3422 τὸ
1289 3342 1478 3444 με’γα
1512 3346 1640 3442 τῆς
1676 3339 2148 3427 ἀναστάσεως
2194 3341 2624 3445 μυστήριον,
2668 3342 2830 3422 οὔτε
2881 3347 3033 3425 τοῖς

631 3465 951 3570 ἀρχαίοις
1000 3465 1227 3568 ἁγίοις
1277 3464 1734 3567 ἠγνοημένον·
1795 3465 2209 3568 προείρηται
2244 3463 2412 3567 γάρ·
2493 3466 2651 3545 οὔτε
2698 3462 2846 3564 μὴν
2882 3472 3032 3550 τοῖς
3063 3495 3146 3556 25

705 3736 756 3776 2.
796 3718 911 3775 Ino.
951 3718 1492 3811 Προκεχρῃσμῶδηται
1525 3718 1630 3791 γὰρ
1665 3721 1695 3772 ὁ
1730 3722 1961 3789 Χριστοῦ
2000 3719 2216 3776 θάνατος
2250 3720 2335 3773 διά
2372 3740 2428 3774 τε
2467 3721 2561 3773 τοῦ
2598 3721 2759 3787 νόμον
2801 3719 2889 3773 καὶ
2927 3724 3035 3775 τόν

630 3793 916 3862 προφητῶν
939 3811 1021 3844 και
1054 3789 1139 3844 διὰ
1169 3795 1271 3843 τῶν
1305 3790 1651 3861 εὖαγγελικῶν
1675 3789 1759 3843 καὶ
1780 3789 2143 3845 ἀποστολικῶν
2165 3790 2552 3857 θεσπισμάτων.
2594 3790 2781 3844 οὐκοῦν
2800 3789 3033 3844 ἀνενδοί-

629 3883 795 3917 αστον
817 3861 897 3916 ὅτι
919 3859 1169 3915 ἀπέθανεν
1189 3859 1320 3930 ὑπὲρ
1349 3858 1425 3914 H.
1649 3876 1702 3930 3.
1738 3859 1966 3930 Χριστὸς
1987 3858 2068 3914 ἵνα
2092 3859 2331 3929 ἐξέληται
2358 3859 2433 3914 Η.
2662 3879 2714 3926 4.
2749 3860 3034 3931 ε’γη-γέρθαι

629 3953 687 3985 τε
711 3929 777 3986 αὖ
797 3928 1082 4001 πατοῦντα]
1109 3930 1192 3984 καὶ
1225 3928 1240 3948 ’
1285 3928 1409 3998 ε’ρθη
1432 3927 1669 3998 πατήσας
1698 3929 1771 3983 Η.
2180 3944 2233 4002 5.
2270 3927 2614 4000 κερδάνωμεν]
2643 3947 2735 4000 per
2775 3930 2816 3984 't
2838 3930 3032 3986 abbre-

630 4002 782 4056 vians
820 4001 904 4054 διὰ
939 3999 1030 4055 οὖν
1052 4004 1146 4054 τοῦ
1176 4022 1233 4055 τε
1270 4001 1411 4054 νάναι
1437 4001 1591 4067 σαρκὶ
1623 4003 1901 4055 πιστοῦται
1926 3999 2007 4054 ὅτι
2027 4000 2210 4071 γε’γονε
2231 4000 2369 4071 σὰρξ
2392 4000 2555 4054 καίτοι
2580 4001 2712 4055 Θεὸς
2777 4023 2807 4055 ν
2828 4001 3033 4069 ἀπαθὴς

628 4072 713 4125 καὶ
736 4071 822 4124 διὰ
846 4073 939 4124 τοῦ
961 4071 1290 4139 ἀνεστηκέναι
1314 4071 1383 4126 ὣς
1407 4072 1536 4125 Θεὸς
1570 4071 1644 4124 ὢν
1664 4069 1845 4160 φύσει.
1896 4072 1964 4126 ὡς
1998 4072 2099 4141 ’γὰρ
2123 4070 2442 4141 ἀνθρώπινον
2465 4071 2525 4126 τὸ
2551 4071 2752 4135 παθεῖν,
2778 4070 2917 4126 οὕτω
2947 4073 3032 4126 καὶ

629 4139 798 4194 θεικὸν
820 4143 915 4193 τοῦ
947 4138 1032 4228 [τὸ
1048 4140 1095 4211 ?]
1123 4144 1325 4208 νικῆσαι
1355 4140 1587 4221 θάνατον·
1627 4163 1761 4195 ουτω
1787 4141 1904 4210 (16)
1933 4140 2008 4195 H.
2175 4211 2188 4230 ,
2330 4157 2412 4195 11.
2447 4142 2677 4228 χριστὸς
2691 4158 2791 4211 pro
2815 4142 2936 4231 &bf
2961 4144 3030 4196 A.

636 4223 716 4332 :31
755 4209 1939 4363 55.”.22‘}.‘B‘2“;..‘3..zffiffissssffizsssszm
1964 4209 3031 4369 avmfcgesaewwpss

630 4349 781 4418 ὤφθη
808 4350 862 4403 δὲ
888 4372 995 4405 τοις
1084 4391 1097 4404 .
1540 4367 1623 4406 20.
1660 4351 1715 4405 δὲ
1740 4351 1946 4420 τίθησιν
1970 4368 2067 4422 pro
2090 4374 2146 4405 τε
2170 4374 2310 4406 τισιν
2336 4350 2459 4421 (Sic)
2493 4351 2566 4406 H.
2664 4353 3034 4424 ἐξηλεγμενοις

632 4419 743 4473 des.
773 4420 845 4474 H.
953 4422 1035 4473 καὶ
1058 4421 1148 4474 alt.
1173 4431 1509 4494 assumptum
1534 4439 1599 4476 ex
1624 4423 1693 4476 A.
2099 4438 2184 4477 21.
2227 4421 2427 4478 Iterum
2452 4422 2556 4478 inc.
2585 4425 2864 4492 Μετριάζει
2889 4427 3033 4494 σφό-

628 4489 777 4556 δρως,
804 4489 987 4560 ἐδίωξέ
1010 4512 1066 4544 τε
1094 4491 1217 4561 (sic)
1248 4491 1322 4544 Η.
1661 4508 1748 4545 22.
1788 4492 2160 4564 διισχυρίζεται
2189 4491 2263 4547 Η.
2604 4508 2689 4564 23.
2724 4493 3035 4562 ἀποστολῆν

630 4560 741 4615 des.
774 4560 844 4613 H.
