3269 5166
264 342 402 408 viii.
431 364 491 431 3.
779 342 887 407 IN
940 341 1459 409 EPISTOLAM
1512 343 1641 409 AD
1694 343 2165 412 ROMANOS.
2546 350 2668 412 211

2773 465 2798 501 ἰ
2859 449 2935 500 Μ.

266 505 762 606 ἀπήλλακται,
799 506 962 587 τότε
1012 514 1159 589 τῶν
1193 509 1282 615 ἐξ
1313 511 1665 612 ἁμαρτίας
1701 510 2080 614 ἀλογήσας
2117 517 2356 592 κακῶν
2393 514 2509 592 καὶ
2546 520 2675 592 τοῦ
2726 449 2750 515 [
2806 463 2834 514 ⁵
2964 448 2987 514 1

263 632 399 727 τῆς
441 629 717 731 σαρκὸς
768 632 1390 733 κατευμεγεθήσας
1440 632 1680 733 νόμου,
1720 632 2120 746 ἠλευθέρωσὲ
2140 671 2253 740 με,
2289 637 2500 743 φησί·
2560 638 2676 715 καὶ

267 754 399 833 οὐκ
456 753 668 840 αὐτός
723 788 869 835 που
919 755 1207 840 πάντως
1263 756 1396 857 τὴν
1454 759 1859 861 ἐλευθερίαν
1919 757 2173 856 διδοὺς,
2223 758 2540 862 γεγονὼς
2598 758 2676 839 δὲ

266 883 564 976 μᾶλλον
598 879 769 979 ἡμῖν
803 880 1207 983 ἐλευθερίας
1241 878 1590 987 πρόξενος
1643 886 1772 981 τῆς
1830 880 1948 961 διὰ
1983 887 2340 985 Χριστοῦ.
2420 880 2676 985 ὥσπερ

203 1022 242 1083 5
270 999 353 1080 δε
417 1035 581 1085 τους
650 1000 790 1082 ὑπὸ
860 1002 1082 1101 νόμον
1150 1002 1362 1089 ὄντας
1426 1004 1555 1085 τὸν
1626 1009 1753 1104 τῆς
1819 1005 2169 1109 ἁμαρτίας
2241 1005 2451 1087 πᾶσά
2520 1041 2677 1092 πως

270 1121 553 1227 ἀνάγκη
591 1130 706 1205 καὶ
754 1132 902 1209 τοῖς
949 1135 1076 1207 τοῦ
1122 1126 1434 1208 θανάτου
1481 1132 2093 1228 καταδεσμεῖσθαι
2135 1129 2451 1234 βρόχοις,
2493 1132 2678 1210 οὕτω

270 1245 444 1332 τοὺς
490 1247 634 1356 ἔξω
681 1248 1069 1351 γεγονότας
1112 1251 1353 1351 αυτῆς,
1391 1251 2006 1356 ἠλευθερωμένους
2042 1287 2122 1333 τε
2159 1251 2275 1334 διὰ
2311 1260 2673 1356 Χριστοῦ,

273 1375 388 1451 δεῖ
435 1372 524 1471 δὴ
577 1370 806 1453 πάλιν
859 1373 1001 1480 ἔξω
1057 1409 1133 1454 τε
1191 1372 1366 1454 εἶναι
1429 1375 1767 1475 θανάτου,
1810 1379 1926 1456 καὶ
1987 1377 2314 1477 ἀμείνους
2372 1379 2681 1479 ὁρᾶσθαι

274 1500 579 1602 φθορᾶς,
620 1498 736 1576 καὶ
772 1496 978 1599 ζῆν’
941 1532 1017 1578 εν
1054 1499 1420 1607 ἁγιασμῷ.

163 1758 247 1799 ιο
353 1738 449 1805 Τὸ
503 1742 623 1831 Γὰρ
677 1741 996 1810 ἀδύνατον
1049 1750 1164 1810 τοῦ
1222 1745 1421 1821 νόμου
1475 1744 1546 1810 ὲν
1601 1741 1659 1831 ᾧ
1706 1745 1961 1810 ἠσθένει
2017 1743 2121 1809 διὰ
2182 1752 2292 1811 τῆς
2347 1747 2606 1835 σαρκόο.
2708 1774 2897 1832 gsqq.

390 1909 886 2018 Ἀξιάγαστος
922 1911 1054 2012 μὲν
1090 1915 1130 1994 5
1168 1915 1656 2018 μυσταγωγὸς
1693 1918 1809 1996 καὶ
1847 1914 2100 2021 ἰσχνὸς
2139 1919 2326 2020 ἄγαν
2362 1923 2457 2001 εἰς
2495 1924 2673 1998 θεω-

271 2034 458 2137 ρίας,
495 2036 774 2137 ἰδιώτης
812 2034 885 2116 δ“
921 2035 1103 2118 εἶναι’
1139 2045 1331 2143 φησι
1386 2044 1489 2146 τῷ
1545 2036 1768 2147 λόγω.
1845 2037 2187 2145 ταύτῃτοί
2236 2043 2549 2146 φαμεν’
2511 2076 2674 2145 ερυ·
2711 2074 2867 2124 zoor.
2890 2073 2957 2122 xi.
2968 2070 3017 2120 6.

275 2164 615 2259 θριῶντες
671 2159 892 2259 οὐδὲν,
950 2160 1060 2242 ὅτι
1125 2164 1217 2268 τῇ
1282 2116 1609 2268 συνθήκῃ
1674 2169 1817 2242 τῶν
1877 2163 2353 2265 προκειμένων
2413 2165 2684 2272 λέξεων

275 2284 510 2363 λείπει
565 2319 635 2364 τι
689 2284 931 2391 βραχὺ
971 2284 1155 2388 πρὸς
1208 2288 1458 2384 ἐντελῆ
1517 2284 1995 2393 διασάφησιν·
2072 2286 2209 2367 ἔδει
2264 2286 2411 2389 γὰρ
2465 2293 2685 2368 εἰπεῖν

167 2439 253 2501 15
278 2413 371 2488 Tb
407 2405 549 2517 γαρ
586 2404 902 2491 ἀδύνατον
947 2412 1059 2491 τοῦ
1099 2408 1291 2512 νόμου
1327 2410 1388 2491 ἓν
1426 2408 1481 2520 ᾧ
1517 2408 1752 2505 ἠσθένει
1791 2405 1909 2491 δια
1944 2409 2060 2505 τ’ἧς·
2098 2411 2350 2517 σαρκὶς
2389 2413 2685 2492 λέλυται

274 2532 502 2639 τυχὸν
537 2531 582 2635 ἢ
617 2533 993 2616 πέπαυται·
1068 2531 1220 2615 εἶτα
1268 2541 1866 2637 προσεπενεγκεῖν
1902 2541 2030 2615 τοῦ
2082 2533 2509 2639 πράγματος
2557 2534 2690 2638 τὴν
2713 2567 2798 2622 26
2831 2562 2925 2621 Η.

275 2655 655 2756 ἀπόδοσιν,
702 2662 819 2738 καὶ
873 2667 1001 2739 τοῦ
1058 2656 1418 2738 λελύσθω
1474 2656 1809 2765 συνάψαι
1863 2657 1992 2738 τὸν
2032 2658 2322 2760 τρόπον,
2372 2694 2681 2763 προσ-τι·

277 2780 495 2860 θέντα
542 2780 769 2861 πάλιν
801 2783 899 2862 Ὁ
937 2782 1079 2886 γὰρ
1118 2782 1291 2867 Θεὶς
1343 2780 1447 2862 τὶν
1503 2784 1737 2863 ἑαυτοῦ
1786 2781 1912 2862 υἱὶν
1962 2777 2281 2893 πέμψας
2323 2785 2382 2864 ἐν
2439 2786 2680 2891 ὁμοιώ-

274 2939 457 3010 ματι
532 2904 785 3013 σαρκὶς
857 2908 1209 3015 ἁμαρτίας
1286 2913 1404 2985 καὶ
1474 2912 1618 3013 περὶ
1697 2908 2051 3013 ἁμαρτίας
2125 2908 2506 3012 κατήργηκε
2581 2906 2689 2999 τὴν

168 3070 257 3113 20
277 3033 625 3138 ἁμαρτίαν
661 3031 720 3112 ἐν
750 3039 827 3141 τῇ
865 3036 1093 3137 σαρκί·
1155 3032 1272 3109 καὶ
1309 3029 1400 3109 τὰ
1435 3029 1714 3115 τούτοις
1738 3028 2029 3136 ἐφεξῆς.
2096 3028 2407 3134 ἐχούσης
2444 3028 2520 3108 δὲ
2554 3026 2687 3110 ὧδε

275 3156 409 3252 τῆς
444 3158 589 3234 τῶν
630 3154 899 3261 λέξεων
934 3151 1321 3253 συνθήκης,
1360 3153 1543 3233 κατά
1580 3189 1665 3257 γε
1700 3151 1827 3235 τὸν
1862 3151 2115 3233 ἐνόντα
2151 3151 2433 3233 σκοπὸν
2471 3154 2685 3262 αὐτῷ,

274 3278 454 3382 φέρε
502 3276 1070 3380 καταθρήσωμεν
1106 3280 1231 3376 τῆς
1269 3275 1386 3356 διὰ
1423 3283 1755 3380 Χριστοῦ
1808 3278 2183 3379 θεραπείας
2217 3275 2345 3357 τὸν
2381 3275 2684 3381 τρόπον,

272 3399 635 3481 πέπαυται
690 3401 764 3481 δὲ
821 3401 1015 3487 ὅπως
1069 3402 1141 3482 τὶ
1197 3396 1512 3483 ἀδύνατον
1551 3404 1663 3481 τοῦ
1712 3398 1922 3507 νόμου,
1962 3404 2079 3480 καὶ
2125 3406 2332 3515 ποῖον
2368 3399 2460 3482 ἂν
2497 3401 2691 3487 ὅλως

275 3524 364 3606 τὸ
400 3523 754 3606 ἀδύνατον
790 3532 1022 3605 νοοῖτο
1075 3533 1203 3605 τοῦ
1242 3523 1485 3624 νόμου,
1525 3527 1640 3604 καὶ
1677 3525 1885 3605 ποίου
1924 3524 2168 3625 νόμου·
2250 3532 2697 3624 λεπτομυθεῖ

173 3695 208 3736 2
218 3690 253 3751 5
277 3647 424 3753 γὰρ
462 3652 633 3729 λίαν
666 3649 706 3728 5
743 3647 1085 3752 θεηγόρος
1120 3651 1195 3728 ἐν
1232 3647 1535 3731 τούτοις.
1598 3648 2022 3753 ἀποδέχεται
2068 3649 2305 3729 τοίνυν
2352 3652 2448 3732 ὡς
2487 3652 2685 3754 ὠφε-

275 3780 436 3853 λεῖν
488 3771 784 3871 εἰδότας,
838 3770 966 3852 τόν
1019 3806 1096 3853 τε
1153 3780 1281 3852 τοῦ
1340 3777 1534 3852 Θεοῦ
1592 3771 1835 3870 νόμον,
1897 3775 2084 3879 φημὶ
2141 3771 2217 3853 δὲ
2277 3771 2364 3870 δὴ
2429 3770 2557 3852 τὸν
2613 3772 2690 3851 ἐν

275 3894 690 3999 γράμμασι,
751 3898 867 3975 καὶ
930 3893 1057 3974 τόν
1110 3929 1194 3997 γε
1249 3902 1377 3974 τοῦ
1430 3894 1854 3994 πνεύματος,
1907 3896 2075 3974 καθ’
2135 3893 2220 3975 ὃν
2274 3894 2691 4000 ἐσχήκαμεν

275 4017 365 4101 τὸ
422 4020 661 4100 θέλειν
707 4017 792 4099 τὸ
847 4018 1144 4120 ἀγαθὸν,
1185 4014 1319 4098 κᾶν
1356 4023 1413 4097 εἰ
1468 4017 1570 4118 μὴ
1606 4018 2035 4122 παρακέοιτο
2081 4017 2302 4124 τυχὸν
2341 4018 2426 4100 τὸ
2466 4020 2684 4098 δύνα-

355 4255 407 4296 2.
445 4239 530 4294 καὶ
553 4255 664 4294 om.
690 4238 762 4295 A.
1152 4239 1207 4294 8.
1202 4238 1306 4362 AB»)
1332 4245 1672 4309 assumptum
1698 4256 1762 4292 ex
1789 4238 1859 4293 A.
2258 4254 2342 4294 11.
2379 4237 2598 4308 θεωρίαν
2622 4239 2691 4292 Α.

284 4327 372 4365 12.
409 4312 581 4399 φησιν
603 4305 733 4364 εἶναι
757 4309 971 4363 inverso
993 4307 1248 4365 ordineA
1550 4308 1632 4364 16.
1668 4330 2039 4399 προσενεγκειν
2063 4310 2132 4363 Α.
2155 4310 2594 4395 προσυπενεγκεῖν
2622 4309 2687 4362 Β.
2727 4327 2736 4335 ·

290 4398 373 4453 19.
643 4402 698 4434 κε
724 4379 941 4434 exhibet
966 4379 1168 4433 Catena
1191 4390 1435 4455 utraque.
1692 4396 1779 4434 20.
1817 4378 2042 4451 ἐχούσης
2065 4380 2121 4433 δὲ
2148 4380 2247 4434 ὧδε
2272 4380 2343 4434 Α.
2369 4378 2557 4432 δέδωκε
2587 4377 2689 4431 Ed.

625 4472 721 4505 .τε
749 4449 855 4504 Ed.
1086 4466 1174 4520 23.
1210 4448 1373 4520 ὅπως]
1401 4448 1538 4518 ὅμως
1563 4451 1631 4503 Α.
1864 4466 1950 4516 24.
1988 4453 2082 4504 τοῦ
2106 4452 2262 4517 νόμον
2288 4469 2457 4504 νοοιτο
2482 4449 2693 4501 inverso

282 4473 474 4576 ordine
500 4524 572 4577 A.
682 4522 767 4575 καὶ
788 4521 941 4575 ποίου
965 4522 1124 4590 νόμον
1147 4538 1256 4574 om.
1283 4520 1336 4592 (a
1360 4523 1519 4589 νόμου
1542 4519 1609 4575 ad
1634 4521 1794 4591 νόμον
1818 4520 2145 4589 transiliens)
2175 4520 2236 4575 B.
2511 4516 2596 4571 26.
2635 4516 2692 4568 δὲ

285 4601 632 4665 asumptum
654 4609 721 4648 ex
750 4592 819 4646 A.
1105 4591 1190 4646 28.
1230 4590 1319 4645 κᾶν
1341 4608 1449 4646 om.
1478 4590 1544 4645 B.

1404 4691 1578 4741 ΕΟΖ
