3269 5166
258 334 302 398 i.
325 357 387 419 9.
744 335 850 400 IN
908 335 1427 402 EPISTOLAM
1488 338 1616 402 AD
1680 337 2180 404 HEBRAEOS.
2530 343 2662 408 379

2687 441 2710 508 [
2739 455 2831 492 110
2852 443 2930 493 M.
2953 443 2977 510 J

257 501 425 580 καθ’
464 500 649 598 ἡμᾶς
685 500 1086 602 ἀμοιρήσας
1121 503 1487 603 ἀγιασμοῦ
1518 535 1539 598 ;
1599 504 1716 582 καί
1754 508 1812 583 εἰ
1857 501 2070 584 τοῦτό
2119 505 2320 582 ἐστιν
2358 502 2651 604 ἀληθὲς,

257 623 391 702 οὑκ
426 620 515 721 ἦν
553 625 901 725 ἁμαρτίας
936 624 1326 725 ἐλεύθερος.

374 750 551 830 Πῶς
585 745 673 846 δὴ
712 748 836 827 οὖν
872 753 1107 854 φησιν
1144 751 1184 828 5
1220 749 1654 855 σοφώτατος
1695 756 1994 835 Παῦλος
2030 749 2159 830 τὸν
2195 749 2375 830 Υἰὸν
2412 751 2648 833 ἀπαύ-

255 869 519 971 γασμά
560 905 639 950 τε
688 866 862 950 εἶναι
896 876 1027 972 τῆς
1063 872 1281 979 δόξης
1314 883 1442 954 τοῦ
1482 872 1794 975 Πατρὸς,
1833 879 2250 980 χαρακτῆρα
2287 873 2360 954 δὲ
2398 876 2656 974 ὁμοίως

188 1017 226 1077 5
253 995 385 1092 τῆς
423 993 898 1078 ὑποστάσεως
943 995 1160 1074 αὑτοῦ
1184 1027 1207 1091 3
1271 999 1665 1103 διαμορφοῖ
1704 994 1849 1101 γὰρ
1884 994 2173 1081 πάντως
2209 999 2250 1077 5
2285 998 2655 1103 χαρακτὴρ

250 1117 368 1220 ἐφ’
408 1116 634 1225 ἑαυτῷ
687 1117 772 1198 τὸ
817 1117 1241 1223 ἀρχέτυπον·
1321 1121 1577 1200 οὐκοῦν
1613 1120 1774 1200 οὐδὲ
1812 1119 2025 1204 αὐτὸς
2073 1118 2276 1223 ἅγιος
2313 1123 2354 1201 5
2394 1122 2653 1225 Πατὴρ

252 1240 442 1320 κατὰ
497 1241 749 1347 φύσιν.
829 1239 982 1322 εἶτα
1035 1243 1142 1327 τίς
1193 1245 1233 1322 ὁ
1283 1243 1593 1347 ἁγιάζων
1643 1242 1907 1338 αὐτόνς
1965 1247 2324 1349 ἐῤῥῶσθαι
2381 1243 2470 1344 δὴ
2526 1246 2652 1325 οὖν

250 1371 399 1449 τοῖς
458 1365 736 1446 ἐκείνων
791 1364 1104 1450 εἰπόντες
1162 1367 1451 1466 ἐμέτοις,
1517 1367 1724 1469 ἅγιον
1775 1366 1961 1448 κατὰ
2019 1368 2246 1474 φύσιν
2307 1367 2654 1473 ὑπάρχειν

252 1488 811 1590 ὁμολογήσομεν
881 1488 1008 1570 τὸν
1080 1488 1260 1571 Υὶὸν
1333 1490 1658 1594 καθάπερ
1731 1490 1980 1586 ἀμέλει
2044 1495 2162 1571 καὶ
2236 1488 2454 1570 αὐτὸν
2524 1488 2651 1570 τὸν

150 1650 226 1690 ιο
253 1614 572 1716 Πατέρα,
611 1614 956 1715 ἡγιᾶσθαι
998 1611 1077 1692 δὲ
1132 1613 1292 1694 τότε
1337 1612 1518 1694 κατὰ
1572 1615 1816 1719 σάρκα
1870 1615 2130 1717 φαμὲν,
2168 1614 2286 1694 ὅτε
2344 1620 2646 1694 κεκενῶ-

245 1743 432 1816 σθαι
487 1735 774 1839 λέγεται
828 1738 1359 1841 κεχρηματικὼς
1408 1738 1805 1841 ἅνθρωπος,
1844 1737 1904 1847 ᾧ
1957 1737 2141 1819 κατὰ
2190 1737 2477 1845 μέθεξιν
2518 1736 2649 1838 τὴν

243 1858 453 1963 παρὰ
498 1865 689 1940 Θεοῦ
741 1866 861 1940 καὶ
915 1863 1000 1940 οὐ
1055 1861 1240 1942 κατὰ
1297 1863 1526 1969 φύσιν
1581 1864 1766 1942 ἰδίαν
1822 1863 2098 1943 ἔνεστιν
2158 1865 2199 1943 5
2261 1858 2645 1964 ἀγιασμός.

243 1987 368 2064 καὶ
424 1983 847 2082 θαυμαστὸν
885 1985 1085 2065 οὐδὲν
1122 1991 1181 2065 εἰ
1230 1984 1324 2065 τὰ
1370 1991 1499 2084 τῆς
1554 1985 2103 2087 ἀνθρωπότητος
2149 1985 2289 2065 ἴδια
2327 1983 2513 2069 Θεὸς
2548 1984 2648 2066 ῶν

243 2109 285 2186 5
335 2107 583 2209 Λόγος
625 2113 998 2188 οἰκειοῦται
1044 2107 1479 2215 φιλαγάθως
1534 2142 1609 2189 τε
1664 2107 1815 2209 ἅμα
1869 2113 1986 2189 καὶ
2045 2114 2524 2205 οἰκονομικῶς.
2605 2111 2646 2188 5

144 2259 215 2319 15
240 2228 392 2334 γὰρ
451 2229 643 2316 ὅλως
696 2230 829 2330 τὴν
888 2231 1192 2312 κε’νωσιν
1254 2231 1611 2332 ἐθελήσας
1667 2238 1944 2327 παθεῖν,
2002 2239 2156 2315 πῶς
2215 2228 2306 2310 ἂν
2363 2229 2646 2315 εἰκότως

240 2361 664 2457 παραιτοῖτο
714 2352 807 2434 τὰ
861 2356 1124 2453 abr-⁷593
1196 2356 1451 2435 οὐκοῦν
1496 2361 1556 2435 εἰ
1608 2354 1743 2456 μὲν
1787 2362 2020 2435 νοοῖτο
2074 2356 2238 2434 καθ’
2297 2354 2548 2436 ἑαυτὸν
2603 2356 2644 2434 5

240 2480 322 2558 ἐκ
358 2483 554 2558 Θεοῦ
593 2475 883 2579 Πατρὸς
920 2477 1184 2580 Λόγος,
1220 2478 1629 2582 ἀπροσδεής
1674 2481 1835 2559 ἐστι
1880 2476 2149 2562 παντὸς
2192 2480 2488 2580 ἀγαθοῦ,
2526 2481 2644 2558 καὶ

242 2603 421 2683 ἴδιον
488 2605 708 2683 αὑτοῦ
762 2610 1002 2708 φαμεν
1066 2600 1151 2683 τὸ
1195 2601 1437 2705 Ἅγιον
1493 2609 1815 2700 Πνεῦμα.
1891 2601 2129 2702 ἐπειδὴ
2180 2600 2256 2683 δὲ
2311 2605 2407 2686 ὡς
2462 2601 2647 2707 ε”φην

241 2726 493 2829 γέγονε
548 2725 753 2833 σὰρξ
802 2723 1015 2811 αὐτὸς
1063 2734 1168 2834 τῷ
1211 2728 1365 2834 ἰδίῳ
1404 2725 1773 2824 Πνεύματι
1827 2723 1955 2805 τὸν
2009 2728 2229 2806 αὐτοῦ
2280 2726 2645 2829 καταχρίει

140 2894 216 2934 20
241 2849 438 2930 ναόν·
520 2852 796 2951 ἐνεργεῖ
839 2847 984 2953 γὰρ
1032 2851 1072 2927 5
1121 2849 1379 2951 Πατὴρ
1430 2846 1614 2951 ἅπερ
1672 2849 1762 2928 ἂν
1817 2847 2179 2954 ἐργάζοιτο
2237 2851 2322 2928 δι’
2362 2847 2645 2935 οὐδενὸς

238 2974 481 3076 ἐτέρου
515 2972 713 3073 πλὴν
751 2971 871 3052 διὰ
905 2972 1130 3072 μόνον
1165 2982 1293 3053 τοῦ
1329 2979 1509 3053 Υῖοῦ
1546 2975 1624 3052 ἐν
1659 2973 1994 3077 Ἰσραήλ.
2065 2974 2319 3052 οὐκοῦν
2357 2970 2643 3073 λέγεται

236 3097 367 3195 μὲν
404 3104 664 3191 λαβεῖν
704 3094 790 3177 τὸ
832 3101 1129 3196 Πνεῦμα
1163 3101 1619 3196 οἰκονομικῶς
1658 3100 1756 3180 ὡς
1802 3097 2203 3199 ἅνθρωπος·
2286 3105 2329 3142 “
2351 3096 2640 3194 Ἰησοῦν
2663 3116 2800 3168 Acta
2822 3120 2909 3169 ss.

237 3230 281 3267 ‘⁶
312 3221 461 3323 γὰρ
518 3217 646 3300 τὸν
701 3218 847 3300 ἀπὸ
893 3218 1243 3322 Ναζαρὲτ,
1300 3222 1552 3328 φησὶν,
1611 3223 1709 3305 ὡς
1769 3221 2054 3324 ἔχρισεν
2112 3215 2330 3299 αὐτὸν
2373 3219 2413 3297 ὁ
2453 3216 2639 3303 Θεὸς
2663 3183 2766 3247 Ap⁰
2794 3200 2845 3236 ι’
2870 3186 2951 3248 ³8⁶

237 3356 279 3394 ‘⁶
319 3347 692 3443 Πνεύματι
726 3344 936 3451 Ἁγίιρ
974 3348 1090 3424 καὶ
1121 3343 1476 3444 δυνάμει·”
1532 3347 1787 3425 δίδωσι
1825 3345 1898 3423 δὲ
1936 3346 2032 3429 ὡς
2060 3342 2244 3426 Θεὸς
2279 3339 2455 3422 αὐτὸ
2490 3349 2640 3426 τοῖς

134 3500 207 3560 25
234 3479 444 3550 τοῦτο
481 3474 734 3565 λαβεῖν
770 3468 1020 3575 ἀξίοις.
1086 3472 1204 3547 καὶ
1240 3476 1418 3570 γοῦν
1454 3475 1602 3551 τοῖς
1639 3468 1867 3570 ἁγίοις
1901 3466 2343 3550 ἀποστόλοις
2374 3465 2633 3570 ἐνεφύ-

233 3628 425 3693 σησε
484 3594 726 3694 λε’γων
782 3602 825 3639 “
850 3591 1131 3688 Λάβετε
1173 3597 1472 3690 Πνεῦμα
1505 3590 1835 3691 Ἀγιον,”
1891 3590 2351 3695 προσεφώνει
2396 3587 2473 3668 δὲ
2520 3591 2636 3668 καὶ
2660 3608 2710 3657 S·
2728 3609 2766 3658 J
2769 3626 2878 3660 oan-

314 3724 347 3741 .-
409 3719 428 3744 ‚
664 3714 683 3746 ι
878 3713 898 3739 ι
1120 3717 1139 3742 e
1410 3716 1430 3741 e
1720 3711 1740 3738 7
2093 3717 2114 3743 s
2241 3715 2258 3738 ,
2357 3719 2391 3737 Α
2600 3715 2632 3733 Α
2658 3691 2742 3722 xx.
2764 3688 2841 3723 π.

232 3749 374 3800 τοις
436 3720 777 3796 Ιουδαιων
813 3719 1062 3813 δημοις
1106 3750 1148 3794 ο
1192 3721 1582 3799 θεσπεσιος
1626 3719 1902 3817 Πετρος
1956 3748 2118 3816 περι
2174 3747 2392 3792 αυτου
2448 3722 2493 3760 “
2520 3718 2636 3815 Τῃ
2658 3740 2904 3817 Acta-‚ss

233 3849 275 3885 ‘⁴
310 3839 514 3947 δεξίᾳ
549 3841 676 3919 οὖν
710 3846 840 3919 τοῦ
878 3843 1071 3918 Θεοῦ
1118 3839 1433 3945 ὑψωθεὶς
1469 3836 1600 3937 τήν
1639 3872 1714 3916 τε
1751 3837 2189 3938 ἐπαγγελίαν
2223 3845 2350 3915 τοῦ
2391 3834 2630 3916 Πνεύ·
2657 3805 2762 3869 Ap.
2788 3818 2935 3870 11·33·

233 3972 275 4008 “
308 3997 537 4061 ματος
607 3958 864 4057 λαβὼν
923 3960 1126 4066 παρὰ
1191 3969 1321 4041 τοῦ
1391 3958 1685 4062 Πατρὸς
1760 3959 1990 4065 ἐξέχεε
2065 3967 2277 4038 τοῦτο
2338 3957 2379 4038 5
2443 3960 2638 4057 ὑμεῖς

129 4107 210 4164 30
234 4095 275 4133 ‘⁶
306 4085 619 4182 βλέπετε
670 4088 788 4164 καὶ
824 4085 1171 4166 ἀκούετε.”
1250 4085 1521 4168 ἀκούεις
1559 4085 1634 4162 ἐν
1669 4083 1944 4165 τούτοις
1977 4085 2095 4162 καὶ
2131 4080 2335 4181 μάλα
2371 4088 2636 4186 σαφῶς

232 4210 583 4316 ὑψῶσθαί
632 4242 709 4288 τε
766 4205 981 4287 αὑτὸν
1037 4213 1129 4312 τῇ
1185 4207 1386 4314 δεξιᾷ
1439 4214 1568 4286 τοῦ
1612 4211 1826 4304 Θεοῦ,
1866 4211 2122 4301 λαβεῖν
2176 4239 2253 4285 τε
2311 4201 2460 4303 ἅμα
2518 4208 2634 4285 καὶ

298 4420 349 4475 6.
384 4419 535 4492 οὐδὲ]
563 4421 623 4474 δὲ
651 4418 802 4491 (err.)
831 4417 922 4474 Cr.
1209 4436 1263 4491 9.
1300 4417 1698 4490 ὁμολογήσομεν
1732 4417 1892 4472 habet
1915 4436 1963 4473 c.
2180 4430 2266 4471 21.
2305 4416 2361 4470 ἐν
2381 4413 2629 4486 Ἰσραήλ]

234 4489 545 4561 Legendum
569 4491 796 4545 omuino
821 4488 877 4544 ἐν
908 4488 1157 4571 πνεύματι
1191 4499 1255 4543 ut
1290 4507 1403 4544 sem
1472 4507 1500 4543 r
1533 4490 1606 4543 ait
1643 4488 1703 4543 S.
1733 4487 1985 4570 cyrillus.
2060 4486 2328 4542 Mendum
2352 4493 2538 4542 utrum
2562 4500 2631 4547 e„

234 4576 299 4614 an
322 4561 423 4616 mei
445 4562 617 4633 ipsius
644 4559 883 4616 codicem
908 4560 1266 4632 neghgentius
1296 4577 1397 4614 con
1420 4560 1632 4629 arentis,
1657 4575 1854 4613 neecw.

1363 4660 1546 4727 302
