3269 5166
229 334 627 420 ni.15-17.
739 334 857 400 IN
916 335 984 400 S.
1027 332 1545 401 JOANNEM.
1624 334 1819 401 LIB.
1859 335 2020 402 XII.
2096 337 2303 402 CAP.
2341 335 2398 402 I.
2512 337 2636 400 165

231 499 501 607 ἐξαιτεῖ
546 500 621 581 δὲ
677 507 914 601 εἶπεῖν,
953 508 1013 582 εἶ
1063 505 1178 582 καὶ
1227 499 1433 584 πλέον
1466 509 1612 583 τῶν
1650 502 1908 583 ἄλλων
1952 509 2243 611 ἀγαπᾷ.
2321 506 2438 582 καὶ
2492 502 2637 605 γάρ

230 657 346 704 τοι
395 623 578 705 κατὰ
625 625 987 727 ἀλήθειαν,
1027 625 1151 708 ἅτε
1191 625 1280 725 δὴ
1317 629 1436 706 καὶ
1485 625 1798 729 μείζονος
1836 625 2348 711 ἀπολελαυκὼς
2385 627 2629 734 ἀνεξι-

232 748 503 845 κακίας,
531 751 648 830 καὶ
686 754 894 830 οἱονεὶ
925 750 1432 858 πλουσιωτέρα
1467 754 1649 855 χειρὶ
1685 748 1819 850 τὴν
1854 758 1983 831 τοῦ
2016 749 2634 851 πλημμελήματος

234 870 716 971 κομισάμενος
745 873 1033 980 ἄφεσιν,
1058 878 1183 973 τῆς
1211 882 1357 954 τῶν
1390 873 1650 955 ἀλλων
1678 873 1964 976 ἀγάπης
1998 872 2283 977 μείζονα
2316 879 2473 959 πῶς
2509 874 2637 954 οὐκ

166 1015 205 1077 5
233 993 324 1075 ἀν
361 995 647 1081 εἰκότως
687 997 1061 1105 συλλέξας
1096 1001 1173 1078 ἐν
1208 1001 1466 1106 ἑαυτῷ,
1507 1005 1662 1081 ταῖς
1717 1003 1815 1084 εὶς
1865 997 2085 1100 ἀκρον
2124 998 2464 1098 ἡκούσαις
2513 998 2630 1078 εὐ·
2663 1030 2699 1074 ο

236 1121 458 1204 νοίαις
510 1118 639 1200 τὸν
673 1122 1043 1225 εὐεργέτην
1091 1121 1500 1226 ἠμείψατος
1559 1121 1798 1202 κοινὸν
1852 1119 1983 1222 μὲν
2032 1120 2175 1225 γὰρ
2211 1120 2444 1202 ἅπασι
2490 1128 2640 1204 τοῖς

232 1244 465 1346 ἀγίοις
521 1251 872 1345 μαθηταῖς·
932 1245 1017 1325 τὸ
1078 1242 1477 1350 τετράφθω
1529 1244 1714 1346 πρὸς
1769 1244 2033 1353 φυγὴν,
2091 1249 2219 1346 τῆς
2276 1245 2641 1325 Ἰουδαίων

233 1369 753 1471 ἀπανθρωπίας
806 1367 1176 1474 ἀφόρητον
1208 1371 1446 1454 αὐτοῖς
1498 1371 1892 1469 ἐντιθείσης
1941 1368 2025 1449 τὸ
2076 1373 2306 1466 δεῖμα,
2345 1371 2464 1448 καὶ
2512 1371 2642 1468 τῆς

234 1498 384 1572 τῶν
418 1501 885 1594 στρατιωτῶν
928 1492 1352 1598 ἀγριότητος
1397 1492 1527 1575 τὸν
1576 1493 1773 1592 ὠμὸν
1821 1491 2262 1592 ἀπειλούσης
2307 1491 2640 1589 θάνατον,

132 1650 210 1697 ιο
237 1614 358 1697 ὅτε
412 1616 974 1725 συλληψόμενοι
1027 1622 1371 1722 παρῆσαν
1406 1615 1533 1698 τὸν
1568 1617 1886 1718 Ἰησοῦν·
1967 1614 2368 1718 ὶδιαζὸντως
2414 1614 2640 1719 γεμὴν

232 1738 421 1843 πρὸς
469 1742 699 1849 τούτῳ
736 1741 1012 1843 συνέβη
1045 1741 1131 1823 τὸ
1174 1750 1302 1823 τοῦ
1343 1740 1626 1845 Πέτρου
1674 1740 2198 1841 πλημμέλημα,
2237 1736 2323 1821 τὸ
2359 1738 2478 1819 διά
2512 1743 2641 1840 τῆς

233 1872 335 1959 εἰς
369 1863 456 1947 τὸ
489 1867 732 1971 τρίτον
767 1866 1156 1970 ἀρνήσεως.

351 1992 663 2091 Οὐκοῦν,
696 1994 793 2075 ὡς
828 1988 1129 2072 πλείονα
1171 1996 1316 2069 τῶν
1352 1988 1608 2069 ἀλλων
1644 1986 1777 2089 τὴν
1815 1989 2083 2095 ἄφεσιν
2123 1988 2632 2089 κομισάμενος,

233 2119 612 2226 ἐξαιτεῖται
667 2119 903 2221 λέγειν
957 2122 1016 2199 εἶ
1066 2119 1184 2199 καὶ
1240 2124 1494 2199 πλεῖον
1542 2119 1824 2224 ἀγαπᾷ·
1890 2116 2076 2197 κατά
2124 2117 2270 2222 γὰρ
2322 2117 2456 2217 τὴν
2509 2124 2638 2197 τοῦ
2665 2126 2711 2191 d

136 2268 210 2328 ¹5
238 2245 578 2347 Σωτῆρος
613 2240 886 2350 φωνὴν,
913 2238 973 2351 ᾧ
1007 2240 1203 2322 πολὺ
1238 2242 1544 2345 ἀφίεται,
1572 2237 1769 2321 πολὺ
1804 2243 1921 2321 καὶ
1957 2241 2347 2345 ἀγαπήσει.
2414 2240 2637 2326 τύπος
2725 2256 2913 2373 {few

234 2365 314 2448 δὲ
368 2366 597 2449 πάλιν
630 2373 785 2451 ταῖς
840 2365 973 2466 μὲν
1008 2368 1423 2467 ἐκκλησίαις
1457 2368 1776 2446 ἐντεῦθεν
1813 2371 1911 2451 εἷς
1958 2363 2044 2446 τὸ
2094 2370 2352 2472 χρῆναι
2397 2366 2638 2470 τρίτον
2831 2331 2896 2387 ⁴⁷

234 2494 579 2595 διερωτᾶν
637 2488 770 2593 τὴν
834 2497 932 2576 εἱς
987 2488 1322 2597 Χριστὸν
1378 2490 1777 2591 ὁμολογίαν
1839 2488 2004 2576 τοὺς
2067 2493 2360 2596 ἀγαπᾶν
2425 2486 2641 2570 αὐτὸν

233 2617 637 2715 ἑλομένους,
701 2615 818 2696 διὰ
880 2624 1010 2697 τοῦ
1068 2618 1185 2697 καὶ
1248 2621 1688 2719 προσελθεῖν
1747 2621 1852 2723 τῷ
1908 2616 2091 2724 ἁγίῳ
2152 2617 2633 2715 βαπτίσματι.

233 2739 703 2824 διδασκάλοις
758 2739 834 2822 δὲ
888 2747 1161 2842 γνῶσις
1209 2739 1324 2822 διὰ
1369 2744 1496 2839 τῆς
1538 2746 1686 2820 τῶν
1718 2740 2196 2840 προκειμένων
2252 2739 2637 2841 εἶσβέβηκε

136 2895 211 2937 ²0
235 2863 553 2966 θεωρίας,
591 2866 688 2949 ὧς
738 2867 865 2945 οὐκ
915 2860 1006 2944 ἂν
1040 2863 1291 2967 ἑτέρως
1340 2861 1894 2967 εὐαρεστήσαιεν
1937 2868 2041 2971 τῷ
2092 2862 2384 2945 πάντων
2419 2864 2628 2966 ἀρχι-
2727 2862 2954 2993 {32:32⁸
2963 2966 2978 2980 ·

231 2987 539 3086 ποιμένι,
574 2987 903 3069 τουτεὶττι
938 2993 1263 3097 Χριστῷ,
1301 2995 1360 3068 εἰ
1409 2986 1509 3087 μὴ
1546 2991 1674 3088 τῆς
1715 2992 1863 3068 τῶν
1900 2992 2216 3089 λογικῶν
2248 2984 2639 3090 προβάτων

138 3201 149 3212 ⁸
234 3112 631 3215 εὖρωστιας
658 3114 776 3192 καὶ
802 3116 930 3212 τῆς
956 3118 1053 3198 εἶς
1088 3110 1175 3194 τὸ
1213 3113 1290 3193 εὖ
1326 3109 1499 3193 εἶναι
1539 3115 1878 3212 διαμονῆς
1915 3116 2230 3191 ποιοῖντο
2265 3108 2636 3216 φροντίδα.
2664 3139 2700 3182 e

232 3233 555 3320 τοιοῦτός
610 3270 717 3320 τις
759 3233 849 3336 ἦν
884 3239 925 3316 ὃ
974 3235 1364 3322 θεσπεσιος
1405 3228 1727 3334 Παῦλος,
1765 3240 1915 3319 τοῖς
1968 3236 2359 3315 ἀσθενοῦσι
2416 3266 2642 3312 συνα-
2730 3251 2757 3319 ‚¹
2785 3238 2904 3289 0⁰¹·-

236 3364 545 3457 σθενῶν,
599 3359 935 3464 καύχημα
1000 3358 1076 3439 δὲ
1137 3364 1265 3459 τῆς
1326 3359 1506 3444 ἰδίας
1563 3361 2012 3460 ἀποστολῆς
2053 3360 2170 3440 καὶ
2227 3355 2462 3464 χαρὰν
2519 3357 2638 3436 καὶ
2727 3318 2899 3486 finl-
2883 3386 2954 3423 xv.

139 3518 213 3581 ²5
236 3482 608 3589 στέφανον
664 3481 1027 3586 ὀνομάζων
1089 3483 1254 3567 τοὺς
1318 3485 1402 3563 δι’
1462 3484 1681 3564 αὐτοῦ
1734 3481 2318 3581 πιστεύσαντας,
2347 3487 2465 3562 καὶ
2522 3477 2640 3561 διὰ
2764 3474 2779 3489 ’

238 3611 370 3707 τῆς
407 3613 554 3687 τῶν
588 3605 817 3711 ἔργων
854 3604 1360 3712 λαμπρότητος
1407 3609 1793 3704 εὐδοκιμεῖν
1827 3605 2227 3705 ἑλομένους.
2309 3604 2462 3712 ᾔδει
2497 3603 2642 3708 γὰρ

236 3728 393 3835 ᾔδει
446 3734 576 3831 τῆς
624 3736 721 3815 εἷς
774 3728 1103 3835 Χριστὸν
1157 3732 1431 3815 τελείας
1484 3730 1774 3833 ἀγάπης
1829 3729 2106 3833 καρπὸν
2161 3726 2336 3811 εἶναι
2388 3738 2644 3810 τοῦτον

236 3857 548 3960 ἐμφανῆ.
623 3860 966 3963 λογισμῷ
1016 3852 1093 3936 δὲ
1138 3863 1354 3936 τοῦτο
1400 3861 1605 3961 καλῷ
1659 3886 1738 3934 τε
1796 3857 1914 3934 καὶ
1972 3857 2225 3960 ἀγαθῷ
2282 3851 2643 3956 θεωρήσαι

236 4012 346 4063 τις
400 3979 516 4059 ἄν.
594 3983 651 4057 εἶ
710 3977 853 4083 γὰρ
907 3977 1258 4060 ἀπέθανεν
1315 3978 1490 4083 ὑπὲρ
1547 3978 1771 4078 ἡμῶν,
1806 3984 1962 4063 πῶς
2017 3979 2144 4059 οὐκ
2202 3975 2291 4057 ἂν
2346 3977 2644 4077 ἀπάσης

138 4140 217 4200 30
241 4102 514 4211 ἠξίωσε
540 4102 923 4209 φροντίδος
961 4101 1092 4203 τὴν
1113 4099 1454 4184 ἀπάντων
1484 4101 1688 4202 ἡμῶν
1708 4102 2074 4205 σωτηρίαν
2101 4103 2217 4181 καὶ
2255 4099 2439 4205 ζωήν
2465 4133 2487 4200 3
2526 4104 2645 4202 καὶ

309 4371 364 4430 5.
399 4357 603 4414 ἔαυτοῖς
628 4354 696 4412 Β.
1028 4370 1112 4411 12.
1145 4355 1208 4411 τὸ
1230 4365 1568 4428 assumptum
1595 4373 1663 4410 ex
1688 4353 1756 4410 E.
2069 4371 2150 4424 ¹4·
2185 4357 2370 4411 πλεῖον
2391 4351 2553 4408 habet
2579 4351 2646 4441 l}

235 4430 364 4485 κατὰ
388 4428 524 4486 E-F.
554 4426 658 4482 Ed.
684 4443 799 4498 mg.
824 4426 909 4481 ml
932 4424 1038 4481 Ed.
1326 4443 1410 4498 19.
1449 4426 1764 4482 διδασκάλω
1789 4424 1856 4480 Ε.
2143 4441 2229 4482 20.
2263 4424 2342 4481 ἴσ.
2364 4424 2646 4494 εὖορσστη·

233 4521 384 4557 σίων
406 4498 525 4582 Ed..
541 4495 1088 4624 ωὲοεῦαρεστῆσαιεν
1108 4494 1272 4554 habet
1296 4496 1357 4554 F.
1597 4510 1687 4568 25
1721 4492 2047 4553 πιστεῦσασι
2071 4495 2139 4554 Ε.
2227 4605 2234 4614 ο
2377 4493 2464 4549 26.
2498 4489 2641 4561 ᾔδει]
