3269 5166
242 348 355 412 xii.
384 348 483 427 18,
510 351 617 427 26,
640 351 743 417 28.
835 351 943 416 IN
1000 351 1521 417 EPISTOLAM
1578 351 1710 417 AD
1771 351 2276 416 HEBRAEOS.
2515 354 2644 416 415

2679 467 2818 530 [¹²⁴
2836 465 2916 515 H·
2939 465 2966 530 1

2565 524 2600 541 Α

244 511 321 591 δὲ
357 515 446 592 δι’
488 520 673 595 Υἱοῦ
722 518 841 594 καὶ
888 513 1031 596 σὺν
1076 518 1273 624 αὐτῷ
1320 520 1397 596 ἐν
1444 517 1806 613 Πνεύματι
1857 516 1993 616 τὴν
2040 517 2156 623 ἐφ’
2193 520 2467 627 ὁτῳοῦν
2499 551 2649 597 των

245 637 629 740 δρωμένων
663 619 1014 743 ἐιῖέργειάν
1048 673 1125 720 τε
1163 644 1281 719 καὶ
1316 641 1642 739 θέλησιν.

325 897 426 963 Οὐ
484 899 606 988 Γὰρ
660 903 1194 989 προσεληλύθατε
1244 906 1464 973 κ.τ.λ.
1517 902 1810 989 ἓμφοβόε
1861 900 1995 979 εἰμι
2048 903 2157 968 καὶ
2209 903 2546 993 ἔντρομος..
2677 915 2751 971 ι8
2773 932 2898 990 sqq.

356 1073 649 1175 Ταύτης
702 1078 820 1155 καὶ
875 1085 1004 1156 νῦν
1055 1076 1404 1177 μέμνηται
1451 1082 1749 1161 Παῦλος
1791 1081 1921 1177 τῆς
1966 1077 2291 1180 ἱστορίας
2343 1082 2462 1158 καὶ
2514 1086 2645 1158 τοῦ

184 1225 219 1284 5
245 1207 524 1300 καιροῦ,
566 1202 730 1279 καθ’
772 1198 856 1279 ὃν
902 1200 1228 1280 καθίκετο
1281 1199 1413 1300 μὲν
1456 1203 1533 1279 ἐν
1580 1201 1743 1280 εἴδει
1796 1200 2023 1302 πυρὸς
2075 1204 2191 1282 ἐπὶ
2246 1199 2330 1281 τὸ
2368 1200 2547 1281 Σινὰ
2604 1204 2648 1281 ὃ

249 1320 462 1418 Θεὸς,
501 1325 619 1402 καὶ
662 1334 707 1370 “
733 1323 943 1429 φωνὴ
977 1328 1107 1423 τῆς
1141 1323 1560 1426 σάλπιγγος
1594 1323 1754 1428 ἤχει
1789 1324 2047 1427 μέγα.”
2113 1321 2204 1423 ἦν
2239 1323 2316 1403 δὲ
2353 1326 2642 1427 ἀπρόσ-
2671 1345 2833 1395 Exod.
2857 1346 2963 1396 xix.

245 1454 529 1544 βλητος
575 1454 724 1530 τοῖς
770 1448 1042 1549 ὁρῶσιν
1079 1447 1125 1546 ἡ
1161 1447 1307 1545 θέα,
1342 1450 1461 1527 καὶ
1506 1448 1895 1533 δύσοιστος
1932 1449 1980 1547 ἡ
2025 1455 2173 1528 τῶν
2206 1451 2647 1551 σαλπίγγων
2677 1411 2755 1460 ¹⁶⁹

245 1571 415 1676 ἠχή·
477 1570 588 1650 διὸ
623 1570 950 1678 ἔφασκον
983 1581 1030 1617 “
1054 1573 1165 1652 Τὸ
1201 1580 1348 1675 πῦρ
1382 1568 1468 1652 τὸ
1502 1574 1691 1673 με’γα
1725 1580 1937 1652 τοῦτο
1973 1574 2103 1653 οὐκ
2139 1573 2476 1678 ὀψόμεθα
2510 1573 2641 1671 ἔτι,
2670 1580 2986 1695 {3600an

245 1704 288 1740 ‘⁶
325 1697 445 1774 καὶ
485 1695 615 1773 οὐκ
650 1693 1107 1793 ἀκουσόμεθα
1145 1698 1273 1793 τῆς
1308 1700 1555 1802 φωνῆς
1592 1696 1868 1799 Κυρίου
1903 1703 2032 1776 τοῦ
2069 1701 2263 1777 Θεοῦ
2295 1697 2562 1797 ἦμῶν.”
2737 1684 2751 1696 ⁰

152 1987 221 2027 10
282 1956 417 2022 Νῦν
473 1955 545 2022 δὲ
600 1957 696 2023 ἔτι
748 1956 1142 2031 &mim-emm
1195 1959 1405 2033 λὲΓων
1447 1956 1594 2022 Ἔτι
1645 1961 1824 2026 ἅπαξ
1874 1959 2011 2033 ἑΓὼ
2064 1959 2225 2025 σεῖω
2276 1959 2353 2024 οὐ
2405 1960 2606 2035 μόνον
2679 1963 2756 2019 26

851 2083 969 2150 τὴν
1024 2091 1136 2157 Γῆν
1190 2083 1361 2149 ἀλλὰ
1419 2083 1527 2147 καί
1579 2085 1692 2149 τὸν
1745 2083 2049 2173 οὐρανόν.

342 2252 603 2355 Ἔγνω
652 2251 786 2353 μὲν
834 2254 976 2358 γὰρ
1011 2257 1051 2333 ὁ
1090 2239 1387 2357 οὐρανὸς
1429 2253 1514 2335 τὸ
1562 2254 1983 2358 μυστήριον,
2021 2254 2208 2359 ἔγνω
2263 2253 2342 2335 δὲ
2389 2255 2651 2354 ὁμοίως

245 2382 363 2458 καὶ
420 2379 466 2477 ἡ
523 2376 888 2477 σύμπασα
951 2382 1073 2480 γῆ·
1162 2378 1292 2458 δύο
1364 2377 1510 2481 γὰρ
1571 2377 1920 2481 γεγόνασι
1989 2378 2402 2478 μεταθέσεις
2464 2380 2651 2472 βίων

245 2505 612 2607 ἐπιφανεῖς
647 2504 725 2582 ἐκ
760 2511 889 2582 τοῦ
924 2500 1193 2587 παντὸς
1228 2508 1503 2593 αἰῶνος,
1544 2506 1663 2582 καὶ
1700 2506 2027 2603 διαθῆκαι
2061 2504 2190 2583 δύο
2226 2512 2644 2601 καλοῦνται,

76 2655 101 2671 ·
152 2660 175 2700 ι
189 2655 222 2716 5
248 2628 367 2706 καὶ
417 2630 714 2723 σεισμοὶ
770 2630 924 2728 γῆς,
960 2626 1078 2705 διὰ
1125 2625 1210 2706 τὸ
1259 2636 1388 2706 τοῦ
1440 2624 1867 2729 πράγματος
1918 2628 2369 2730 περιβόητον·
2437 2628 2484 2727 ἡ
2519 2624 2650 2726 μὲν

246 2749 395 2830 ἀπὸ
448 2756 596 2829 τῶν
629 2749 943 2828 εἰδώλων
974 2751 1090 2830 ἐπὶ
1143 2750 1271 2829 τὸν
1303 2748 1543 2847 νόμον,
1587 2752 1633 2851 ἡ
1678 2750 1753 2830 δὲ
1801 2752 1949 2831 ἀπὸ
2006 2759 2138 2831 τοῦ
2192 2750 2413 2848 νόμου
2465 2749 2649 2852 πρὸς
2671 2770 2790 2824 125
2819 2768 2916 2825 Π.

246 2871 332 2953 τὸ
405 2873 847 2975 εὐαγγέλιον·
944 2876 1063 2953 καὶ
1129 2874 1371 2976 τρίτον
1442 2874 1755 2972 σεισμὸν
1822 2873 2448 2977 εὐαγγελιζόμεθα,
2516 2871 2650 2971 τὴν

246 3000 573 3078 ἐντεῦθεν
635 3000 747 3077 ἐπὶ
813 2995 907 3076 τὰ
976 3000 1203 3077 ἐκεῖσε
1264 2996 1747 3098 μετάστασιν,
1810 2997 1902 3077 τὰ
1963 2997 2214 3097 μηκέτι
2274 2999 2651 3094 κινούμενα

247 3118 429 3221 μηδὲ
475 3117 950 3219 σαλευόμενα.

151 3393 223 3432 20
365 3379 489 3448 Διὸ
549 3379 881 3458 βασιλείαν
934 3382 1295 3448 ἀσάλευτον
1348 3383 1976 3470 παραλαμβάνοντες
2025 3380 2282 3468 ἔχωμεν
2335 3379 2538 3468 χάριν.
2678 3386 2751 3441 28

353 3554 721 3631 Ἐνταῦθα
755 3550 975 3650 ἡδέως
1008 3550 1100 3631 ἂν
1136 3552 1423 3655 ἐροίμην
1459 3551 1623 3635 τοῦς
1659 3553 2023 3651 παυθῆναί
2051 3586 2226 3632 ποτε
2263 3549 2395 3651 τὴν
2429 3557 2650 3646 βασι-

248 3677 452 3756 λείαν
486 3680 821 3777 Χριστοῦ
858 3676 1285 3779 νομίζοντας,
1323 3680 1450 3775 τῆς
1484 3677 1674 3759 τίνος
1708 3675 2091 3770 βασιλείας
2127 3677 2649 3773 διαμεμνῆσθαι

250 3810 375 3881 νῦν
430 3798 561 3880 τὸν
616 3798 1034 3880 ἀπόστολον
1076 3799 1430 3904 φήσομεν,
1469 3797 1559 3899 ἣν
1613 3801 1731 3879 καὶ
1785 3800 2292 3901 ἐρηρεισμένην
2350 3798 2652 3877 ἔσεσθαι

248 3926 463 4028 λέγει,
502 3927 621 4004 καὶ
677 3925 785 4002 ἀεὶ
842 3931 1222 4028 λαχοῦσαν
1257 3922 1342 4001 τὸ
1387 3920 1965 4017 ἀκατάσειστονς
2025 3926 2241 4021 δηλοῖ
2280 3921 2421 4023 γὰρ
2460 3917 2661 4020 οἶμαί

147 4085 219 4145 25
244 4084 386 4129 που
421 4052 621 4128 τουτὶ
646 4047 733 4126 τό
767 4048 1201 4127 ‘Ao-damn·
1264 4045 1532 4148 πότερα
1567 4044 1700 4146 τὴν
1725 4051 1907 4126 Υἱοῦ
1942 4045 2331 4139 βασιλείαν
2366 4046 2442 4124 ἐν
2476 4046 2645 4125 τού-

242 4206 389 4258 τοις
428 4174 685 4278 φησὶν,
714 4171 937 4274 ἤγουν
963 4169 1096 4269 τὴν
1133 4171 1373 4255 αὐτοῖς
1398 4177 1547 4255 τοῖς
1574 4171 1805 4272 ἁγίοις
1833 4167 2327 4269 δοθησομένην
2357 4201 2379 4264 ;
2427 4174 2487 4248 εἶ
2522 4167 2655 4267 μὲν

318 4410 402 4445 ιο.
444 4389 567 4444 Hoc
591 4387 837 4442 scholion
861 4387 1055 4441 retinui
1081 4404 1189 4441 non
1214 4387 1330 4441 siue
1355 4386 1709 4442 dubitatione.
1998 4400 2082 4449 12,
2108 4401 2190 4451 14.
2228 4382 2416 4438 Verba
2438 4384 2572 4453 ἔγνω
2597 4383 2654 4436 δὲ

244 4462 431 4529 ὁμοίως
455 4472 508 4515 et
530 4461 589 4514 ἐκ
611 4463 708 4513 τοῦ
730 4460 922 4514 παντὸς
945 4458 1125 4513 αἰῶνος
1149 4457 1339 4511 detrita
1364 4466 1492 4512 sunt
1516 4457 1572 4510 in
1597 4455 1797 4511 codice.
2097 4470 2180 4521 14.
2216 4457 2491 4508 καλοῦνται
2517 4452 2654 4506 Cod.

245 4537 488 4589 καλοῦ-ται
514 4530 837 4655 Maian,⁰3ui
866 4536 899 4558 ‘⁸
922 4527 1260 4582 Vocabulum
1285 4528 1603 4598 ambiguum
1639 4527 1694 4581 in
1728 4524 1930 4588 codice,
1956 4524 2121 4579 immo
2154 4536 2208 4578 et
2238 4524 2341 4578 alia
2372 4523 2487 4576 heic
2517 4539 2655 4576 non-

246 4604 389 4660 nulla
412 4621 569 4675 aegre
593 4602 650 4656 in
680 4619 709 4655 c
786 4600 864 4655 ice
890 4601 1140 4671 leguntur
1155 4600 1188 4623 ’⁹
1214 4597 1452 4653 adnotat.
1799 4611 1884 4649 22.
1921 4598 2011 4664 τῆς
2038 4595 2218 4648 omisit
2245 4593 2445 4648 Maius-
