3269 5166
313 438 571 504 [58M.]

380 761 468 815 59
500 758 595 814 M.

284 1753 335 1802 S.
360 1753 551 1803 Matth.

280 1820 386 1868 xix.
410 1820 456 1868 8.

378 2494 482 2528 ver.
511 2493 526 2528 Ι
540 2492 584 2529 2.

371 3614 476 3648 ver.
508 3614 580 3661 14.

623 327 755 393 270
871 326 948 391 Β.
999 325 1375 390 CYRILLI
1428 325 1962 390 ALEXANDR.
2017 325 2586 390 FRAGMENTA
2673 326 2781 392 νῆ.
2819 327 2858 390 8
2888 349 3023 412 sqq.

624 499 667 536 ‘⁶
694 486 927 569 Ὅσοι
975 489 1066 569 ἀν
1104 489 1574 596 φυλάξωνται
1623 489 1716 569 τὰ
1758 488 2110 585 σάββατοὶ
2152 524 2294 588 μου
2339 492 2456 569 καὶ
2507 490 2942 597 ε’κλέξωνται
2980 488 3029 571 ἃ

624 624 666 660 “
702 614 843 715 ἐγὼ
882 611 1074 693 θέλω
1110 614 1227 693 καὶ
1275 614 1706 718 ἀντε’χωντα·ι
1754 618 1885 712 τῆς
1920 612 2258 714 διαθήκης
2311 648 2472 713 μου,
2510 614 2729 694 δώσω
2784 615 3025 699 αὐτοῖς

623 746 665 783 “
699 738 775 816 ἐν
823 743 925 844 τῷ
978 736 1147 845 οἴκῳ
1192 771 1332 834 μου
1380 738 1497 816 καὶ
1551 739 1628 816 ἐν
1683 743 1786 844 τῷ
1842 739 2055 841 τείχει
2109 771 2250 835 μου
2305 738 2529 818 τόπον
2588 737 3025 834 ὀνομαστὸν,

623 871 667 909 “
701 866 1042 963 κρεῖσσον
1096 866 1263 940 υἱῶν
1312 865 1429 940 καὶ
1477 860 1888 963 θυγατέρων
1925 860 2152 960 ὄνομα
2200 862 2481 941 αἰώνων
2516 860 2735 941 δώσω
2782 864 3025 947 αὐτοῖς

624 997 666 1034 “
701 988 819 1067 καὶ
856 987 984 1065 οὐκ
1021 986 1408 1090 ἐκλείψει.”
3051 1014 3089 1074 5

736 1112 1021 1190 Οὐκοῦν
1067 1114 1195 1210 τῆς
1241 1107 1651 1213 ἐγκρατείας
1698 1108 2139 1215 ἀξιόληπτος
2176 1109 2216 1186 ὁ
2252 1108 2533 1201 μισθός·
2599 1117 2749 1194 τοῖς
2793 1109 3026 1212 γεμὴν

621 1233 758 1334 ἤδη
822 1240 923 1340 τῷ
980 1231 1188 1341 γάμῳ
1248 1234 1850 1331 κατειλημμένοις,
1911 1236 2315 1338 ἀποφοιτᾶν
2369 1234 2498 1312 οὐκ
2560 1235 2829 1338 ἀφίησι
2892 1238 3023 1332 τῆς

620 1357 830 1466 ἅπαξ
874 1355 1434 1465 συνῳκισμένης,
1471 1358 1586 1434 ἵνα
1633 1356 1734 1455 μὴ
1785 1355 2115 1456 θορύβων
2163 1356 2494 1454 ἔμπλεων
2542 1358 2677 1456 τὴν
2729 1359 2849 1436 ὑπ’
2889 1360 3014 1437 οὐ·

618 1479 837 1585 ρανὸν
878 1482 962 1560 τὸ
1010 1481 1368 1582 σωτήριον
1409 1476 1752 1584 ἀποφήνῃ
1807 1479 2164 1582 κήρυγμα·
2242 1481 2371 1558 οὐκ
2426 1483 2882 1566 ἐπαινοῦντος
2935 1480 3022 1561 τὸ

619 1610 863 1709 χρῆμα
916 1613 1045 1684 τοῦ
1099 1602 1390 1684 πάντων
1425 1603 1627 1702 ἡμῶν
1668 1607 2004 1705 Σωτῆρος
2040 1608 2394 1705 Χριστοῦ,
2432 1610 2490 1682 εἰ
2540 1607 2657 1683 καὶ
2707 1607 2749 1684 ὁ
2802 1604 3021 1704 νόμος
3055 1647 3127 1686 ιο

620 1734 1074 1825 οἰκονομικῶς
1120 1730 1337 1832 ἐφῆκε
1382 1734 1530 1811 τοῖς
1577 1726 2061 1830 ἀρχαιοτέροις
2108 1734 2319 1806 τοῦτο
2366 1735 2596 1807 ποιεῖν
2648 1727 2767 1808 διὰ
2822 1740 2868 1776 “
2886 1729 3022 1830 τὴν

621 1863 665 1900 “
699 1853 1280 1956 σκληροκαρδίαν
1315 1853 1616 1948 αὐτῶν,”
1657 1851 1853 1932 καθοί
1882 1858 2113 1954 φησιν
2151 1849 2361 1935 αὐτὸς
2397 1853 2439 1929 ὁ
2478 1851 2758 1957 Σωτήρ.

717 1973 895 2055 Ὅτι
950 1975 1026 2056 δὲ
1082 1975 1629 2081 ἀσφαλέστεροί
1683 2009 1760 2055 τε
1820 1979 1935 2056 καὶ
1995 1974 2464 2080 ἀλκιμώτεροι
2522 1983 2669 2056 τῶν
2724 1980 3020 2083 ἀρχαιο·

617 2102 840 2204 τέρων
898 2104 965 2179 οὶ
1028 2102 1102 2179 ἐν
1156 2105 1483 2207 Χριστῷ,
1541 2101 1919 2179 κάντεῦθεν
1979 2102 2147 2178 ἰδεῖν
2209 2106 2358 2183 τοῖς
2419 2096 2756 2181 ἐθέλουσι
2808 2106 3014 2210 ῥᾷον·

616 2227 657 2303 ὁ
712 2225 840 2322 μὲν
888 2222 1032 2326 γὰρ
1087 2220 1302 2322 νόμος
1351 2230 1499 2307 τοῖς
1552 2224 1642 2329 ἐξ
1684 2221 1994 2325 Ἰσραὴλ
2048 2221 2384 2328 ἀπέφησε
2438 2223 2524 2305 τὸ
2578 2227 2722 2303 δεῖν
2778 2229 3014 2307 ἀλλο-
3053 2255 3124 2316 15

614 2349 876 2456 φύλοις
924 2347 1238 2430 συνιέναι
1292 2381 1368 2428 τε
1424 2351 1542 2427 καὶ
1602 2354 1925 2449 γαμικῶς
1980 2347 2533 2427 ἀναπλέκεσθαι·
2613 2349 2783 2447 ἡμῖν
2839 2350 2919 2430 δὲ
2977 2354 3019 2430 ὁ

617 2478 916 2557 Παῦλος
955 2475 1046 2552 Εἴ
1083 2508 1185 2556 τις
1233 2466 1545 2578 ἀθελφὶς
1599 2476 1902 2572 γυναῖκα
1962 2470 2102 2567 ἔχει
2158 2468 2477 2567 ἄπιστον,
2519 2474 2635 2551 καὶ
2680 2470 2773 2551 τὰ
2818 2475 2855 2552 ἑ
2906 2509 3011 2572 ης.

611 2599 890 2681 ἐκείνοις
944 2596 1075 2695 μὲν
1120 2595 1260 2698 γὰρ
1313 2596 1353 2673 ὁ
1404 2595 1566 2678 νοῦς
1611 2593 1701 2694 ἦν
1735 2593 2011 2698 σαθρὸς
2062 2598 2179 2674 καὶ
2224 2593 2784 2694 σεσαλευμένος,
2822 2598 3021 2697 ἡμεῖς

610 2719 688 2801 δὲ
726 2723 859 2825 οὐχ
895 2723 1140 2805 οὕτως·
1202 2720 1641 2825 κεχρίσμεθα
1677 2717 1819 2822 γὰρ
1855 2725 1951 2803 εἶς
1989 2720 2351 2798 υἱοθεσίαν
2386 2726 2489 2827 τῷ
2521 2721 2752 2827 Ἀγίῳ
2783 2722 3019 2801 Πνεύ-

608 2880 782 2944 ματι
829 2848 946 2926 καὶ
995 2840 1398 2952 κατῴκηκεν
1449 2846 1524 2923 ἐν
1570 2845 1739 2943 ἡμῖν
1788 2846 1830 2922 ὁ
1884 2842 2228 2945 Χριστός·
2306 2843 2697 2944 βεβηκότες
2747 2843 2840 2944 δὴ
2891 2847 3021 2927 οὖν
3045 2878 3124 2918 20

611 2971 834 3053 οὕτως
886 2967 1067 3071 πρὸς
1126 2974 1274 3048 πᾶν
1323 2969 1559 3047 ὁτιοῦν
1614 2973 1761 3045 τῶν
1814 2970 2129 3068 ἀγαθῶν,
2173 2967 2498 3065 δεδίαμεν
2555 2967 2708 3045 κατ’
2766 2967 3021 3050 οὐδένα

609 3092 879 3197 τρόπον
929 3091 1012 3173 τὸ
1062 3092 1384 3172 συνεῖναί
1428 3124 1567 3170 τινι
1619 3096 1765 3169 τῶν
1807 3089 2139 3170 ἀπίστων
2176 3088 2301 3168 ἔτι·
2368 3087 2904 3192 τεθαῤῥήκαμεν
2942 3093 3019 3174 δὲ

608 3224 899 3314 μᾶλλον
943 3215 1052 3296 ὅτι
1106 3212 1659 3316 σαγηνεύσομεν
1708 3219 1806 3298 εἰς
1861 3212 2249 3310 εὐσέβειαν,
2286 3216 2402 3293 καὶ
2458 3214 2593 3318 οὐχ
2639 3215 2840 3313 ἡμεῖς
2889 3222 3020 3317 τῆς

610 3340 909 3440 ἐνούσης
962 3339 1242 3422 ἐκείνοις
1291 3338 1599 3435 ἀμαθίας
1654 3336 1969 3436 ἐσόμεθα
2019 3335 2330 3438 θήραμα·
2402 3341 2518 3418 καὶ
2574 3339 3020 3440 εὐλογοῦμεν

610 3470 901 3563 μᾶλλον
938 3462 1102 3548 τοὺς
1150 3463 1349 3543 οὔπω
1393 3460 1931 3545 πιστεύσαντας
1967 3459 2013 3561 ἢ
2050 3460 2510 3559 μολυνόμεθα
2545 3464 2716 3566 παρ’
2754 3465 3013 3544 αὐτῶν·
3047 3488 3124 3548 ²5

611 3589 940 3692 ἡγίασται
997 3584 1137 3696 γάρ
1195 3592 1425 3692 φησιν
1470 3594 1500 3666 ὅ
1552 3582 1701 3693 ἀνὴρ
1752 3594 1782 3666 ὁ
1832 3587 2125 3671 ἄπιστος
2184 3587 2246 3666 ἐν
2300 3594 2375 3699 τῇ
2427 3590 2728 3688 γυναικί·
2789 3589 3019 3674 οὕτως

606 3792 3016 3953 ⁶.⁴sntff‘21‘s0‘3522225222'230[55‘5133sslss‘3„23·ff,53“3⁰5.32ssss352320{⁰?22233?ss

604 3961 720 3994 ποις
743 3938 984 4009 ἀποφήνῃ
1009 3939 1068 3991 τὸ
1094 3936 1325 4027 κήρυγμα
1348 3938 1465 4023 effre
1492 3938 1633 4023 λύειν
1657 3937 1720 3989 τὰ
1745 3929 2072 4027 συνοικέσια·’
2109 3935 2174 3987 τὰ
2208 3935 2317 4026 γὰο
2331 3935 2520 4022 βιβλία
2554 3938 2646 4004 τῆς
2678 3937 3016 4027 ἀποστασίας

603 4012 668 4062 τὰ
693 4009 814 4063 ὄντα
838 4009 1096 4078 καταρχὰς
1119 4009 1189 4062 ὧς
1210 4006 1458 4061 ασθενεσι
1481 4028 1589 4063 τοις
1613 4006 1858 4062 ἷουδαιοις
1880 4025 2215 4077 συνεχωρησε
2241 4006 2325 4059 δια
2348 4027 2566 4074 μωσεως
2589 4009 2619 4059 ὁ
2639 4014 2790 4065 Θεος·
2832 4010 2896 4062 οὗ
2914 4011 3020 4079 μὴν

604 4079 725 4148 ἡμῖν
746 4082 855 4135 τοῖς
878 4077 1181 4163 ἐῤῥωμένοις
1205 4077 1260 4132 ἐν
1283 4078 1459 4132 πίστει
1483 4077 1800 4141 θεοσεβείας.
1835 4075 1906 4130 Η.
1952 4147 1964 4159 ·
2199 4094 2281 4130 10.
2319 4074 2460 4146 ἡμῶν
2482 4087 2826 4165 assumptum
2853 4098 2919 4133 ex
2946 4084 3014 4134 A.

613 4167 632 4202 1
650 4167 695 4203 1.
732 4152 793 4203 τὸ
818 4166 915 4219 pro
939 4169 1093 4202 τουτο
1117 4149 1186 4201 Α.
1394 4149 1457 4200 18
1496 4165 1613 4219 sqq.
1690 4147 1875 4201 Paullo
1899 4148 2051 4201 ahter
2077 4147 2376 4215 Η.”Ωσπερ
2402 4147 2487 4200 διὰ
2510 4149 2572 4201 τὸ
2597 4147 2890 4216 ἐρρωμένον
2912 4157 3016 4204 τῶν

602 4224 805 4274 πιστῶν
838 4220 931 4272 οὐκ
966 4218 1226 4286 ἐπιτρέπει
1261 4217 1406 4272 λύειν
1428 4220 1518 4272 τὸν
1539 4220 1706 4288 γάμον
1728 4217 1812 4272 καὶ
1846 4216 2033 4274 ἄλλαις
2068 4220 2311 4284 συνεῖναι,
2335 4220 2452 4270 οὔτε
2485 4217 2730 4274 ἀπίστοις
2755 4224 3018 4275 συνοικεῖν

605 4287 790 4343 κωλύει
814 4290 884 4344 ὧς
906 4291 935 4342 ὁ
958 4291 1178 4345 παλαιὸς
1213 4291 1367 4356 νόμος
1398 4290 1480 4342 διὸ
1512 4290 1573 4340 τὸ
1597 4288 1812 4359 ἀδρανὲς
1848 4291 1943 4342 τοῦ
1968 4292 2057 4342 νοῦ
2088 4293 2191 4344 τῶν
2215 4288 2469 4351 ἶουδαίων,
2493 4287 2628 4342 οὕτω
2652 4291 2737 4343 καὶ
2762 4294 2856 4346 νῦν
2878 4314 3010 4362 συγ-

603 4362 764 4429 χωρεῖ
797 4362 905 4415 τοῖς
937 4363 1147 4414 πιστοῖς
1182 4362 1407 4413 συνεῖναι
1441 4361 1550 4414 τοῖς
1574 4359 1700 4426 (sic)
1722 4359 1963 4415 ἀπίστοις
1996 4362 2257 4430 γαμεταῖς,
2283 4359 2352 4414 ὡς
2379 4357 2665 4428 θαῤῥοῦσιν
2689 4359 2771 4414 ὅτι
2803 4364 3014 4430 μᾶλλον

602 4431 749 4484 αὐτοὶ
773 4431 862 4486 τὰς
885 4429 1134 4485 ἀπίστους
1157 4430 1532 4498 μεταπείσουσι
1554 4431 1809 4498 γυναῖκας,
1830 4431 1890 4483 οὗ
1913 4430 2014 4498 μὴν
2035 4430 2115 4484 ὅτι
2138 4427 2619 4499 μετατραπῆσονται
2644 4430 2730 4486 ἐπὶ
2747 4433 2811 4486 τὸ
2828 4435 3012 4502 χεῖρον

604 4503 686 4555 καὶ
710 4501 789 4555 ὅτι
814 4501 1093 4571 εὐλογοῦσι
1117 4503 1320 4567 μᾶλλον
1343 4502 1434 4555 τὰς
1458 4498 1736 4561 συνούσας,
1760 4500 1823 4553 οὗ
1845 4501 1947 4568 μὴν
1967 4500 2273 4569 μολύνονται
2297 4497 2418 4569 παρ’
2442 4500 2626 4555 αὐτῶν.
2709 4517 2720 4524 “
2849 4503 3008 4573 26-p.

606 4587 723 4642 271,
753 4590 802 4643 3.
841 4570 1233 4642 οὕτως--ῥύπον
1258 4571 1448 4642 partim
1477 4570 1688 4624 exhibet
1714 4580 1764 4623 et
1795 4570 1866 4625 H.
