3269 5166
758 352 879 416 DE
903 352 1458 420 'DOGMATUM
1507 354 2049 422 SOLUTIONE.
2477 361 2606 424 559

188 641 338 708 Ὀτι
377 643 446 708 ἑν
473 646 544 730 τῇ
588 645 901 732 μελλούσῃ
948 645 1311 713 καταπόσει
1352 647 1421 712 τὸ
1469 649 1813 732 λογιστικὸν
1858 649 2089 733 ἔχουσα
2131 651 2326 736 ψυχὴ,
2371 651 2466 716 καὶ
2511 654 2607 718 διὸ
2637 658 2728 724 Ε’.

317 758 491 818 τοῦτο
532 756 813 838 γνῶσεως
862 758 968 821 οὐκ
997 759 1346 841 ἀμοιροῦσα,
1389 762 1729 840 προκόπτει·
1790 764 1849 826 οἱ
1893 760 1940 825 δ’
1975 741 2168 842 ἕτεροι
2205 765 2261 828 εἰ
2303 763 2608 846 προκοπὴν

319 863 443 944 ἔξει
485 868 675 950 φασὶν
702 868 740 946 ἡ
770 869 960 952 ψυχὴ,
990 869 1225 938 πάντως
1267 871 1362 936 ὅτι
1407 872 1502 936 καὶ
1544 875 1794 953 μείωσιν
1838 874 1932 939 καὶ
1975 874 2164 943 πάθος
2208 875 2305 940 καὶ
2349 875 2602 959 φθοράν·

321 978 388 1041 ἐκ
419 978 626 1044 τούτου
658 980 755 1044 καὶ
785 981 1062 1061 θάνατον,
1095 981 1190 1046 καὶ
1219 983 1554 1062 ἀναβίωσιν
1583 984 1767 1053 αὖθις.

139 1231 176 1290 5
1146 1224 1676 1286 1⁴:111wa12.
1779 1305 1793 1314 ‚
2634 1241 2667 1282 e

211 1377 216 1388 ι
321 1402 422 1476 Οἱ
458 1407 684 1479 ταῦτα
732 1389 1325 1499 διενθυμούμενοι,
1363 1389 1648 1503 ἀγνοεῖν
1697 1398 1973 1481 ἐοίκασι
2015 1399 2149 1501 τὴν
2198 1404 2599 1502 δοθησομέ-

205 1555 339 1620 νην
391 1518 603 1625 χάριν
638 1528 730 1627 τῇ
766 1533 895 1603 τοῦ
931 1523 1312 1627 ἀνθρώπου
1362 1523 1583 1628 φύσει
1616 1523 1801 1623 μετὰ
1847 1523 1979 1624 τὴν
2016 1529 2093 1604 ἐκ
2131 1531 2396 1629 νεκρῶν
2433 1526 2604 1604 ἀνα-

201 1645 493 1739 βίωσιν.
580 1650 642 1724 εὶ
705 1645 848 1751 γὰρ
915 1652 1025 1727 δεῖ
1076 1657 1120 1694 “
1145 1645 1234 1727 τὸ
1299 1646 1628 1753 φθαρτον
1687 1655 1898 1728 τοῦτο
1963 1648 2407 1729 ἐνδύσασθαι
2472 1648 2604 1748 τὴν
2696 1662 2875 1790 ἓξὲξ

203 1779 252 1816 “
279 1770 759 1875 ἀφθαρσίαν,”’
784 1803 899 1850 και
875 1769 1437 1851 ἀποδύσασθαι
1458 1769 1590 1870 τὴν
1616 1770 1925 1878 φθορὰν,
1946 1779 2604 1872 συναποβαλοῦμεν

105 1926 179 1966 ιο
204 1891 543 1991 δηλονότι
597 1897 688 1997 τῇ
744 1898 988 2000 φθορᾷ
1043 1896 1161 1972 καὶ
1197 1891 1289 1973 τὰ
1325 1893 1414 2000 ἐξ
1449 1894 1668 1992 αὐτῆς
1715 1892 1935 1994 πάθη·
2001 1903 2225 1976 ταῦτα
2272 1896 2361 1975 δέ
2404 1897 2605 1975 ἐστιν
2631 1926 2667 1966 a
2693 1913 2820 1969 375
2843 1911 2925 1970 A·

201 2017 542 2115 ἐπιθυμία
604 2022 815 2096 πᾶσα
880 2013 1216 2119 σαρκική·
1320 2020 1438 2098 καὶ
1505 2015 2117 2117 μεταστησόμεθα
2189 2017 2450 2101 λοιπον
2510 2025 2606 2106 εἷς

203 2141 423 2242 ἁγίαν
476 2141 595 2219 καὶ
656 2139 1136 2239 πνευματικὴν
1191 2138 1396 2243 ζωὴν,
1453 2174 1788 2238 νεμοντος
1850 2143 2019 2241 ἡμῖν
2073 2176 2157 2222 το
2207 2142 2472 2246 ἀραρος
2529 2145 2609 2224 ἐν

201 2262 483 2346 τούτοις
520 2271 647 2344 τοῦ
682 2263 973 2343 πάντων
1007 2263 1210 2362 ἡμῶν
1247 2267 1582 2366 Σωτῆρος
1620 2269 1972 2366 Χριστοῦ.
2041 2271 2099 2344 εἶ
2135 2265 2279 2370 γὰρ
2315 2274 2443 2346 νῦν
2477 2263 2606 2347 τὸν

98 2481 104 2490 ,
203 2387 597 2492 ἀῤῥαβῶνα
632 2394 760 2466 τοῦ
798 2385 1221 2486 Πνεύματος
1267 2386 1548 2491 ἔχοντες
1583 2388 1806 2490 ἀγίως
1841 2388 2384 2488 πολιτευόμεθα,
2422 2392 2603 2474 τίνες

107 2541 180 2602 15
204 2509 525 2610 ἐσόμεθα
586 2508 946 2604 λαβόντες
993 2509 1077 2591 τὸ
1125 2514 1453 2615 πλῆρες;
1545 2509 1728 2593 ὅπου
1793 2510 1868 2593 δὲ
1929 2512 2310 2617 πλήρωσις
2378 2514 2603 2596 Πνεύ-

203 2669 456 2732 ματος,
484 2635 630 2714 ἐκεῖ
655 2668 798 2714 που
822 2633 1111 2719 πάντως
1139 2639 1257 2714 καὶ
1291 2635 1667 2740 ἀσφάλεια
1689 2645 1815 2717 νοῦ
1853 2638 1970 2717 καὶ
2007 2639 2297 2741 καρδίας
2334 2638 2604 2740 ἑδραιό-

203 2796 359 2862 της,
395 2765 524 2860 τῆς
579 2761 864 2864 ὁρώσης
920 2767 1017 2846 εἶς
1061 2762 1145 2843 τὸ
1188 2761 1467 2863 ἀγαθὸν
1504 2766 1622 2842 καὶ
1673 2769 1769 2849 εἷς
1823 2766 2180 2870 ἀκραιφνῆ
2238 2768 2597 2847 θεοπτίαν.

202 2887 464 2966 οὐκοῦν
533 2886 849 2983 ἐσόμεθα
920 2885 1050 2983 μὲν
1113 2887 1383 2965 ἑαυτῶν
1455 2886 1800 2985 ἀμείνους,
1868 2887 2402 2985 ἀποδυσάμενοι
2470 2888 2602 2989 τὴν
2628 2902 2672 2967 b

98 3084 102 3091 .
204 3006 518 3158 φθορὰν,
557 3012 694 3109 ,καὶ
752 3009 1227 3109 πνευματικὸν
1291 3009 1573 3115 ἔχοντες
1629 3009 1716 3092 τὸ
1779 3017 2018 3110 σῶμα,
2078 3011 2450 3092 τουτέστιν
2506 3016 2604 3094 εἷς

101 3172 179 3212 20
201 3131 397 3231 μόνα
449 3130 731 3223 βλέπον
784 3131 878 3212 τὰ
923 3140 1051 3213 τοῦ
1091 3133 1532 3233 Πνεύματος·
1612 3132 1871 3218 κλόνος
1915 3133 2061 3213 δε
2029 3168 2070 3213 ο
2106 3131 2605 3237 καταβιβάζων

201 3257 397 3356 ἡμᾶς
453 3291 549 3341 εις
607 3256 1035 3365 φαυλότητα
1073 3260 1316 3344 οὐδεὶς
1375 3259 1583 3341 ἔσται
1638 3259 1724 3340 τὸ
1779 3261 2121 3362 τηνικάδε,
2176 3260 2604 3366 συνέχοντος

203 3380 396 3479 ἡμᾶς
449 3386 544 3464 εἰς
580 3380 664 3461 τὸ
702 3374 955 3461 εαυτοῦ
1003 3381 1284 3482 θέλημα
1335 3391 1463 3464 τοῦ
1500 3391 1965 3489 Δημιουργοῦ
2020 3385 2136 3465 διὰ
2189 3395 2318 3467 τοῦ
2349 3387 2605 3489 εἈγιου

201 3503 653 3605 Πνεύματος,
676 3503 995 3606 καθάπερ
1021 3502 1274 3602 ἀμέλει
1302 3511 1417 3586 καὶ
1453 3541 1618 3590 τους
1649 3508 1899 3610 ἁγίους
1935 3508 2315 3611 ἀγγέλους.
2372 3518 2605 3591 τοιοῦ-

201 3626 335 3715 τόν
377 3660 448 3707 τι
482 3626 807 3733 Χριστὸς
861 3627 1277 3736 ἀπεφήνατο
1332 3628 1549 3709 εἶπών
1604 3640 1648 3678 “
1673 3632 1807 3723 Ἐν
1840 3633 1932 3737 τῇ
1987 3631 2388 3719 ἀναστάσει
2442 3637 2603 3717 οὔτε
2697 3641 2938 3719 fflfffflh·

2695 3722 2817 3760 xxu.
2837 3721 2917 3770 30.

281 3885 331 3925 1.
370 3865 440 3939 Ε]
471 3867 557 3923 Ita
578 3870 648 3923 A.
752 3870 884 3937 πρὸς
907 3868 1027 3927 τοὺς
1050 3869 1302 3960 λέγοντας
1322 3869 1611 3959 praemittit
1634 3869 1739 3926 Ed.
1763 3869 1930 3927 invito
1954 3873 2024 3927 A.
2127 3873 2433 3965 λογιστικὸν
2454 3874 2524 3928 A.
2529 3874 2601 3930 D.

197 3940 418 4031 λογικὸν
441 3938 546 4000 Ed.
1012 3956 1062 3994 2.
1098 3942 1149 3994 οἱ
1171 3939 1273 3994 δ”
1242 3962 1509 4011 ετεροι-η
1478 3939 1686 4011 ἡψυχὴ
1710 3940 1777 3995 A.
1802 3942 1886 3995 καὶ
1909 3941 1989 3996 ὅτι
2012 3941 2059 3997 εἶ
2080 3945 2367 4032 προκοπὴνὴ
2368 3944 2473 4013 ἕξει
2498 3944 2603 4000 Ed.

198 4030 257 4078 4.
291 4009 581 4074 ἀναβίωσιν
600 4006 748 4067 αὖθις
771 4008 874 4064 hoc
898 4009 1087 4064 ordine
1109 4011 1179 4064 A.
1383 4009 1520 4064 ‚Ita
1541 4011 1611 4071 A.
1637 4013 1826 4081 κεφαλ.
1852 4013 1886 4078 ζ
1907 4011 2006 4067 Ed.
2182 4012 2236 4068 6.
2271 4017 2432 4069 ταῦτα
2455 4015 2523 4068 A.
2531 4015 2603 4071 D.

197 4082 417 4137 τοιαῦτα
440 4078 544 4134 Ed.
952 4081 1005 4135 8.
1040 4023 1377 4136 ἐνδύσασθαι5
1377 4080 1472 4148 τὴν
1492 4079 1795 4151 ἀφθαρσίαν
1817 4091 1871 4136 et
1893 4080 2258 4138 ἀποδύσασθαι
2281 4085 2375 4154 τὴν
2395 4084 2603 4209 φθορὰν

199 4152 310 4209 hoc
333 4149 521 4205 ordine
544 4150 614 4203 A.
963 4166 986 4205 1
999 4166 1049 4205 1.
1082 4101 1720 4221 μεταστησάμεθα-ζσξὴν
1741 4151 1844 4206 hoe
1867 4152 2054 4208 ordine
2077 4153 2146 4209 A.
2169 4155 2603 4224 μεταστησάμεθα

352 4221 625 4290 (oqrtran
726 4219 808 4274 nit
830 4218 933 4275 Ed.
1205 4242 1258 4289 4.
1293 4222 1669 4290 πολιτευόμεθα
1692 4221 1891 4277 habent
1911 4222 2059 4280 A.D.
2302 4226 2384 4280 18.
2409 4225 2603 4279 ἑαυτῶν

273 4292 441 4347 elnone
463 4296 516 4345 et
538 4290 642 4345 ἀπο
747 4292 921 4359 άμενοι
943 4291 1038 4361 τὴν
1058 4290 1265 4362 φθορὰν
1287 4290 1389 4345 hoe
1411 4244 1601 4346 ordine
1618 4293 1689 4346 A.
2145 4309 2229 4366 19.
2265 4295 2603 4380 πνευματικὸν

197 4364 414 4434 ἔχοντες
435 4362 497 4415 τὸ
522 4365 677 4429 σὸμα
700 4359 802 4416 hoc
825 4360 1012 4415 ordine
1038 4362 1105 4415 A.
1129 4363 1191 4417 τὸ
1215 4366 1367 4431 σῶμα
1389 4369 1512 4416 ante
1533 4382 1717 4450 πνευμ.
1739 4370 1808 4418 tr.
1838 4360 1944 4419 Ed.
2276 4381 2365 4420 20.
2398 4363 2603 4428 βλέπον

196 4435 266 4487 τὸ
296 4435 393 4487 τοῦ
428 4430 728 4500 Πνεῦματος
763 4430 924 4486 edidi.
959 4431 1223 4496 βλέποντα
1257 4433 1322 4487 τὰ
1345 4435 1446 4486 τοῦ
1458 4430 1746 4501 πνεύματος
1767 4434 1837 4489 A.
1863 4434 1927 4488 τὰ
1950 4437 2041 4488 τοῦ
2068 4433 2354 4505 πνεύματος
2372 4432 2600 4498 βλέπον·

195 4527 288 4561 τες
313 4501 417 4557 Ed.
859 4519 948 4556 21.
987 4503 1152 4558 οὖδεις
1174 4503 1323 4557 ἔσται
1345 4504 1406 4557 τὸ
1429 4504 1662 4570 τηνικάδε
1685 4502 1789 4557 hoe
1812 4503 1998 4558 ordine
2020 4507 2088 4560 A.
2112 4508 2173 4560 τὸ
2196 4504 2427 4573 τηνικάδε
2451 4505 2602 4558 ἔσται

196 4576 372 4630 οὖδας
398 4572 500 4628 Ed.
876 4588 962 4627 22.
999 4574 1199 4642 θέλημα
1221 4581 1560 4643 assumptum
1583 4591 1650 4627 ex
1675 4574 1819 4628 A.D.
1847 4574 2008 4644 [inter
2030 4592 2201 4631 uncos
2226 4572 2458 4645 Mignea]
