3269 5166
202 331 293 372 xv.
324 327 403 396 35
425 333 555 396 sqq.
645 311 752 375 IN
803 311 934 376 ΕΡ.
977 309 1033 375 Ι.
1088 309 1216 374 ΑΙ)
1270 309 1856 375 CORINTHIOS.
1936 310 2106 373 LIB.
2146 310 2304 376 VII.
2434 313 2563 375 307

2614 418 2720 483 [7⁵
2747 420 2868 483 M·]

1057 733 1471 828 ΤοΜοΣ
1565 753 1652 826 Ζ.

249 971 402 1036 Ἀλλ’
464 973 601 1065 ὲρεῖ
653 1002 749 1042 τις
803 979 955 1043 Πῶο
1012 978 1368 1067 ὲι-εἰρονται
1424 977 1484 1044 οἶ
1541 979 1800 1067 νεκροῖς
1872 978 2044 1064 ποίῳ
2100 977 2170 1042 δὲ
2227 977 2481 1053 σώματι
2590 991 2666 1051 35
2698 997 2819 1054 sqq.

1053 1105 1357 1193 ἔρχονται
1378 1136 1397 1188 3
1449 1110 1668 1174 κ.τ.λ.

286 1284 376 1363 ‘O
432 1292 1021 1370 ΠΡΟΦΗΤΗΣ
1078 1290 1398 1374 Ἡσαΐας
1452 1288 1633 1389 μετὰ
1671 1293 1799 1388 τῆς
1834 1290 1911 1368 ἐκ
1941 1293 2205 1389 νεκρῶν
2242 1284 2555 1398 ἀναστοὶ-

138 1435 167 1490 5
190 1437 357 1492 σεως
380 1406 461 1488 τὸ
496 1412 897 1515 μυστήριον
926 1416 1020 1497 ὡς
1055 1413 1259 1493 ἔσται
1288 1412 1471 1493 κατὰ
1500 1411 1783 1515 καιροὺς
1807 1417 2000 1491 Θεοῦ
2032 1409 2560 1506 κατανεύοντος,

190 1531 292 1609 καὶ
336 1534 589 1642 ἀφάτῳ
642 1534 930 1633 δυνάμει
978 1536 1603 1636 μεταπλᾶττοντος
1655 1542 1751 1620 εἷς
1795 1532 1979 1639 ζωὴν
2014 1530 2099 1613 τὸ
2136 1539 2238 1640 τῷ
2275 1531 2561 1640 θανάτῳ

190 1659 707 1757 κεκρατημένον,
782 1657 1390 1763 προανακεκρᾶγει
1466 1659 1704 1760 λε’γων
1782 1668 1826 1704 “
1861 1654 2424 1756 Ἀναστήσονται
2495 1660 2560 1735 οἱ
2587 1667 2671 1796 {⁴35³-
2697 1668 2832 1716 xxvi.

192 1786 228 1823 ‘⁴
260 1785 494 1882 νεκροὶ,
534 1787 652 1861 καὶ
702 1781 1212 1883 ἐγερθήσονται
1263 1788 1330 1862 οὶ
1374 1785 1449 1861 ἐν
1486 1789 1631 1867 τοῖς
1669 1779 2050 1882 μνημείοις,
2088 1783 2203 1860 καὶ
2242 1780 2552 1885 εὐφραν-
2657 1771 2667 1782 ’

192 1910 228 1946 “
260 1901 595 2002 θήσονται
652 1911 717 1984 οἱ
770 1909 845 1984 ἐν
897 1911 987 2010 τῇ
1043 1912 1163 2010 γῇ·
1234 1908 1278 2005 ἡ
1334 1905 1476 2010 γὰρ
1533 1904 1796 2007 δρόσος
1847 1906 1892 2004 ἡ
1947 1902 2145 2007 παρὰ
2198 1910 2338 1981 σοῦ
2387 1902 2563 2001 ἰἀμα

112 2053 171 2092 10
193 2032 229 2068 ‘⁴
260 2026 482 2113 αὐτοῖς
518 2030 791 2108 ἐστιν·”
852 2028 1122 2130 δρόσον
1158 2026 1353 2127 οἶμαι
1391 2028 1628 2131 λέγων
1664 2034 2016 2132 τροπικῶς
2052 2024 2184 2127 τὴν
2221 2022 2562 2127 ζωοποιόν

195 2145 519 2249 ἐνέργειαν
584 2159 716 2230 τοῦ
772 2156 992 2249 Θεοῦ,
1054 2154 1218 2232 καθ’
1287 2150 1375 2252 ἣν
1442 2156 1558 2232 καὶ
1619 2151 1705 2230 τὸ
1767 2148 1940 2230 εἶναι
2006 2156 2153 2233 τοῖς
2210 2151 2338 2228 οὐκ
2397 2150 2562 2227 οὖσι

194 2272 579 2372 προσνέμει,
622 2278 741 2354 καὶ
795 2281 941 2358 τοῖς
998 2274 1135 2374 ἤδη
1190 2273 1817 2379 παρενηνεγμένοις
1866 2280 1961 2357 εἰς
2014 2271 2321 2379 ὕπαρξιν
2357 2270 2442 2350 τὸ
2487 2273 2564 2351 εὖ

196 2389 345 2473 εἶναι
388 2399 774 2501 χαρίζεται·
833 2398 1231 2498 συνέστηκε
1280 2399 1422 2502 γὰρ
1468 2398 1562 2479 τὰ
1606 2396 1844 2478 πάντα
1880 2400 1955 2477 ἐν
1991 2398 2202 2503 αὐτῷ,
2241 2394 2561 2497 καθάπερ

197 2515 417 2615 ἀμέλει
466 2527 583 2602 καὶ
639 2523 727 2601 δι’
768 2524 983 2602 αὐτοῦ
1032 2521 1371 2630 παρήχθη
1406 2522 1587 2627 πρὸς
1623 2524 1928 2625 γένεσιν·
1989 2521 2268 2628 ψάλλει
2304 2519 2394 2599 δέ
2422 2554 2562 2601 που

124 2667 141 2705 ¹
151 2665 179 2724 5
201 2644 296 2720 καὶ
345 2645 383 2722 ὃ
442 2645 831 2730 θεσπέσιος·
883 2650 1150 2726 Δαυεὶδ
1212 2650 1372 2749 περὶ
1431 2654 1576 2726 τῶν
1636 2649 1750 2726 ἐπὶ
1805 2651 1939 2748 γῆς
1996 2643 2178 2749 πρὸς
2230 2641 2359 2725 τὸν
2416 2650 2561 2722 τῶν

202 2760 368 2844 ὅλων
403 2773 710 2872 Σωτῆρα
747 2768 938 2848 Θεόν
984 2780 1026 2817 “
1054 2770 1495 2877 Ἀνοίξαντος
1530 2770 1622 2850 δε’
1646 2804 1786 2850 σου
1823 2770 1955 2870 τὴν
1991 2774 2194 2873 χεῖρα
2230 2766 2321 2846 τὰ
2358 2767 2554 2865 σύμ-

201 2893 238 2930 “
263 2922 482 2972 παντα
517 2891 1038 2993 πλησθήσεται
1072 2891 1592 2997 χρηστότητος’
1673 2893 2271 2997 ἀποστρέψαντος
2308 2891 2395 2969 δέ
2421 2924 2561 2969 σου

203 3018 238 3054 “
265 3008 341 3089 τὸ
376 3014 796 3117 πρόσωπον,
839 3015 1444 3120 ταραχθήσονται·
1515 3019 1917 3099 ἀντανελεῖς
1968 3013 2051 3093 τὸ
2098 3021 2377 3110 πνεῦμα
2432 3014 2558 3091 αὖ·

202 3140 237 3177 “
263 3141 395 3214 τῶν
428 3141 543 3218 καὶ
598 3141 1049 3245 ἐκλείψουσι,
1088 3141 1203 3219 καὶ
1259 3145 1357 3225 εἷς
1410 3139 1537 3219 τὸν
1573 3148 1754 3245 χοῦν
1800 3140 2035 3217 αὐτῶν
2070 3136 2558 3242 ἐπιστρέφου-

124 3283 182 3325 20
203 3262 238 3299 ‘⁴
266 3288 397 3338 σιν·
460 3262 979 3369 ἐξαποστελεῖς
1035 3261 1117 3342 τὸ
1171 3273 1450 3361 πνεῦμα
1498 3298 1639 3343 σου
1684 3267 1800 3343 καὶ
1855 3259 2393 3360 κτισθήσονται,
2447 3262 2564 3337 καὶ

203 3387 237 3423 “
268 3382 666 3470 ἀνακαινιεῖς
725 3384 809 3465 τὸ
864 3384 1263 3489 πρόσωπον
1318 3391 1445 3485 τῆς
1500 3385 1706 3488 γῆς.”
1771 3386 2079 3466 πέπονθε
2135 3381 2265 3481 μὲν
2320 3381 2462 3485 γὰρ
2518 3382 2672 3480 ἦ76
2705 3401 2798 3458 Μ.

204 3501 548 3605 ἀνθρώπου
606 3509 834 3614 φύσις
890 3516 1018 3588 τοῦ
1072 3510 1264 3590 θείου
1317 3508 1719 3610 προσώπου
1773 3507 1904 3609 τὴν
1956 3504 2433 3614 ἀποστροφὴν
2488 3508 2563 3586 ἐν

204 3622 391 3725 Ἀδὰμ
437 3630 553 3711 διὰ
600 3630 737 3732 τὴν
771 3630 1220 3735 παράβασιν*
1293 3634 1653 3735 τοιγάρτοι
1701 3633 2079 3736 μονονουχὶ
2129 3629 2564 3733 συγκέχυται

210 3750 305 3827 καὶ
351 3751 789 3857 τετάρακται,
827 3756 943 3834 καὶ
995 3759 1088 3839 εἷς
1141 3753 1269 3833 τὸν
1304 3755 1483 3834 ἴδιον
1517 3755 1970 3855 ὑπενόστησε
2025 3760 2225 3858 χοῦν,
2268 3761 2560 3847 κατεβι-

136 3891 187 3950 ²5
207 3870 427 3976 βᾶσθη
483 3911 556 3957 τε
625 3879 743 3957 καὶ
797 3884 895 3962 εἷς
952 3878 1260 3957 θάνατον
1315 3881 1432 3957 καὶ
1499 3878 1808 3984 φθοράν.
1895 3874 2131 3975 ἐπειδὴ
2184 3874 2260 3955 δὲ
2314 3876 2565 3976 γε’γονε

209 3997 346 4074 καθ’
380 4000 558 4098 ἡμᾶς
595 4002 636 4080 ὃ
680 3999 1102 4103 Νἱονογενὴς
1150 4008 1279 4081 τοῦ
1316 4007 1506 4081 Θεοῦ
1544 4000 1805 4103 Λόγος,
1844 4003 1960 4081 καὶ
2004 3997 2136 4098 τὴν
2172 4007 2299 4079 τοῦ
2334 3998 2566 4099 Ἁγίου

213 4118 619 4221 Πνεύματος.
660 4124 1261 4224 πεπλοντήκαμεν
1336 4124 1643 4231 με’θεξιν,
1708 4121 2315 4231 ἀναμορφούμεθα
2385 4122 2566 4223 πρὸς

209 4235 280 4317 τὸ
310 4244 377 4322 ἐν
409 4249 656 4353 ἀρχαῖς
713 4252 828 4329 καὶ
873 4246 1021 4328 οἷον
1055 4249 1553 4346 ἀνεκτίσμεθα·
1627 4247 2032 4348 κεκλήμεθα
2087 4245 2230 4349 γὰρ
2267 4252 2363 4329 εἶς
2414 4279 2593 4324 και-.

214 4359 442 4464 νᾶτητα
492 4371 689 4473 ζωῆς,
747 4372 831 4452 τὸ
888 4379 1013 4451 τοῦ
1058 4370 1368 4451 θανάτου
1424 4370 2042 4474 διαδιδράσκοντες
2097 4366 2373 4471 κράτος.
2453 4369 2568 4443 καὶ

2585 2763 2669 2811 Pu.
2698 2763 2795 2811 ciii.
2825 2764 2884 2811 28

2585 2841 2700 2889 -30.

330 4544 373 4583 ι.
408 4529 487 4587 Ita
508 4533 649 4590 edidi
674 4554 737 4591 ex
767 4535 822 4591 H
850 4535 944 4607 qui
968 4535 1215 4605 κυρίλλου
1242 4534 1297 4588 ἐκ
1323 4537 1418 4588 τοῦ
1445 4535 1476 4600 ζ
1495 4537 1655 4603 τόμου
1679 4535 1808 4603 πρὸς
1834 4532 2115 4603 κορινθίους
2141 4529 2185 4583 α’
2211 4527 2441 4583 exhibet.

1290 4636 1329 4679 R
1360 4638 1392 4679 Γ
1426 4636 1462 4681 2
