3269 5166
605 349 732 415 116
1208 346 1291 411 Β.
1333 343 1760 412 CYRILLI
1820 342 2403 410 ALEXANDR.
2644 364 2752 405 xx.
2781 339 2883 419 16,
2911 354 3017 421 17.

600 549 757 600 πως
810 520 884 595 αὶ
938 520 1294 617 γυναικῶν
1340 521 1481 594 εἶσι
1529 514 1804 621 φρένες,
1843 516 1959 594 καὶ
2013 510 2466 612 ἀμελετήτως
2517 509 2771 615 ἔχουσι
2824 505 3019 610 πρὸς

601 638 687 721 τὸ
742 639 1097 719 δύνασθαι
1148 638 1409 746 ῥᾳδίως
1459 641 1577 717 καὶ
1626 645 1777 722 τοῖς
1832 638 1916 717 οὐ
1972 635 2270 742 σφόδρα
2325 633 2710 718 δυσκόλοις
2760 666 3009 735 προσ-

542 800 578 843 e
601 770 879 861 βαλεῖν,
915 764 1032 843 καὶ
1062 768 1332 872 πολλῷ
1364 797 1452 866 γε
1486 770 1744 844 πλεῖον
1779 767 1930 846 τοῖς
1965 760 2142 864 ὑπὲρ
2180 758 2408 862 λόγον
2445 759 2838 859 θαύμασιν.

503 1009 578 1069 16
602 997 784 1075 ΛέΓει
837 1000 1003 1092 αὐτῷ
1058 1000 1096 1069 ὁ
1139 1000 1399 1067 Ἰησοῦς
1449 998 1702 1091 Μαρία.
1775 993 2142 1090 στραφεῖσα
2197 995 2271 1063 δὲ
2323 994 2541 1063 ἐκείνη
2597 997 2770 1070 λέγει
2823 994 3018 1081 αὐτῷ

701 1121 994 1215 ἑβραϊστί
1054 1124 1422 1208 Ῥαββουνί,
1492 1127 1531 1196 ὃ
1602 1126 1863 1203 λέγεται
1897 1111 2304 1219 ,διδάὶςκαλς
2373 1120 2480 1187 καὶ
2549 1119 3076 1211 προσέδραμεν5

703 1252 996 1332 ἅψασθαι
1049 1252 1272 1319 αὐτοῦ.

717 1430 960 1507 Καλεῖ
986 1460 1169 1531 προς
1204 1400 1596 1528 ἐπίγνωσιν
1631 1421 1765 1524 τὴν
1798 1422 2342 1530 ἐμφανεστέραν
2377 1420 2515 1522 ἤδη
2551 1427 2680 1501 τοῦ
2712 1452 3017 1522 γυναιου

599 1583 728 1629 τον
765 1556 953 1647 νοῦν,
1002 1547 1254 1630 ἑαυτὸν
1300 1549 1375 1629 δὲ
1422 1552 1766 1652 παραθεὶς
1819 1546 2324 1631 ἀδιακωλύτως
2369 1551 2468 1631 εἷς
2518 1540 2796 1641 θέαν,”
2747 1577 2872 1624 ατε
2920 1539 3013 1640 δὴ

599 1676 715 1753 καὶ
753 1671 1117 1780 ἀγαπῶσῃ
1166 1671 1620 1777 γοργότερον,
1658 1673 2040 1777 μονονουχὶ
2086 1672 2204 1751 καὶ
2253 1677 2695 1751 καταιτιᾶται
2745 1663 3015 1748 λοιπον

599 1797 684 1877 οὐ
732 1798 1033 1898 μετρίως
1082 1794 1576 1898 μελλήσασαν
1612 1802 1710 1881 εἶς
1741 1792 1830 1877 τὸ
1869 1792 2224 1877 δύνασθαι
2261 1801 2466 1891 νοεῖν,
2504 1792 2750 1895 ὅτιπερ
2794 1790 3014 1876 αὐτὸς
3045 1818 3120 1859 10

600 1920 705 2020 εἵη
763 1923 805 2001 ὁ
850 1920 1202 2025 Χριστός·
1284 1921 1709 2029 ὑπεμφαίνει
1760 1918 1905 2024 γάρ
1967 1953 2038 2000 τι
2095 1927 2417 2000 τοιοῦτον
2474 1917 2794 2000 καλέσας
2846 1917 3016 1995 ὀνο-

261 2056 516 2114 1084Δ·
541 2072 578 2113 ⁸
599 2047 848 2143 μαστί·
915 2046 960 2145 ἡ
999 2043 1075 2125 δὲ
1112 2047 1417 2146 συνίησί
1451 2080 1529 2126 τε
1573 2048 2038 2151 παραχρῆμα,
2077 2046 2195 2124 καὶ
2231 2047 2378 2123 τῶν
2420 2045 2495 2123 ἐν
2531 2045 2787 2146 ἀρχαῖς
2831 2041 3012 2121 ὑπο-

599 2174 797 2277 ψιῶν
870 2169 959 2249 δι’
1032 2170 1250 2270 αὐτῆς
1325 2168 1462 2271 ἤδη
1533 2173 1666 2270 τῆς
1739 2170 1904 2254 θέας
1969 2165 2539 2269 ἀποπηδήσασα,
2609 2164 2740 2266 τὴν
2815 2165 3015 2271 αὐτῷ

596 2292 877 2395 συνήθη
932 2291 1293 2398 προσάγει
1346 2292 1558 2395 τιμὴν
1593 2294 1960 2388 Ῥαββουνῖ
2020 2292 2368 2395 λέγουσα,
2404 2289 2735 2371 τουτέστι
2778 2285 3009 2369 Διδοί-

595 2439 854 2510 σκαλε,
915 2417 1264 2519 θυμηδίας
1319 2417 1394 2498 δὲ
1450 2421 1579 2519 τῆς
1643 2417 1987 2499 ἀνωτάτω
2045 2413 2174 2497 τὸν
2240 2422 2492 2497 οἰκεῖον
2550 2412 3014 2515 ἐμπλήσασα
3039 2452 3114 2512 15

596 2549 764 2622 νοῦν
813 2542 1152 2646 προσέθει
1190 2548 1466 2648 θερμῶς
1518 2542 1851 2651 ἁψαμένη
1907 2576 1983 2622 τε
2038 2547 2169 2623 τοῦ
2225 2540 2435 2644 ἁγίου
2488 2539 2850 2638 σώματος,
2890 2540 3012 2618 καὶ

597 2662 730 2766 τὴν
767 2666 1103 2769 εὐλογίαν
1138 2671 1587 2771 κερδανοῦσα
1622 2663 1756 2767 τὴν
1791 2668 1960 2770 παρ’
2000 2667 2244 2747 αὐτοῦ.

499 2917 568 2983 17
594 2902 777 2978 ΛέΓει
825 2902 990 2997 αὐτῷ
1028 2904 1066 2972 ὁ
1094 2904 1349 2972 Ἰησοῦς
1382 2901 1498 2968 Μή
1544 2926 1670 2980 μου
1707 2905 1934 2970 ἅπτου·
2007 2902 2197 2968 οὔπω
2245 2901 2366 2993 Γὰρ
2420 2899 2793 2982 ἀναβέβηκα
2836 2899 3010 2990 πρὸς

1493 3028 1607 3096 τὸν
1644 3027 1912 3119 Πατέρα
1955 3051 2104 3106 μου.

527 3200 571 3265 b
710 3189 872 3267 Οὐκ
928 3185 1363 3272 εὐκάτοπτος
1418 3195 1565 3272 τοῖς
1621 3195 1932 3272 πολλοῖς
1978 3187 2023 3288 ἡ
2071 3196 2198 3268 τοῦ
2255 3185 2483 3290 λόγου
2532 3184 2850 3285 δύναμις,
2896 3184 3008 3265 κε’-
3038 3225 3117 3265 20

596 3344 903 3413 κρυπται
953 3309 1098 3414 γὰρ
1146 3314 1221 3390 ἐν
1266 3312 1460 3417 αὐτῷ
1508 3311 1928 3416 μυστήριον·
2003 3311 2496 3407 βασανιστέον
2541 3312 2607 3390 δ’
2650 3309 2777 3389 οὖν
2812 3308 3010 3409 ὅμως

594 3431 712 3512 διὰ
755 3432 840 3512 τὸ
891 3433 1279 3538 χρήσιμον.
1357 3441 1698 3537 χαριεῖται
1749 3434 1892 3539 γὰρ
1944 3436 2112 3535 ἡμῖν
2167 3441 2312 3515 τῶν
2361 3436 2613 3514 ἑαυτοῦ
2664 3432 3009 3538 ῥημάτων

594 3553 728 3656 τὴν
764 3563 1040 3659 γνῶσιν
1076 3557 1116 3634 ὁ
1157 3555 1445 3660 Κύριος.
1503 3559 1824 3661 ἀπείργει
1878 3559 2009 3657 μὲν
2054 3558 2198 3662 γὰρ
2253 3558 2622 3664 ε’πιτρέχον
2677 3559 2871 3666 αὐτῷ
2921 3556 3008 3639 τὸ

593 3679 907 3784 γύναιον,
973 3684 1090 3760 καὶ
1154 3687 1303 3765 τοῖς
1364 3685 1548 3761 ποσὶ
1606 3685 2168 3787 περιπλέκεσθαι
2233 3683 2821 3790 προθυμούμενον
2876 3683 3010 3763 οὐκ

595 3807 703 3912 ἐᾷ·
784 3803 916 3906 τὴν
954 3805 1043 3884 δέ
1066 3839 1152 3908 γε
1189 3812 1318 3885 τοῦ
1353 3803 1782 3909 πράγματος
1831 3807 2062 3886 αἰτίαν
2100 3804 2419 3915 φανερὰν
2455 3807 2622 3907 ἡμῖν
2656 3804 3010 3890 καθιστάς
3039 3845 3115 3905 25

595 3928 818 4010 Οὔπω
872 3928 1014 4041 γαρ
1073 3931 1491 4024 ἀναβέβηκα
1548 3930 1713 4039 πρὶς
1770 3927 1872 4013 rav
1931 3930 2207 4039 Πατέρα
2267 3966 2408 4032 μου
2469 3932 2723 4037 φησίν.
2804 3929 3013 4010 ἀλλὰ

595 4056 674 4133 τί
722 4052 811 4154 δὴ
865 4063 1077 4135 τοῦτο
1133 4057 1402 4154 δηλοῦν
1452 4054 1869 4156 οἰησόμεθα,
1925 4054 2279 4157 ζητητέον.
2364 4055 2442 4135 τί
2491 4055 2634 4159 γὰρ
2675 4061 2734 4134 εἶ
2789 4052 3013 4155 μήπω

665 4263 718 4318 3.
754 4249 971 4303 πολλῶν
994 4247 1059 4304 Ε.
1362 4268 1413 4316 4.
1452 4249 1510 4303 δε
1536 4256 1881 4321 assumptum
1906 4269 1971 4306 ex
1999 4249 2047 4305 E
2073 4249 2153 4322 (D
2173 4249 2248 4321 N).
2558 4263 2613 4322 5.
2649 4250 2991 4376 ἱβριιιοΨὶπε
2919 4267 3011 4306 88-

602 4327 883 4389 sumptum
909 4337 972 4374 ex
1000 4318 1065 4376 E.
1159 4320 1246 4374 καὶ
1271 4339 1313 4374 π
1418 4319 1637 4390 ἔδραμεν
1658 4320 1904 4393 ἅψασθαι
1927 4322 2086 4375 αὐτου
2056 4321 2271 4375 &habet
2297 4321 2385 4390 F(
2364 4322 2422 4390 (κ
2444 4338 2610 4375 manu
2634 4321 2762 4376 casti

598 4389 721 4461 Syr.
751 4390 1006 4459 Heracl.).
1333 4390 1636 4460 .παρειεΙ.
1662 4409 1709 4447 a.
2014 4409 2097 4448 10.
2132 4390 2260 4461 με’λ
2237 4414 2445 4461 ησασαν
2469 4392 2587 4447 E..1
2612 4410 2662 4447 a.
2765 4320 2991 4445 {avers
2802 4391 3006 4480 ηπερ]

596 4459 761 4530 ὅτιδὴ
790 4459 833 4515 1.
860 4479 907 4517 a.
1286 4479 1368 4515 ιι.
1406 4464 1436 4517 ὁ
1459 4471 1799 4549 assumptum
1824 4480 1889 4517 ex
1917 4462 1962 4519 1.
1989 4482 2036 4518 a.
2144 4463 2355 4531 ὀνόματι
2384 4463 2429 4518 Ι.
2792 4478 2876 4528 14.
2911 4461 3010 4532 ῥα-

592 4483 761 4596 βουνὶη
766 4531 912 4587 Aub.
1204 4530 1287 4586 16.
1323 4530 1567 4602 ἁψαμένη
1594 4531 1662 4587 Ε.
1928 4550 2016 4589 22.
2051 4533 2283 4589 αὖτοῦΙ.
2559 4549 2649 4660 Q}
2681 4531 2778 4604 μὲν
2800 4550 2910 4587 om.
2939 4533 3010 4587 E.

593 4602 757 4658 habet
780 4612 841 4658 ut
864 4601 1045 4659 vid.1.
1332 4601 1418 4658 26.
1454 4625 1555 4672 μου
1578 4612 1918 4676 assumptum
1943 4623 2009 4660 ex
2034 4605 2100 4660 Ε.
2126 4604 2276 4660 deest
2297 4612 2362 4659 ut
2384 4602 2496 4660 vid.
2521 4602 2578 4659 in
