3269 5166
597 335 713 389 616

674 532 789 570 non
814 522 1102 590 gravatus,
1125 515 1198 572 ad
1218 514 1257 573 J
1261 533 1421 574 esum
1440 516 1747 592 discipulos

675 612 927 669 lucratus
960 616 1073 671 129
1106 612 1144 670 b
1193 614 1480 689 quomodo
1513 614 1749 673 lucerna

677 714 794 768 248
824 710 863 767 b
931 710 990 767 in
1030 710 1343 769 testimonii
1378 711 1745 770 tabernaculo

673 808 908 866 lucerna
948 809 1074 885 ejus
1113 817 1288 885 typus
1332 814 1471 875 250,
1518 813 1629 869 251
1711 830 1746 869 a

673 906 990 964 Pharisaeis
1016 908 1216 983 rejecti
1238 911 1350 966 251
1379 927 1430 975 e,
1461 912 1598 982 252,
1624 912 1742 968 356

672 1002 953 1082 Discipuli
1003 1024 1135 1063 cum
1181 1006 1220 1064 J
1226 1007 1404 1065 udaeo
1450 1007 1744 1083 disputant

679 1107 792 1162 175
824 1103 882 1161 d.

589 1202 798 1260 Battus
827 1205 945 1262 547
976 1222 1024 1260 c.

590 1299 820 1358 Bestiae
848 1300 1008 1358 utilia
1031 1300 1262 1377 eligere.
1285 1319 1547 1361 recusare
1567 1302 1743 1360 noxia

671 1399 856 1456 sciunt
883 1397 963 1456 iii.
996 1402 1132 1457 493.

590 1495 914 1555 Bethesdae
941 1515 1092 1572 aqua
1127 1516 1229 1554 cur
1257 1498 1432 1557 semel
1471 1498 1737 1557 turbaba-

668 1602 763 1651 tur
793 1598 909 1654 208
940 1597 991 1651 b.

588 1692 928 1750 Bethaniam
958 1693 1117 1750 venit
1137 1693 1422 1752 Dominus
1449 1695 1542 1753 die
1569 1696 1739 1753 Amni

666 1789 915 1865 eligendi
944 1793 1063 1850 694
1094 1809 1142 1848 e.

586 1888 842 1946 Bezatha
874 1885 897 1967 (
924 1916 964 1937 =
993 1885 1306 1968 Bethesda)
1342 1892 1459 1948 617
1490 1909 1541 1948 c.

586 1982 949 2060 Blasphemia
974 1993 1034 2043 et
1061 1986 1119 2043 in
1148 1986 1287 2044 deos
1312 1986 1487 2045 falsos
1505 1988 1740 2064 punitur

667 2092 867 2160 utpote
915 2083 975 2141 in
1016 2084 1126 2142 Dei
1171 2084 1400 2143 Nomen
1441 2099 1735 2162 peccatum

672 2186 826 2241 1048
859 2202 894 2241 a
911 2182 967 2240 b.

585 2280 763 2339 Bonis
805 2282 972 2339 datur
1013 2282 1288 2356 sapientia
1320 2285 1432 2340 142
1463 2300 1495 2340 e
1564 2281 1735 2351 Boni,

665 2398 889 2456 semper
907 2379 1122 2438 Christi
1144 2381 1451 2438 adventum
1470 2381 1735 2458 operibus

663 2477 830 2534 bonis
915 2478 1232 2553 vigiliisque
1318 2489 1733 2556 exspectantes,

663 2574 1032 2634 nihilominus
1070 2577 1277 2636 timent
1306 2583 1424 2639 293
1455 2599 1488 2638 e
1553 2578 1734 2638 Bonis

662 2674 780 2731 vita
816 2683 877 2732 et
909 2675 1152 2742 coelum,
1193 2678 1356 2734 malis
1396 2678 1731 2754 supplicium

666 2775 778 2831 501
813 2791 848 2830 a
866 2772 905 2829 b
979 2774 1205 2831 Bonum
1260 2776 1518 2833 incusare
1580 2777 1731 2834 idem

663 2890 731 2930 ac
763 2871 1069 2947 nequitiam
1104 2874 1472 2948 comprobare
1503 2879 1621 2934 407
1653 2876 1708 2932 d.

580 2968 746 3027 Bona
772 2968 963 3028 omnia
989 2990 1025 3027 a
1051 2970 1176 3028 Deo
1203 2973 1318 3030 861
1353 2991 1404 3031 e.

581 3067 746 3125 Bona
784 3087 900 3126 non
936 3070 1057 3144 jam
1091 3070 1399 3144 praeterita
1438 3071 1537 3129 sed
1565 3090 1731 3147 prae-

659 3167 847 3224 sentia
874 3165 1192 3242 arripienda
1220 3171 1338 3226 465
1368 3168 1427 3226 b.

579 3263 763 3321 Bonis
811 3273 974 3340 pater
1019 3264 1180 3323 Deus
1222 3266 1525 3342 Sanctique
1566 3266 1727 3342 Ejus.

659 3363 823 3422 malis
851 3364 1108 3422 diabolus
1137 3365 1386 3441 sociique
1418 3369 1536 3426 550
1565 3367 1604 3424 b
1625 3385 1676 3424 e.

578 3462 929 3520 “Buccinae
973 3463 1195 3521 sonitus
1242 3465 1546 3530 crescens?
1552 3464 1726 3522 'dis-

658 3560 916 3636 pensatio
946 3560 1294 3637 Evangelica
1321 3564 1438 3620 258
1459 3563 1495 3620 b
1513 3582 1565 3630 c,
1608 3564 1729 3620 vide

657 3657 838 3715 Tuba.

1126 3821 1175 3881 C

574 3954 1031 4014 CancAvnaunr
1070 3973 1132 4012 se
1171 3954 1395 4023 Judaei,
1445 3954 1725 4013 inscitiam

654 4074 818 4112 suam
871 4053 1286 4112 inobedientiae
1334 4071 1561 4110 causam
1618 4053 1724 4111 sibi

653 4153 940 4229 fingentes
972 4156 1081 4211 141
1116 4170 1169 4209 e.

569 4250 793 4311 Caecus
835 4269 869 4307 a
910 4250 1203 4308 nativitate
1238 4249 1509 4308 Gentium
1553 4257 1724 4326 typus

653 4353 766 4409 601
803 4368 834 4407 c
856 4348 894 4406 d
914 4366 946 4406 e
1002 4366 1103 4405 cur
1140 4347 1262 4404 luto
1304 4356 1508 4405 unctus
1537 4351 1656 4406 602
1685 4347 1723 4405 b

651 4447 691 4505 J
699 4447 1005 4505 udaeorum
1101 4445 1416 4504 didascalos
1499 4446 1723 4503 futuros

650 4547 869 4602 Gentes
912 4543 1094 4601 innuit
1135 4548 1250 4603 604
1284 4565 1332 4611 e,
1367 4550 1483 4603 632
1516 4565 1564 4611 e,
1600 4548 1715 4602 633

1397 334 1723 392 INDEX
1809 334 2177 393 RERUM.

2780 356 3015 396 Barrus

1929 515 2226 577 Christum
2264 525 2535 596 tanquam
2570 521 2765 580 Deum
2809 524 3019 581 adorat

1932 617 2050 675 632
2084 636 2116 673 c
2134 615 2190 673 d.

1848 710 1992 771 Cain
2060 713 2098 771 J
2102 714 2417 773 udaeorum
2482 725 2647 792 pater
2718 722 2841 779 560
2894 739 3014 778 e—

1932 815 2074 870 564.

1845 905 2038 967 Canae
2104 909 2393 969 Galilaeae
2463 912 2800 972 miraculum
2875 916 3017 991 quid

1926 1007 2293 1081 spiritualiter
2321 1009 2608 1085 significat
2642 1017 2781 1079 137,
2819 1016 2939 1073 139
2960 1033 3013 1081 e,

1933 1109 2073 1164 140.

1845 1201 2263 1261 Candelabrum
2283 1202 2499 1263 Christi
2520 1214 2692 1283 typus
2718 1211 2842 1266 390
2865 1209 3010 1266 cde.

1842 1298 2033 1377 Caput
2081 1302 2333 1359 mulieris
2377 1303 2482 1370 vir,
2534 1313 2708 1379 caput
2729 1334 2770 1353 --
2791 1306 3010 1381 princi-

1922 1398 2080 1474 pium
2108 1395 2445 1481 [ἇρχέτυπος]
2474 1401 2543 1459 Μ
2574 1406 2651 1461 62
2691 1399 2775 1482 [p.
2797 1400 2970 1484 281].

1839 1494 1991 1556 Caro
2034 1516 2138 1572 pro
2179 1498 2411 1556 homine
2450 1500 2709 1574 perfecto
2749 1504 3012 1577 positum

1923 1598 2000 1653 94
2032 1596 2070 1652 (1
2112 1614 2219 1653 nec
2245 1597 2304 1653 in
2332 1615 2562 1655 carnem
2591 1599 2830 1658 intravit
2860 1601 3012 1658 Ver-

1921 1694 2077 1764 bum,
2119 1694 2220 1751 sed
2275 1713 2410 1752 caro
2465 1696 2589 1752 sola
2633 1697 2814 1754 morti
2869 1698 3008 1756 sub-

1915 1790 2092 1866 jecta,
2149 1790 2346 1849 Verbo
2417 1793 2610 1851 omnia
2674 1794 3011 1853 vivificante

1919 1888 2279 1947 ineffabiliter
2327 1890 2492 1948 unita
2533 1891 2813 1949 liberatur
2856 1896 2940 1951 95
2972 1893 3010 1951 b

1919 2005 2054 2045 caro
2090 1987 2305 2045 factum
2335 1997 2424 2046 est
2451 1992 2529 2047 95
2562 1989 2598 2045 d
2620 2008 2652 2046 e
2708 2009 2817 2064 per
2848 2011 3008 2068 mys-

1920 2084 2091 2142 ticam
2120 2085 2387 2143 unionem
2418 2105 2550 2143 cum
2577 2087 2683 2146 1110
2705 2088 2827 2157 Qui
2850 2090 3009 2147 servi

1919 2182 2159 2240 formam
2231 2183 2416 2241 induit
2488 2183 2766 2243 liberatur
2844 2207 3005 2253 earo,

1921 2299 2163 2358 cumque
2194 2300 2265 2338 eo
2293 2281 2594 2360 participat
2626 2302 2762 2341 caro
2800 2296 3007 2343 nostra

1918 2388 2153 2454 propter
2187 2380 2374 2437 carnis
2414 2380 2829 2456 cognationem
2860 2387 2943 2442 96
2972 2403 3005 2442 e

1921 2476 2171 2536 Carnem
2194 2497 2369 2553 quum
2396 2479 2644 2537 condere
2665 2499 2787 2538 non
2805 2481 3007 2560 dedig-

1917 2585 2085 2635 natus
2114 2595 2233 2634 non
2262 2586 2592 2635 exsecratur
2609 2576 2770 2636 Deus
2796 2583 2921 2637 437
2943 2580 3003 2637 d.

1836 2673 2084 2733 Carnem
2140 2675 2196 2731 in
2254 2693 2422 2733 cruce
2472 2685 2753 2733 mortuam
2812 2678 3001 2734 vivifi·

1916 2773 2067 2831 cavit
2112 2773 2280 2830 Pater
2330 2792 2433 2848 per
2481 2773 2687 2831 Filium
2739 2778 2765 2831 1
2783 2777 2903 2834 102
2948 2794 3000 2843 e,

1923 2875 2077 2930 1103
2106 2889 2156 2929 a.

1835 2967 1987 3028 Caro
2055 2988 2159 3044 pro
2228 2969 2587 3044 passionibus
2669 2971 3002 3030 carnalibus

1914 3067 2109 3125 habita
2136 3066 2212 3124 iii.
2244 3070 2361 3125 488
2407 3087 2511 3143 pro
2546 3070 2613 3124 τὰ
2640 3072 2833 3142 σαρκὸς
2858 3074 3001 3143 φρο·

1915 3170 2020 3222 νεῖν
2044 3164 2119 3222 iii.
2152 3168 2270 3223 554
2314 3165 2374 3222 in
2409 3164 2643 3224 Christo
2685 3167 2999 3241 aliquando

1913 3282 2018 3339 pro
2046 3263 2233 3320 carnis
2260 3262 2590 3321 infirmitate
2623 3264 2701 3321 iii.
2728 3266 2872 3322 488.

1835 3361 1984 3421 Caro
2014 3360 2231 3419 Christi
2260 3359 2371 3418 Dei
2397 3359 2548 3420 Caro
2578 3361 2658 3420 iii.
2692 3365 2834 3420 515.

1830 3458 2018 3520 Carne
2058 3457 2215 3515 nasci
2245 3458 2319 3515 ad
2346 3457 2535 3516 Deum
2575 3460 2825 3535 pertinet
2858 3460 2998 3535 quia

1915 3575 2085 3615 carne
2125 3556 2281 3613 nasci
2323 3575 2440 3613 non
2481 3565 2673 3633 potest
2701 3557 2880 3615 homo
2907 3557 2992 3616 iii.

1914 3658 2055 3714 526.

1831 3752 2102 3813 Carnales
2130 3751 2363 3810 deliciae
2406 3761 2657 3811 mentem
2694 3762 2755 3811 et
2796 3753 2991 3811 cordis

1909 3862 2111 3911 tonum
2189 3850 2263 3908 ad
2330 3851 2541 3910 Divina
2622 3852 2994 3929 percipienda

1909 3960 2183 4010 enervant
2223 3952 2341 4010 556
2370 3969 2403 4008 c
2458 3949 2782 4025 voluptates
2823 3959 2989 4008 trun-

1908 4069 2036 4108 care
2072 4067 2392 4125 possumus,
2421 4047 2708 4105 eradicare
2748 4048 2987 4105 omnino

1908 4167 2024 4205 non
2052 4165 2354 4223 possumus
2381 4145 2455 4203 iii.
2490 4148 2629 4212 596,
2661 4149 2802 4204 597.

1825 4244 2202 4321 Carpocrates
2231 4245 2305 4303 iii.
2342 4247 2477 4303 371.

1825 4343 2142 4420 Castigatio
2172 4344 2229 4399 in
2258 4343 2449 4400 furore
2477 4341 2633 4416 quid,
2664 4341 2721 4397 in
2761 4341 2981 4416 judicio

1905 4444 2039 4519 quid
2082 4445 2199 4501 869
2244 4441 2334 4498 ab
2397 4440 2453 4497 in
2502 4438 2719 4514 judicio
2781 4441 2977 4498 beatos

1906 4541 2037 4600 facit
2068 4543 2188 4598 869
2219 4559 2263 4596 c.
