3269 5166
191 353 288 398 xx.
320 353 413 421 19,
439 355 537 405 20.
628 337 746 403 IN
804 338 872 403 S.
915 337 1434 403 JOANNEM.
1513 337 1710 403 LIB.
1750 337 1911 403 XII.
1986 336 2196 403 CAP.
2233 336 2291 403 1.
2449 337 2573 400 125

194 579 398 648 Οὔσιιο
448 581 559 650 οὖν
610 586 808 665 ὀψίας
866 592 946 679 τῇ
1007 588 1218 680 ἡμέρᾳ
1274 585 1494 678 ἐκείνῃ
1549 591 1630 678 τῷ
1689 590 1801 679 μιᾷ
1862 586 1996 654 τῶν
2051 585 2414 665 σαββάτων,
2468 582 2575 649 καὶ
2608 603 2681 662 19

280 709 411 776 τῶν
465 712 680 800 θυρῶν
729 715 1206 790 κεκλεισμένων
1249 715 1416 780 ὅπου
1469 708 1638 780 ἦσαν
1687 710 1748 778 οἷ
1801 711 2086 790 μαθηταὶ
2140 711 2339 779 αὐτοῦ
2388 730 2580 775 συνκ-

282 836 500 912 Γμὲνοι
546 837 653 903 διὰ
699 838 813 907 τὸν
863 843 1071 929 φόβον
1120 840 1255 907 τῶν
1282 838 1648 920 Ἰουδαίων,
1685 835 1883 905 ἦλθεν
1919 840 1957 906 5
1985 839 2241 905 Ἰησοῦς
2278 834 2384 900 καὶ
2420 835 2576 900 ἒστιι
2603 826 2646 890 b

282 958 374 1028 εἰς
415 963 493 1030 τὸ
535 966 733 1041 μέσον
773 964 880 1031 καὶ
925 968 1098 1040 λέγει
1155 961 1377 1031 αὐτοῖς
1423 963 1664 1056 Εἰρήνη
1709 961 1875 1042 ὑμῖν.
1967 965 2073 1031 καί
2124 970 2319 1030 τοῦτο
2372 957 2578 1026 εἰπὼν
2610 976 2688 1016 20

139 1093 169 1152 5
281 1087 528 1158 ἔδειξεν
584 1088 804 1159 αὐτοῖο
856 1091 975 1159 τὰς
1027 1088 1248 1181 χεῖρας
1301 1091 1411 1158 καὶ
1462 1092 1580 1159 τὴν
1636 1090 1928 1178 πλευρὰν
1983 1091 2202 1160 αὐτοῦ.

295 1261 477 1343 Κατ’
538 1262 761 1363 αὐτὴν
825 1264 1097 1365 ἐκείνην
1156 1261 1290 1364 τὴν
1347 1264 1618 1366 ἡμέραν
1677 1264 1840 1344 καθ’
1903 1260 1995 1363 ἢν
2053 1260 2266 1369 ὤφθη
2324 1295 2401 1340 τε
2463 1263 2580 1341 καὶ

191 1386 556 1467 διείλεκται
627 1392 718 1494 τῇ
788 1387 1117 1493 Μαριὰμ,
1184 1390 1302 1468 καὶ
1374 1389 1613 1471 αὐτοῖς
1685 1393 1835 1472 τοῖς
1907 1387 2135 1490 ἁγίοις
2201 1382 2582 1489 ἐπέλαμψε

191 1516 551 1611 μαθηταῖς,
590 1509 720 1596 τὰς
754 1518 902 1592 τῶν
937 1512 1254 1592 ἀνοσίων
1288 1509 1654 1591 Ἰουδαίων
1690 1507 2096 1618 ἀφορήτους
2131 1505 2583 1612 καταδρομὰς

192 1633 777 1746 καταπεφρικόσι,
817 1638 933 1716 καὶ
984 1641 1082 1720 εἷς
1129 1631 1326 1716 οἶκόν
1361 1669 1521 1715 τινα
1570 1634 1689 1715 διὰ
1735 1642 1950 1716 τοῦτο
1997 1630 2572 1738 συγκεκομισμέ-

111 1783 175 1825 10
195 1792 347 1843 νοις.
436 1762 522 1840 οὐ
578 1758 724 1863 γὰρ
775 1757 868 1860 ἦν
910 1758 1095 1846 εἰκὸς
1147 1760 1546 1863 ἀμοιρῆσαί
1592 1793 1769 1842 ποτε
1823 1767 1953 1839 τοῦ
2004 1756 2399 1862 πρέποντος
2452 1765 2582 1836 λο-
2604 1789 2641 1832 ο

196 1891 452 1983 γισμοῦ
506 1882 677 1970 τοὺς
731 1885 916 1964 οὕτω
972 1883 1584 1981 πεπαιδευμένους,
1641 1886 1758 1964 καὶ
1812 1882 1941 1968 τὰς
1995 1888 2142 1963 τῶν
2197 1880 2586 1989 φονῶντων

198 2005 406 2109 ὀργὰς
468 2006 1000 2111 διαδιδράσκειν
1065 2008 1480 2110 ἐπείγεσθαι
1542 2007 2132 2109 κεκελευσμένους
2196 2005 2580 2089 πολλάκις.

199 2130 633 2239 ἐπιφαίνεται
696 2131 773 2212 δὲ
834 2129 1267 2240 παραδόξως
1340 2132 1604 2217 αὐτοῖς.
1715 2130 2198 2238 κεκλεισμένων
2260 2129 2425 2235 γὰρ,
2488 2126 2589 2215 ὥς

203 2260 395 2360 φησι,
450 2257 578 2340 τᾶν
636 2255 840 2366 θυρόν,
896 2253 1260 2357 ἀδοκήτως·
1316 2263 1409 2343 εἷς
1461 2254 1668 2363 μέσον
1724 2255 1877 2351 ἔστη
1932 2253 2280 2360 Χριστὸς,
2330 2254 2589 2363 ἀφάτῳ

81 2369 84 2374 ’
123 2403 183 2463 ¹5
204 2384 328 2461 τινὶ
358 2381 653 2483 δυνάμει
690 2383 808 2462 καὶ
851 2385 1231 2485 θεοπρεπεῖ
1271 2382 1388 2460 καὶ
1440 2378 1570 2466 τὰς
1615 2387 1762 2461 τῶν
1796 2379 2242 2485 πραγμάτων
2276 2383 2588 2461 ἀκολου-

205 2506 347 2592 θίας
399 2503 984 2613 ὑπεριπτάμενος,
1023 2507 1140 2585 καὶ
1193 2512 1324 2586 τοῦ
1377 2510 1525 2590 τοῖς
1579 2503 1958 2610 δρωμένοις
2013 2507 2412 2612 πρέποντος
2465 2514 2595 2586 λο-

204 2641 457 2732 γισμοῦ
507 2667 590 2713 τε
652 2633 770 2712 καὶ
826 2629 1205 2736 σχήματος
1258 2630 1567 2728 ἀμείνων
1619 2628 2218 2730 ἀναδεικνύμενος.
2291 2627 2394 2732 μὴ
2449 2629 2593 2735 γὰρ

207 2753 285 2855 δή
317 2790 419 2842 τις
455 2755 733 2860 λεγέτω
775 2757 1020 2839 Πῶς’
982 2789 1059 2835 εν
1094 2752 1383 2853 σώματι
1419 2759 1524 2862 τῷ
1568 2762 1793 2861 παχεῖ
1832 2754 2208 2860 τυγχάνων
2245 2757 2286 2835 5
2330 2753 2593 2858 Κύριος
2617 2769 2662 2833 d

208 2878 696 2965 ἅδιακωλύτως
750 2878 1121 2980 εἰσήλασε,
1181 2877 1408 2959 καίτοι
1462 2916 1584 2960 των
1640 2877 1825 2987 θυρων
1884 2879 2396 2985 κεκλεισμενων·
2471 2880 2592 2957 ἐν·

127 3030 193 3072 20
212 3003 433 3085 νοείτω
504 3007 584 3086 δὲ
653 3010 965 3104 μᾶλλον,
1030 3005 1130 3087 ὡς
1194 3004 1279 3083 οὐ
1344 3004 1516 3107 περί
1568 3036 1760 3088 τινος
1827 3009 1973 3082 τῶν
2036 3002 2197 3085 καθ’
2260 3002 2444 3102 ἡμᾶς
2507 3001 2601 3082 τὰ

83 3115 98 3143 ”
212 3129 482 3211 τοιαῦτά
536 3137 778 3239 φησιν
833 3130 873 3209 5
927 3127 1317 3212 θεσπέσιος
1374 3125 1956 3230 Εὐαγγελιστής·
2029 3129 2193 3230 περὶ
2250 3127 2467 3205 αὑτοῦ
2522 3124 2600 3205 δὲ

213 3259 485 3350 μᾶλλον
538 3262 671 3335 τοῦ
728 3250 1276 3355 συνεδρεύοντος
1329 3255 1434 3359 τῷ
1490 3257 1657 3359 Θεῷ
1711 3254 1828 3331 καὶ
1888 3254 2145 3355 Πατρὶ,
2191 3254 2308 3332 καὶ
2361 3247 2601 3331 πάντα

85 3406 120 3475 ;.
216 3381 505 3479 δρῶντος
564 3378 880 3462 εὐκόλως
936 3374 1218 3480 ὅσαπερ
1275 3372 1367 3456 ἂν
1406 3375 1771 3470 βούλοιτο.
1845 3374 1980 3457 ἔδει
2033 3374 2180 3480 γὰρ
2226 3375 2366 3455 ἔδει
2408 3372 2602 3455 Θεὸν

84 3540 126 3608 5²
217 3499 372 3583 ὄντα
430 3537 615 3584 κατα
675 3501 908 3608 φύσιν
966 3535 1082 3580 και
1157 3498 1504 3601 ἀληθινὸν
1561 3498 1665 3602 μὴ
1724 3508 1881 3586 ταῖς
1938 3507 2086 3581 τῶν
2151 3500 2602 3604 πραγμάτων

86 3641 200 3751 ,395
220 3626 650 3711 ἅκολουθίαις
701 3627 1146 3723 ὑποκεῖσθαι,
1182 3624 1506 3727 καθάπερ
1559 3622 1811 3722 ἀμελει
1866 3627 1982 3704 καὶ
2039 3624 2129 3705 τὰ
2176 3659 2328 3727 παρ
2386 3624 2605 3704 αὐτοῦ

101 3770 136 3843 3„-
219 3751 576 3852 γεγονότα,
618 3747 1191 3857 κατεξουσιάᾷιν
1223 3747 1301 3829 δέ
1349 3754 1645 3848 μᾶλλον
1683 3750 1800 3828 καὶ
1855 3748 2173 3852 ἀνάγκης
2223 3750 2440 3849 αὐτῆς
2487 3751 2604 3831 καὶ

121 3879 566 3976 λογισμοῦ
622 3881 754 3955 τοῦ
814 3871 1251 3976 καθήκοντος
1309 3907 1426 3953 και
1483 3872 2083 3976 πρεπωδεστάτου
2140 3881 2288 3954 τῶν
2340 3883 2664 3954 remu-e

106 4016 142 4109 {c
223 3997 435 4093 μένων
468 3995 781 4106 ἑκάστῳ.
857 4000 1007 4078 ἐπεὶ
1062 3996 1247 4078 κατὰ
1300 3994 1460 4077 τίνα
1514 3994 1788 4101 τρόπον
1839 3995 2237 4078 θάλασσαν
2284 3995 2416 4096 μὲν
2459 4004 2605 4082 τοῖς

100 4138 139 4225 ,μ’
228 4121 406 4206 ἲδίοις
478 4123 788 4204 ὑπετίθει
860 4124 1062 4219 ποσὶ,
1140 4119 1346 4202 διέθει
1426 4119 1503 4202 δὲ
1576 4118 1899 4225 καθάπερ
1977 4123 2094 4202 ἐπὶ
2174 4121 2400 4229 ξηρᾶς
2478 4128 2608 4201 τοῦ

150 4258 212 4325 20
230 4243 542 4346 κύματος,
578 4248 809 4327 καίτοι
856 4252 1003 4327 τῶν
1032 4246 1390 4350 ἡμετέρων
1427 4242 1791 4346 σωμάτων
1825 4244 1958 4346 τὴν
1994 4246 2105 4355 ἐφ’
2148 4248 2406 4327 ὕδασιν
2438 4243 2609 4325 ὁδὸν

230 4369 343 4449 οὐκ
380 4367 687 4475 ἐχόντων
724 4369 1317 4476 ὑπεστρωμένηνς
1367 4367 1413 4471 ἢ
1449 4375 1605 4454 πῶς
1641 4367 1772 4455 τὰς
1808 4368 2048 4475 ἐτέρας
2082 4369 2400 4474 ἐπλήρου
2437 4373 2609 4449 θαυ-

89 4502 154 4635 ff,
369 4606 414 4646 1.
449 4589 537 4648 οὖν
558 4609 669 4648 om.
696 4591 759 4647 E.
1186 4591 1237 4646 6.
1274 4590 1385 4649 καθ’
1409 4608 1518 4647 om.
1548 4590 1614 4647 Ε.
2065 4604 2150 4662 17.
2187 4613 2243 4645 το
2268 4607 2375 4646 om.
2403 4588 2470 4645 E.
