3269 5166
238 331 308 395 ii.
336 353 400 420 9.
768 319 875 399 1N
926 334 1446 401 Ems'roLAM
1496 334 1624 399 AD
1681 334 2212 439 ΗΕΒΒΑΕΟΒ,
2495 335 2638 399 Δ389

239 496 317 576 δὲ
384 498 555 576 λίαν
626 498 670 576 5
745 499 1126 581 eme'moc
1201 503 1500 583 Παῦλος
1584 504 1698 580 καὶ
1771 500 2227 601 περιίστησιν
2300 494 2639 601 εὐτέχνως
2670 434 2694 499 [
2722 446 2813 496 u*
2832 433 2961 499 M.]

238 620 680 720 νενοσηκότα
716 619 811 700 τὰ
860 624 1021 702 καθ’
1060 623 1246 723 ἡμᾶς
1293 627 1392 706 εἰς
1439 620 1819 723 καινότητα
1867 621 1984 702 διὰ
2021 629 2371 725 Χριστοῦ·
2431 616 2635 718 καινὴ
2665 656 2691 691 2
2710 641 2825 693 Oor.
2841 659 2890 694 v.

236 744 386 845 γὰρ
422 746 656 827 κτίσις
702 742 794 824 τὰ
840 747 917 824 ἐν
966 746 1158 852 αὐτῷ
1207 749 1324 825 καὶ
1371 744 1466 825 τὰ
1512 743 1647 846 μὲν
1691 747 1955 850 ἀρχαῖα
1996 749 2346 847 παρῆλθε,
2384 742 2634 845 γε’γονε
2664 720 2745 772 ¹⁷⁶

237 868 314 949 δὲ
351 869 593 948 πάντα
626 867 856 947 καινά·
934 866 1144 950 τοῦτό
1195 881 1385 975 φησι
1436 872 1552 948 καὶ
1603 870 1687 948 δι’
1730 865 1883 952 ἑνὸς
1933 875 2079 948 τῶν
2114 873 2511 973 προφητῶν
2547 866 2634 946 τὸ

177 996 211 1056 5
239 998 545 1090 Πνεῦμα
617 988 704 1072 τὸ
765 989 1030 1091 ε’Ἀγιον
1096 1003 1138 1040 “
1166 992 1449 1093 Θάρσει
1523 990 1730 1090 Σιῶν,
1796 988 1898 1091 μὴ
1969 991 2488 1095 παρείσθωσαν
2561 995 2635 1069 αἱ
2659 1000 2828 1131 ῗὲρῐῧ
2841 1000 2911 1052 iii·

236 1128 279 1163 ‘⁴
316 1116 550 1220 χεῖρές
588 1145 753 1196 σου·
816 1115 1081 1218 Κύριος
1117 1115 1157 1193 5
1196 1113 1382 1198 Θεός
1426 1149 1571 1195 σου
1623 1117 1701 1194 ἐν
1742 1120 1863 1194 σοὶ
1899 1117 2214 1198 δυνατῶς
2249 1114 2502 1194 σῶσαί
2544 1147 2633 1193 σε
2729 1103 2742 1124 ’
2832 1102 2846 1117 ⁰

237 1250 281 1288 ‘⁶
318 1242 442 1318 καὶ
478 1242 869 1319 ἀνακαινιεῖ
894 1272 981 1317 σε
1018 1240 1094 1317 ἐν
1129 1244 1220 1341 τῇ
1256 1236 1622 1339 ἀγαπήσει
1660 1237 1949 1317 αῦτοῦ.”

349 1362 782 1468 Ἀποφαίνει
816 1362 1054 1442 τοίνυν
1091 1362 1132 1441 5
1171 1366 1470 1445 Παῦλος
1507 1360 1817 1463 γυμνοὺς
1850 1361 2034 1460 ἡμᾶς
2082 1365 2210 1460 τῆς
2255 1356 2472 1467 δόξης
2508 1364 2637 1459 τῆς

235 1484 475 1567 πάλαι
511 1486 1018 1587 δεδωρημένης
1081 1484 1197 1565 διὰ
1247 1484 1460 1565 τοῦτό
1505 1492 1699 1636 φησι
1737 1495 1779 1532 “
1810 1490 1973 1565 Νῦν
2010 1484 2085 1565 δὲ
2122 1519 2322 1564 ουπω
2361 1487 2635 1586 ὁρῶμεν
2658 1506 2826 1573 Supra

140 1631 214 1671 10
237 1620 281 1656 “
318 1610 518 1716 αὐτῷ
559 1608 652 1689 τὰ
691 1609 931 1689 πάντα
976 1608 1555 1710 ὑποτεταγμέναῖ
1657 1611 1776 1688 καὶ
1823 1610 1907 1688 οὐ
1943 1606 2174 1709 δήπου
2211 1614 2637 1712 φρονοῦμεν,
2658 1589 2766 1624 ”¹⁵
2780 1575 2826 1625 ⁸

234 1730 423 1836 ὀρθὰ
461 1739 749 1839 φρονεῖν
786 1734 1120 1838 ᾑρημένοι
1162 1736 1325 1835 περὶ
1361 1730 1516 1815 ἑνὸς
1552 1731 1933 1835 ἀνθρώπου
1978 1729 2071 1811 τὰ
2119 1728 2350 1810 τοιάδε
2398 1733 2640 1832 λέγειν

232 1855 483 1955 αὐτὸν,
551 1858 720 1936 ἀλλ’
789 1861 886 1941 ὡς
948 1859 1023 1937 ἐν
1086 1858 1188 1937 ἑνὶ
1250 1855 1627 1963 προσώπῳ
1698 1854 1826 1936 τὸν
1892 1855 2209 1936 καθόλου
2266 1856 2641 1955 σημαίνων

233 1981 646 2082 ἄνθρωπον,
708 1982 1184 2080 σεσυλῆσθαί
1243 1989 1478 2086 φησιν
1541 1976 1759 2059 αὐτὸν
1822 1983 1948 2079 τῆς
2012 1978 2244 2060 πάλαι
2310 1980 2642 2077 δοθείσης

234 2106 564 2186 εὐκλείας
626 2102 756 2203 τὴν
821 2103 1130 2210 μέθεξιν.
1221 2107 1341 2184 καὶ
1400 2104 1574 2184 ποία
1640 2137 1749 2188 τις
1813 2106 2013 2183 ἐστὶν
2069 2102 2114 2202 ἡ
2178 2110 2307 2182 τοῦ
2369 2098 2641 2186 παντὸς

138 2254 209 2314 15
234 2225 475 2327 λόγου
509 2225 936 2327 κατασκευὴ,
973 2262 1044 2308 τι
1085 2226 1161 2307 δε
1211 2261 1295 2307 το
1346 2231 1473 2326 τῆς
1524 2228 1879 2331 εὐτεχνίας
1929 2225 2425 2376 συμπέρασμα
2463 2229 2635 2305 διει-

231 2358 401 2432 πεῖν
438 2353 852 2451 ἀναγκαῖον.
933 2351 1315 2455 ἀποφαίνει
1362 2350 1505 2452 γὰρ
1554 2353 1683 2449 τῆς
1738 2351 1955 2457 δόξης
2008 2346 2468 2454 ἡμαρτηκότα
2524 2348 2642 2430 δια

232 2472 375 2573 τὴν
440 2476 520 2554 ἐν
582 2470 822 2571 Ἀδαμ
875 2471 1326 2631 παράβασινἦν
1371 2474 1487 2552 ἵνα
1558 2475 1676 2552 καὶ
1740 2470 1867 2552 τὸν
1929 2475 2058 2571 τῆς
2114 2472 2640 2580 ἐπαναλήψεως

234 2594 720 2704 ἀφηγῆσηται
766 2596 1036 2702 τρόπον
1083 2632 1200 2678 και
1254 2595 1372 2677 οἷά
1423 2631 1531 2682 τις
1583 2594 1675 2694 ἦν
1723 2594 2009 2705 ε’μφάνῃ
2045 2596 2177 2696 τὴν
2212 2605 2340 2678 τοῦ
2390 2598 2640 2700 γε’νους

234 2721 606 2826 πτωχείαν
694 2720 809 2801 ἵνα
891 2720 1087 2828 δείξῃ
1175 2719 1401 2803 πάλιν
1480 2720 1608 2801 τὸν
1683 2718 1769 2801 δι’
1845 2721 1930 2801 ου
2013 2721 2632 2821 πεπλουτίσμεθα.

136 2883 214 2923 20
234 2843 695 2948 προσεπάγει
752 2842 897 2948 γὰρ
957 2842 1162 2930 εὐθύς
1226 2854 1273 2891 “
1300 2841 1454 2924 Τὸν
1509 2841 1587 2923 δὲ
1643 2843 1886 2949 βραχύ
1938 2878 2010 2924 τι
2062 2842 2231 2947 παρ’
2280 2842 2639 2947 ἀγγέλους

238 2979 282 3017 “
316 2966 829 3069 ἠλαττωμένον
860 2968 1230 3069 βλέπομεν
1263 2969 1553 3069 Ἰησοῦν
1590 2967 1709 3048 διὰ
1755 2965 1841 3047 τὸ
1890 2966 2192 3068 πάθημα
2238 2976 2367 3048 τοῦ
2410 2968 2632 3048 θανά-

235 3103 282 3140 “
318 3125 455 3172 του
510 3089 692 3198 δόξῃ
746 3094 864 3171 καὶ
917 3099 1090 3198 τιμῇ
1146 3092 1805 3198 ἐστεφανωμένον·”
1861 3089 2045 3176 Θεὸς
2093 3090 2238 3193 γὰρ
2281 3089 2380 3170 ῶν
2416 3090 2638 3196 φύσει

232 3213 434 3296 καθὰ
469 3213 893 3299 πλειστάκις
927 3214 1301 3319 εἰρήκαμεν
1337 3217 1378 3295 5
1413 3217 1492 3295 ἐκ
1530 3220 1723 3296 Θεοῦ
1761 3213 2022 3316 Λόγος,
2051 3219 2354 3314 καθῆκεν
2388 3211 2639 3296 ἑαυτὸν

234 3344 340 3425 εἷς
390 3337 696 3419 κε’νωσιν
727 3341 846 3419 καὶ
895 3339 1361 3445 κεχρημάτικε
1410 3340 1572 3439 μεθ’
1614 3339 1817 3439 ἡμῶν
1853 3341 1949 3423 ὡς
1986 3337 2363 3441 ἅνθρωπος
2396 3338 2639 3445 βραχὺ

133 3498 208 3561 25
233 3464 413 3566 παρ’
482 3461 863 3565 ἀγγέλους,
926 3463 1043 3543 ἵνα
1106 3466 1225 3544 καὶ
1287 3463 1596 3562 ὑπήκοος
1659 3458 1974 3564 γεγονῶς
2038 3467 2142 3571 τῷ
2215 3465 2454 3567 Πατρὶ
2522 3466 2639 3544 καὶ
2663 3487 2797 3541 Phil.
2813 3489 2866 3541 ii.
2882 3491 2932 3541 8.

232 3587 456 3691 με’χρι
513 3583 849 3686 θανάτου,
910 3586 1089 3695 δόξῃ
1149 3588 1267 3667 καὶ
1327 3593 1500 3692 τιμῇ
1557 3585 2006 3693 στεφανῶσῃ
2070 3584 2203 3686 τὴν
2257 3587 2640 3691 ἀνθρώπου

234 3710 498 3818 φύσιν,
562 3713 659 3795 ὡς
726 3708 824 3796 εἷς
884 3710 976 3818 ἐξ
1041 3711 1242 3813 ἡμῶν
1279 3709 1857 3814 στεφανούμενος
1930 3709 2156 3792 καίτοι
2229 3714 2357 3810 τῆς
2421 3709 2640 3819 δόξης

240 3834 516 3938 Κύριος
550 3831 672 3917 ὧν.

357 3964 450 4039 Εἰ
487 3957 562 4039 δὲ
597 3956 688 4059 δή
723 3992 830 4042 τις
867 3958 1070 4061 λε’γοι
1118 3955 1401 4059 μνήμης
1444 3959 1562 4037 καὶ
1612 3959 2010 4058 ἐπισκοπῆς
2047 3957 2405 4064 ἠξιῶσθαι
2441 3958 2641 4063 παρὰ

130 4121 213 4179 30
238 4090 372 4165 τοῦ
422 4088 617 4163 Θεοῦ
654 4080 904 4185 Λόγου
957 4080 1082 4163 τὸν
1142 4083 1221 4161 ἐκ
1274 4085 1402 4181 τῆς
1455 4082 1664 4183 ἁγίας
1717 4080 2076 4184 παρθένου
2131 4080 2641 4184 γεγεννημένον

238 4209 649 4311 ἄνθρωπον,
689 4204 1203 4309 εὖεργετῆσθαί
1246 4239 1322 4285 τε
1375 4203 1591 4285 αὐτὸν
1641 4208 1757 4285 καὶ
1803 4205 2158 4313 ἠξιῶσθαι
2207 4211 2414 4306 τιμῆς
2463 4204 2639 4309 ὑπὲρ

238 4333 427 4414 ἰδίαν
472 4333 724 4440 φύσιν,
770 4334 1186 4432 κατακομιεῖ
1230 4328 1361 4428 μὲν
1408 4325 1659 4432 ὥσπερ
1714 4334 1812 4413 εἷς
1867 4333 2005 4432 γῆν
2051 4339 2179 4412 τοῦ
2233 4330 2635 4431 μυστηρίου

1132 4556 1185 4610 6.
1221 4548 1473 4628 bunarios]
1502 4554 1585 4612 lta
1610 4553 1747 4612 Cod.
