3269 5166
602 330 685 394 12
1205 326 1286 392 Β.
1330 323 1759 391 CYRILLI
1814 322 2399 389 ALEXANDR.
2711 319 2865 387 xvii.
2896 320 3001 389 26.⁴

535 507 578 572 d
602 494 729 592 τῆς
786 490 1108 599 ἐμφύτου
1170 526 1293 591 μοι
1357 489 1577 599 δόξης
1630 492 1748 570 καὶ
1796 496 2233 592 θεοπρεποῦς
2292 487 2500 594 ἀξίας
2562 488 2646 567 οὐ
2702 484 3003 594 σφόδρα

601 617 1023 722 φροντίσας,
1051 615 1356 716 ἐμαυτὸν
1385 614 1739 696 κεκένωκα
1772 619 1890 693 καὶ
1926 619 2022 698 εἱς
2059 613 2514 716 ἀνθρωπίνην
2543 609 3005 710 καταβέβηκα

599 741 983 845 πτωχείαν,
1018 740 1135 821 ἵνα
1187 739 1421 820 σώσω
1475 737 1658 819 κατὰ
1712 737 1859 839 σὴν
1904 739 2227 818 εὐδοκίαν
2266 735 2351 818 τὸ
2399 739 2530 836 τῆς
2584 733 3006 835 οἰκειότητος

601 869 730 964 τῆς
776 864 959 966 πρὸς
1000 865 1185 965 ἡμᾶς
1229 861 1717 964 διολισθῆσαν
1752 862 1980 967 γένος.
2059 859 2492 965 ἢγνοηκότος
2524 857 2601 939 δὲ
2638 862 2756 939 καὶ
2790 866 3006 939 τοῦτο

601 996 730 1070 τοῦ
768 987 1067 1089 κόσμου,
1105 987 1659 1089 πεπλουτήκασι
1695 983 1829 1088 τὴν
1866 993 2145 1090 γνῶστν
2181 991 2247 1066 οἱ
2289 987 2630 1086 μαθηταὶ,
2667 983 3005 1067 συνέντες
3032 1019 3082 1080 5

602 1111 786 1194 κατὰ
843 1112 1190 1214 ἀλήθειαν
1255 1114 1350 1195 ’ὅτι
1415 1111 1507 1193 σύ
1558 1147 1652 1217 με
1713 1112 2172 1202 ἀπίστειλαις,
2230 1110 2583 1207 τουτέστι,
2640 1115 2789 1192 τοῖς
2845 1113 3008 1191 σοῖς

601 1241 914 1346 ἀφῖγμαι
969 1236 1275 1339 νεύμασι
1327 1238 1548 1341 πέρας
1585 1235 1956 1337 ἐπιθήσων
1991 1232 2077 1316 τὸ
2115 1231 2413 1338 ἀγαθὸν,
2448 1232 2565 1314 διὰ
2602 1239 2733 1314 τοῦ
2770 1237 3010 1313 κινδυ-

606 1362 958 1444 νεύουσαν
992 1365 1375 1444 ἀνασῶσαι
1412 1360 1544 1464 τὴν
1580 1366 1745 1464 γῆν.

546 1531 583 1574 e

505 1601 579 1660 26
610 1605 726 1671 Καὶ
777 1604 1100 1697 ὲΓνώρισα
1155 1601 1376 1672 αὐτοῖς
1428 1606 1503 1674 τὸ
1550 1606 1759 1684 ὄνομά
1816 1628 1931 1672 σου
1987 1604 2087 1672 καὶ
2143 1604 2459 1695 Γνωρίσω·
2533 1605 2640 1671 ἵνα
2696 1604 2734 1671 ἡ
2786 1605 3004 1702 ἀΓάπῌ

909 1733 989 1799 ιῖν
1043 1732 1385 1806 ι-ἰΓάπΗσάο
1437 1756 1519 1811 με
1570 1733 1642 1798 ὲν
1696 1728 1920 1799 αὐτοῖς
1975 1727 2037 1823 ᾖ,
2094 1731 2275 1807 κάΓὼ
2327 1732 2398 1798 ἐν
2453 1727 2696 1799 αὐτοῖς.
3040 1760 3121 1802 10

715 1905 1151 2006 Ἐγνωκέναι
1207 1908 1398 2011 φησὶ
1448 1903 1575 1987 τὸν
1634 1905 1930 2008 Πατέρα
1987 1908 2105 1985 καὶ
2143 1904 2357 2004 Θεὸν,
2411 1902 2661 1985 ἑαυτόν
2717 1939 2797 1985 τε
2858 1902 3009 2001 ἅμα

605 2030 724 2108 καὶ
764 2027 928 2113 τοῦς
985 2031 1177 2137 αὐτῷ
1219 2028 1832 2134 προσεδρεύοντας
1879 2027 2225 2131 μαθητάς.
2303 2028 2421 2110 ἵνα
2476 2027 2552 2108 δὲ
2593 2026 2694 2128 μή
2744 2063 2854 2113 τις
2906 2035 3009 2111 εἷς

604 2153 935 2237 ὑπονοίας
983 2152 1323 2238 ἐκτόπους
1377 2154 1466 2261 ἐξ
1509 2151 1787 2255 ἀπάτης
1838 2156 2259 2260 ὑπενεχθεὶς,
2300 2155 2377 2234 ἐν
2419 2153 2563 2263 ’lo-cp
2600 2159 2703 2259 τῷ
2756 2150 3004 2262 τρόπῳ

600 2275 939 2377 γενέσθαι
993 2277 1124 2379 τὴν
1160 2286 1437 2381 γνῶσιν
1483 2280 1747 2380 οἰηθείη
1804 2278 2023 2383 τυχὸν
2069 2279 2145 2359 ἕν
2179 2313 2256 2359 τε
2312 2279 2505 2386 αὐτῷ
2558 2283 2662 2386 τῷ
2699 2282 3009 2385 Χριστῷ

576 2402 718 2479 καὶ
783 2407 927 2486 τοῖς
984 2410 1355 2503 μαθηταῖς,
1418 2403 1840 2484 διαστέλλει
1906 2407 2348 2508 παραχρῆμα
2412 2405 2530 2482 καὶ
2588 2399 3007 2510 φανοτάτην
3042 2436 3119 2497 15

265 2536 525 2596 1009A-
546 2553 582 2594 a
607 2524 967 2630 ἐργάζεται
1024 2525 1155 2629 τὴν
1216 2526 1588 2636 διαφορὰν,
1653 2527 1903 2610 ἑαυτὸν
1962 2528 2090 2628 μὲν
2147 2526 2773 2627 ἀποκαλύπτοντα,
2841 2524 3008 2613 τοὺς

605 2650 682 2729 δὲ
731 2650 862 2751 τὴν
898 2659 1174 2753 γνῶσιν
1209 2652 1507 2739 ἑλόντας
1556 2654 1640 2732 δι’
1683 2655 1902 2734 αὐτοῦ
1937 2659 2380 2759 παραχρῆμα
2418 2652 2705 2738 δεικνύς.
2788 2654 2830 2733 ὃ
2875 2652 3008 2753 μὲν

604 2771 747 2879 γὰρ
781 2775 1044 2880 Κύριος
1081 2778 1281 2877 ἡμῶν
1313 2779 1595 2878 Ἰησοῦς
1634 2781 1674 2858 ὃ
1713 2776 2061 2881 Χριστὸς,
2099 2781 2385 2881 ἐπείπερ
2421 2780 2580 2859 ἐστὶ
2618 2781 2735 2859 καὶ
2766 2777 3008 2881 Λόγος

603 2903 719 2979 καὶ
773 2900 1011 3001 βουλὴ
1057 2907 1172 2983 καὶ
1226 2904 1462 3010 σοφία
1513 2911 1643 2983 τοῦ
1702 2900 2013 3004 Πατρὸς,
2063 2899 2250 2984 οἶδεν
2310 2900 2707 2989 ἀδιδάκτως
2771 2902 2865 2984 τὰ
2930 2906 3008 2983 ἐν

600 3025 814 3134 αὐτῷ,
840 3029 957 3106 καὶ
989 3035 1115 3108 τοῦ
1151 3026 1478 3113 τεκόντος
1514 3025 1732 3108 αὐτὸν
1758 3025 1850 3107 τὰ
1882 3028 2079 3127 βάθη
2105 3026 2652 3131 περιεργάζεται,
2681 3026 3006 3134 καθάπερ
3038 3066 3121 3105 20

599 3150 849 3248 ἀμέλει
904 3155 1020 3232 καὶ
1068 3154 1107 3233 ὃ
1153 3162 1317 3238 νοῦς
1361 3155 1400 3233 ὁ
1438 3152 1884 3255 ἀνθρώπινος
1939 3151 2030 3233 τὰ
2083 3155 2158 3232 ἐν
2209 3154 2422 3260 αὐτῷ,
2473 3154 2591 3232 καὶ
2640 3152 2686 3251 ἡ
2724 3156 2799 3234 ἐν
2838 3154 3008 3254 ἡμῖν

601 3307 679 3353 τε
736 3278 851 3355 καὶ
910 3279 1073 3356 καθ’
1135 3277 1318 3376 ἡμᾶς
1369 3277 1713 3377 νοουμένη
1755 3275 2050 3361 σύνεσις
2097 3275 2299 3357 οὐδὲν
2334 3276 2418 3357 τὸ
2462 3276 2808 3380 παράπαν
2861 3285 3010 3358 τῶν

535 3401 578 3466 b
601 3398 676 3476 ἐν
711 3397 881 3497 ἡμῖν
919 3402 1289 3502 ἀγνοοῦσα
1333 3401 1685 3508 φαίνεται·
1763 3407 1830 3481 οἱ
1885 3401 1971 3482 δέ
2016 3435 2100 3503 γε
2145 3400 2520 3484 θεσπέσιοι
2556 3405 2872 3503 μαθηταὶ
2921 3400 3006 3484 τὸ

600 3520 730 3619 μὲν
768 3520 1122 3604 δύνασθαι
1159 3531 1343 3605 νοεῖν
1376 3559 1446 3604 τι
1482 3527 1646 3628 περὶ
1669 3531 1860 3607 Θεοῦ
1895 3523 2173 3630 καρπὸν
2209 3530 2337 3625 τῆς
2375 3526 2553 3610 ἰδίας
2590 3528 2718 3607 οὐκ
2753 3527 3007 3633 ἔχουσι

599 3647 960 3748 γνώσεως,
1022 3650 1674 3758 φωταγωγούμενοι
1740 3650 1815 3731 δὲ
1881 3650 1999 3731 διὰ
2052 3658 2179 3731 τοῦ
2238 3650 2658 3750 Πνεύματος
2712 3656 2804 3757 τῇ
2859 3641 3119 3745 τῶνάε

597 3773 1015 3875 μυστηρίων
1087 3775 1413 3882 ἀκριβείᾳ
1480 3775 2058 3878 προσβάλλουσι
2111 3783 2240 3856 τοῦ
2297 3781 2501 3875 Υἱοῦ,
2555 3774 2871 3856 συνιέναι
2930 3811 3008 3857 τε

597 3895 786 3977 οὕτω
842 3896 1176 3979 δύνανται
1230 3897 1357 3980 τὸν
1416 3900 1733 4004 Πατέρα.
1828 3902 2205 4005 χρησίμως
2264 3901 2390 3981 οὖν
2448 3901 2587 4005 ἄρα
2655 3903 2769 3981 καὶ
2836 3899 3007 3982 λίαν

596 4022 883 4106 εἰκότως
941 4020 1329 4124 ἐπήνεγκεν
1386 4024 1427 4102 ὁ
1485 4022 1814 4127 Χριστὸς
1888 4023 2001 4104 ὅτι
2068 4033 2187 4106 καὶ
2252 4026 2580 4135 ἐγνώρισα.
2643 4030 2870 4112 αὐτοῖς
2934 4024 3009 4108 rc?

597 4146 805 4252 ὄνομά
841 4185 960 4228 σου
1001 4155 1120 4228 καὶ
1160 4153 1476 4258 γνωρίσω.

704 4270 1072 4373 Ἐπιτήρει
1126 4272 1203 4353 δὲ
1259 4271 1454 4359 ὅπως
1503 4272 1631 4374 ἴση
1677 4276 1762 4354 δι’
1803 4277 2076 4381 ἀμφοῖν
2109 4274 2443 4378 ἐνέργεια,
2484 4278 2673 4381 φημὶ
2730 4273 2820 4375 δὴ
2875 4284 3007 4358 τοῦ
3036 4313 3123 4371 3ο

598 4397 890 4502 Πατρὸς
948 4401 1065 4480 καὶ
1120 4407 1250 4479 τοῦ
1294 4404 1504 4495 Υὶοῦ,
1557 4397 1742 4502 πρὸς
1791 4398 1922 4500 τὴν
1980 4404 2108 4499 τῆς
2170 4401 2503 4484 θεοπτίας
2564 4398 2998 4509 κατάληψιν

883 4577 968 4635 16.
1004 4577 1097 4648 τὴν
1121 4586 1463 4649 assumptum
1488 4595 1554 4632 ex
1582 4577 1649 4632 E.
2129 4595 2217 4648 30.
2257 4577 2321 4648 δὴ
2348 4578 2415 4635 Ε.
2438 4579 2496 4634 δὲ
2520 4579 2585 4648 δὴ
2612 4579 2718 4635 Ed.
