3269 5166
195 332 288 397 vii.
316 348 406 417 15.
634 331 775 396 ἸΝ
823 329 1344 395 EPISTOLAM
1396 328 1525 394 AD
1580 329 2051 396 ROMANOS.
2436 333 2563 397 205

2619 435 2645 501 [
2669 447 2728 484 ²²
2752 435 2830 490 Μ·
2854 435 2880 502 ]

195 496 454 601 φύσεως
500 494 594 576 τά
641 494 839 597 πάθη
889 492 1439 597 περιεργάζεται,
1480 493 1704 592 μόνον
1740 493 1818 574 δὲ
1851 495 2009 599 οὐχὶ
2046 497 2163 575 καὶ
2199 495 2564 599 ἀνορύττει

193 627 446 705 λεπτῶς·
477 619 570 700 τὰ
612 626 709 704 εἶς
758 629 925 699 νοῦν
960 619 1109 698 ἔσω
1159 626 1305 698 τῶν
1339 616 1950 722 ἀῤῥωστημοὶτων,
1990 621 2106 698 καὶ
2160 623 2288 719 τῆς
2323 619 2557 725 ἐμφύ-

192 777 302 823 του
351 744 765 849 φιληδονίας
818 742 903 822 τὸ
957 749 1177 841 σῶμα
1233 741 1605 847 γράφεται,
1642 749 1771 822 τοῦ
1828 750 2218 826 νοσοῦντος
2273 743 2374 823 ἔτι
2431 743 2566 841 τὴν

193 871 652 972 φιλοσαρκίαν
715 868 944 975 ἑαυτῷ
1005 865 1088 946 τὸ
1153 864 1552 969 πρόσωπον
1616 866 1696 944 εὖ
1756 866 1960 965 μάλα
2020 868 2423 968 περιτιθείς.
2506 874 2566 948 εἱ

144 1023 175 1082 5
194 990 317 1094 γὰρ
350 996 460 1072 καὶ
507 990 951 1093 ἐσταύρωται
1000 989 1130 1087 μὲν
1166 990 1379 1074 αὐτὸς
1412 992 1515 1097 τῷ
1565 987 1841 1098 κόσμῳ,
1880 993 1997 1070 καὶ
2030 989 2177 1090 μὴν
2213 993 2254 1071 ὁ
2292 989 2564 1091 κόσμος
2591 1024 2789 1075 Gavi.
2811 1039 2886 1086 14.

193 1116 379 1222 αὐτῷ,
414 1119 532 1196 καὶ
579 1113 670 1216 ἦν
706 1113 1153 1221 ἀξιάγαστος
1203 1114 1516 1212 ἀληθῶς,
1555 1115 1725 1197 ἀλλ’
1764 1114 2008 1215 ἡγεῖτο
2056 1113 2301 1220 σοφὸν
2330 1114 2433 1216 μὴ
2470 1123 2566 1201 εἰς

192 1237 265 1318 τὸ
307 1246 552 1320 οἰκεῖον
587 1237 919 1345 χάρισμα
956 1236 1277 1333 βλέπειν,
1316 1236 1519 1316 ἀλλά
1563 1234 1697 1337 τὴν
1732 1244 1877 1318 τῶν
1914 1240 2114 1319 οὔπω
2165 1237 2568 1341 γεγονότων

192 1362 325 1443 κατ’
351 1362 565 1444 αὐτὸν
600 1363 978 1444 ἀσθένειαν
1006 1360 1350 1443 ὑπόθεσιν
1375 1363 1770 1464 ἀναγκαίαν
1804 1369 2165 1443 ποιεῖσθαι
2201 1367 2303 1470 τῷ
2336 1362 2561 1472 λόγῳ.

193 1484 344 1566 ὅταν
377 1489 501 1568 οὖν
538 1486 854 1592 ἀκούσῃς
888 1484 1231 1587 λε’γοντος
1252 1483 1355 1565 “O
1392 1484 1533 1594 γῖιρ
1573 1485 2091 1596 κατεργάζομαι
2133 1493 2201 1567 οὐ
2234 1488 2568 1588 γινώσκω,

115 1645 176 1686 10
193 1609 384 1690 ἐννόει
444 1609 645 1696 τινάς
701 1617 847 1690 τῶν
907 1607 1274 1712 ὑπεράγαν
1335 1610 1787 1712 ἁμαρτωλῶν
1850 1609 2226 1710 οἰομένους,
2278 1609 2386 1690 ὅτι
2442 1608 2569 1691 τὸν

191 1732 613 1837 πανάριστον
667 1737 958 1834 ἀληθῶς
1014 1735 1310 1837 διαζῶσι
1364 1733 1548 1831 βίον,
1587 1737 1705 1828 κμὶ
1761 1732 1871 1814 ὅτι
1926 1738 2054 1834 τῆς
2107 1736 2184 1814 ἐν
2232 1737 2412 1841 τῷδε
2466 1741 2569 1842 τῷ

193 1857 420 1966 κόσμῳ
471 1863 756 1963 τρυφῆς
810 1861 927 1938 καὶ
978 1858 1343 1964 ἐξιτηλίας
1397 1854 1601 1937 οὐδὲν
1652 1853 1742 1937 ἀν
1786 1858 2061 1960 γένοιτο
2111 1857 2195 1937 τὸ
2249 1862 2562 1938 ὶσοστα-

191 1989 359 2061 τοῦν·
415 1981 1085 2082 καταμυσάττονται
1121 1979 1253 2081 μὲν
1288 1979 1432 2084 γὰρ
1468 1984 1597 2080 τῆς
1636 1982 1999 2066 ἐπιεικείας
2039 1980 2200 2066 τοῦς
2238 1982 2566 2085 τρόπους,

191 2105 673 2209 ἐναβρύνονται
729 2106 804 2186 δὲ
860 2109 974 2186 καὶ
1032 2108 1554 2186 ε’νσπαταλῶσι
1614 2107 1784 2186 λίαν
1840 2111 1993 2190 ταῖς
2054 2112 2274 2214 σφῶν
2335 2108 2569 2187 αὐτῶν

117 2253 175 2310 15
194 2227 463 2325 ἡδοναῖς·
521 2233 646 2312 καὶ
679 2264 842 2333 περι
878 2231 1114 2310 αὐτῶν
1150 2225 1354 2327 οἶμαί
1380 2264 1523 2311 που
1559 2230 1862 2337 φησιν
1829 2265 1870 2309 ο
1910 2236 2210 2315 Παῦλος
2267 2242 2311 2280 “
2339 2236 2439 2311 Οι
2476 2231 2568 2311 τὰ
2595 2260 2906 2327 PhiLiii.19.

198 2354 515 2456 “ε’πίγεια
568 2361 1022 2460 φρονοῦντες,
1062 2350 1233 2433 ὧν
1200 2387 1241 2433 ο
1279 2351 1438 2438 θεος
1486 2354 1533 2454 ἡ
1580 2355 1841 2453 κοιλία,
1881 2358 1997 2434 καὶ
2049 2356 2092 2455 ἡ
2141 2354 2405 2462 δόξα’
2368 2391 2444 2435 εν
2478 2362 2569 2462 τῇ

196 2479 555 2586 “αἶσχύνῃ
608 2479 886 2560 αὐτῶν.’
985 2478 1179 2559 οὗτοι
1225 2476 1513 2626 φαῖεν
1470 2512 1559 2557 αν
1606 2478 1889 2563 εἰκότως
1934 2478 2028 2563 ὥς
2076 2515 2147 2560 τι
2196 2487 2340 2561 τῶν
2378 2515 2568 2582 αγαν

195 2601 686 2703 ἐπαινουμενων
738 2611 1182 2705 πληροῦντες
1236 2602 1320 2683 τὸ
1378 2609 1666 2708 φαῦλον
1707 2601 1809 2685 ‘O
1855 2603 1994 2711 γαρ
2049 2606 2565 2716 κατεργάζομαι

200 2728 258 2801 οὐ
303 2729 635 2828 γινώσκω.
714 2727 967 2806 οὐκοῦν
1002 2728 1462 2808 ἀκουέτωσαν
1516 2738 1560 2775 “
1594 2728 2012 2836 Ἐκνήψατε
2068 2736 2133 2810 οἱ
2190 2731 2566 2827 μεθύοντες
2591 2759 2708 2811 5001
2729 2759 2765 2810 i.
2788 2772 2834 2824 5·

119 2865 178 2907 ²0
197 2854 235 2890 “
264 2849 343 2954 ἐξ
396 2851 586 2932 οἴνου
651 2851 933 2930 auh-&st
1040 2850 1260 2953 ὅνπερ
1319 2885 1464 2953 γαρ
1529 2849 1799 2955 τρόπον
1862 2859 1930 2934 οἱ
1994 2853 2385 2960 φιλοπόται
2451 2858 2567 2934 καὶ

197 2973 474 3058 κάτοινοι
525 3012 1147 3082 παρακεκομμενοι
1203 2984 1307 3085 τῷ
1359 2977 1571 3058 πάθει
1620 2983 1748 3077 τῆς
1793 2977 2103 3062 διανοιας
2139 3013 2224 3058 το
2259 2977 2566 3081 ἀκριβὲς,

198 3098 307 3178 οὐκ
351 3098 437 3180 ἀν
468 3106 717 3182 ειδεΐεν
753 3099 845 3180 τά
892 3102 1117 3207 σφίσι
1168 3099 1495 3206 δρώμενα
1543 3101 1727 3181 κατὰ
1763 3101 1889 3182 τὸν
1926 3109 2054 3182 τοῦ
2088 3100 2369 3200 μεθύειν
2402 3136 2557 3181 και-

196 3221 324 3321 ρὸν,
358 3228 577 3311 οὕτως
633 3259 705 3305 οι
758 3223 889 3324 τὴν
936 3226 1166 3328 φρένα
1222 3225 1896 3329 κατηρῤωστηκότες
1949 3228 2028 3306 ἐκ
2082 3226 2567 3332 φιλοσαρκίας

197 3348 295 3425 καὶ
327 3355 465 3428 τῶν
499 3350 915 3455 αἰσχίστων
945 3350 1240 3449 ἡδονῶν,
1277 3349 1437 3430 οὐδὲ
1474 3349 1514 3430 ὅ
1550 3384 1620 3429 τι
1656 3348 1830 3431 ποτὲ
1869 3352 2141 3453 δρῶσιν
2175 3355 2415 3431 εἰδεῖεν
2448 3349 2561 3430 ἄν·

126 3488 181 3546 ¹5
201 3465 453 3570 νόσημα
507 3472 596 3574 δὴ
643 3473 773 3553 οὖν
810 3472 1193 3576 ἀνθρώπου
1247 3473 1538 3576 καρδίας
1575 3475 1615 3554 ὁ
1657 3479 1953 3558 Παῦλος
2006 3474 2175 3573 ἡμῖν
2210 3474 2565 3582 ἐξηγεῖται

200 3591 405 3693 λέγων
442 3594 542 3677 ’Ὀ
598 3594 745 3701 γαρ
805 3598 1318 3706 κατεργάζομαι
1368 3603 1436 3676 οὗ
1480 3598 1819 3700 γινώσκω·
1903 3603 1963 3677 εἶ
2017 3596 2094 3677 δὲ
2153 3596 2241 3696 δή
2299 3633 2402 3682 τις
2459 3598 2564 3699 εἴη

200 3723 321 3801 τοῖς
367 3719 493 3817 μὲν
528 3718 681 3802 ἀπὸ
715 3728 844 3801 τοῦ
898 3720 1306 3805 συνειδότος
1356 3723 1681 3825 ἐλέγχοις
1735 3722 2277 3828 τρυφερωτέραν
2317 3721 2566 3823 ὥσπερ

203 3839 448 3948 ὑπέχων
494 3844 632 3946 τὴν
685 3846 936 3924 ἑαυτοῦ
991 3845 1307 3948 καρδίαν,
1347 3848 1464 3924 καὶ
1519 3845 1928 3950 ἀσχάλλων
1980 3845 2112 3945 μὲν
2155 3845 2263 3925 ὅτι
2318 3856 2562 3946 πλημ-

202 3975 391 4066 μελεΐ,
424 3970 622 4070 πλὴν
661 3967 767 4048 ἔτι
816 3966 1457 4068 πλεονεκτούμενος
1506 3975 1663 4053 ταῖς
1716 3975 1810 4053 εἰς
1863 3970 2215 4071 ἁμαρτίαν
2251 3970 2560 4069 ἡδοναῖς,

132 4113 189 4170 30
205 4088 301 4166 καὶ
347 4089 488 4172 οἷον
539 4089 971 4192 ἀβουλήτως
1027 4088 1153 4171 ἰὼν
1206 4090 1388 4196 πρὸς
1444 4091 1529 4171 τὸ
1575 4092 2018 4192 πλημμελὲς,
2077 4093 2257 4199 φαίη
2307 4091 2397 4173 ἂν
2452 4099 2554 4174 εἰ·

205 4372 780 4444 ‚Lamovovxiaae'A-
1119 4387 1173 4446 5.
1208 4376 1532 4445 μὴνοωΗΑ
1880 4389 1932 4447 7.
1967 4373 2074 4430 κατ’
2099 4375 2564 4509 affirmet?

200 4396 724 4573 ww&
1022 4460 1103 4570 ¹²1·
1138 4443 1752 4571 &zeffl‘v‘tAmA
1908 4444 1991 4500 ¹⁶
2028 4444 2275 4571 ⁸⁶52
2358 4531 2466 4568 A„
2490 4445 2560 4566 A:

1101 4532 1135 4587 9
1370 4516 1490 4588 ]÷
2230 4515 2333 4586 γὰρ

207 4587 279 4641 30·
310 4581 517 4649 amam.
540 4583 797 4655 φαίηνΒ·
825 4583 928 4639 Ed.
