3269 5166
660 336 749 400 96
1268 336 1348 401 B.
1396 336 1819 402 CYRILLI
1880 336 2470 403 ALEXANDR.
2818 338 2949 404 xix.
2973 358 3068 426 30.

663 499 1097 594 πνεύμασιν.
1187 499 1593 603 ἐπεδήμησε
1666 499 1832 606 γὰρ,
1898 502 2015 582 ἵνα
2086 504 2205 582 καὶ
2282 508 2549 605 νεκρῶν
2612 503 2733 581 καὶ
2799 501 3070 607 ζώντων

668 622 1028 729 κυριεύσῃ,
1065 626 1182 704 καὶ
1236 624 1457 705 αὐτὸν
1499 624 1677 729 ὑπὲρ
1725 628 1929 727 ἡμῶν
1975 625 2227 728 εἰσέβη
2282 625 2411 706 τὸν
2448 623 2786 724 θάνατον,
2824 628 2943 705 καὶ
2993 623 3067 705 τὸ

668 747 906 830 κοινὸν
942 746 1031 849 δὴ
1067 759 1281 830 τοῦτο
1317 753 1443 850 τῆς
1481 750 1824 854 ἡμέτερας
1862 751 2157 857 φύσεως
2195 749 2528 850 ὑπομένει
2561 747 2822 846 πάθος,
2856 753 3066 849 δῆλον

670 871 824 952 δὲ’
786 906 896 952 οτι
932 871 1116 953 κατὰ
1151 871 1284 973 τὴν
1318 871 1587 977 σάρκα,
1622 873 1850 954 καίτοι
1899 871 2041 977 ζωὴ
2092 872 2279 954 κατὰ
2327 873 2632 981 φύσιν“
2597 871 2949 980 υπάρχων
2981 875 3066 955 ὡς

669 993 974 1095 Θεὸς,”
941 1031 1054 1076 ινα
1109 996 1525 1083 σκυλεύσας
1582 996 1712 1077 τὸν
1773 995 1952 1105 ᾅδην
2013 997 2447 1104 κατορθώσῃ
2511 1003 2601 1103 τῇ
2666 997 3111 1103 ἀνθρωπείας

331 1114 519 1230 {5³22
671 1118 892 1224 φύσει
946 1119 1078 1220 τὴν
1133 1126 1229 1204 εἰς
1280 1119 1462 1224 ζωὴν
1519 1121 2059 1224 ἀναδρομὴν,“
2086 1120 2381 1227 ἀπαρχὴ
2441 1127 2588 1202 τῶν
2642 1118 3059 1222 κεκοιμημέ-

330 1268 439 1320 σοι
454 1269 488 1319 i.
504 1268 577 1321 ιε.
670 1254 714 1291 “
755 1245 955 1344 νων,”
1008 1248 1125 1325 καὶ
1159 1242 1613 1347 πρωτότοκος
1652 1247 1730 1325 ἐκ
1768 1252 2034 1349 νεκρῶν
2070 1244 2767 1349 ἀναδεδειγμένος,κ
2719 1243 2912 1325 κατὰ
2948 1245 3063 1327 τὰς

325 1388 593 1445 loeoA.
613 1403 651 1444 a
671 1368 980 1478 γραφάς.
1057 1370 1289 1451 ἔκλινε
1342 1370 1581 1451 τοίνυν
1629 1368 1739 1464 τῆν
1802 1374 2135 1479 κεφαλήν·
2205 1375 2303 1456 ὡς
2358 1369 2504 1474 γὰρ
2553 1369 2643 1477 ἐξ
2691 1367 2905 1452 ἐ’θους
2958 1369 3062 1447 καὶ

667 1494 925 1575 τούτου
959 1499 1106 1578 τοῖς
1142 1499 1484 1574 τεθνεῶσι
1521 1495 2071 1593 συμβαίνοντος,
2110 1493 2229 1576 διὰ
2262 1493 2347 1576 τὸ
2382 1500 2778 1598 παρεῖσθαι
2816 1489 3060 1572 λοιπὸν

665 1616 829 1702 τοῦς
879 1620 1007 1717 τῆς
1052 1616 1323 1721 σαρκὸς
1369 1617 1638 1717 τόνους,
1676 1618 2307 1726 ἀποφοιτήσαντος
2356 1618 2495 1719 ἤδη
2540 1627 2671 1699 τοῦ
2717 1617 3052 1721 συνέχον·
3080 1642 3134 1685 1⁰

664 1775 788 1826 τος
860 1739 1081 1841 αὐτὴν
1149 1744 1264 1821 καὶ
1338 1742 1829 1829 συντείνοντος
1893 1743 2316 1843 πνεύματος,
2383 1743 2542 1843 ἤτοι
2605 1746 2737 1842 τῆς
2805 1742 3055 1847 ψυχῆς,

664 1862 1164 1969 κατεχρήσατο
1220 1871 1375 1949 ταῖς
1445 1865 1740 1974 λέξεσιν
1806 1869 1845 1947 ὁ
1916 1866 2491 1971 Εὖαγγελιστής.
2559 1869 2679 1947 καὶ
2745 1863 2894 1965 μὴν
2953 1863 3055 1941 καὶ

664 1987 747 2069 τὸ
804 1988 1028 2094 φάναι
1082 1985 1171 2088 δὴ
1223 1986 1450 2070 πάλιν
1486 1990 1595 2070 ὅτι
1630 1987 1985 2102 παρέδωκε
2038 1991 2113 2074 τὶ
2165 1994 2433 2098 πνεῦμα.
2486 1995 2616 2090 τῆς
2673 1991 2846 2070 καθ’
2886 1988 3053 2087 ἡμᾶς

662 2111 1042 2213 συνηθείας
1078 2113 1206 2192 οὐκ
1240 2114 1718 2194 ἀποκείσεται·
1779 2116 1965 2195 οὕτω
2003 2113 2149 2218 γὰρ
2184 2120 2250 2195 οἱ
2286 2118 2558 2195 πολλοὶ
2593 2112 2681 2194 τό
2723 2112 3050 2207 Ἀπέσβη

592 2249 637 2315 b
663 2238 781 2316 καὶ
835 2234 1121 2337 τέθνηκε
1185 2235 1552 2340 λέγουσιν.
1631 2236 1814 2323 εἰκὸς
1873 2235 1948 2317 δὲ
2021 2237 2110 2338 δὴ
2180 2237 2408 2320 πάλιν
2471 2243 2930 2335 οἰκονομικῶς
2984 2265 3051 2314 τε
3071 2253 3126 2314 15

662 2362 781 2440 καὶ
836 2361 1260 2463 ἀναγκαίως,
1317 2362 1452 2467 οὐχ
1506 2363 1760 2446 ἁπλῶς
1816 2361 1925 2443 ὅτι
1983 2362 2318 2465 τέθνηκεν
2381 2368 2600 2444 εἰπεῖν
2662 2362 2796 2443 τὸν
2863 2357 3049 2462 ἅγιον

664 2484 1238 2590 Εὖαγγελιστὴν,
1269 2487 1439 2565 ἀλλ’
1471 2519 1580 2565 οτι
1607 2483 2048 2597 παρέδωκε
1984 2525 2057 2569 το
2089 2490 2386 2594 πνεῦμα,
2404 2494 2501 2572 εἰς
2527 2495 2773 2596 χεῖρας
2805 2490 3045 2587 δηλον·

659 2606 768 2690 ότι
804 2620 934 2691 τοῦ
972 2615 1165 2691 Θεοῦ
1203 2613 1322 2690 καὶ
1361 2610 1674 2714 Πατρὸς,
1715 2610 1897 2692 κατὰ
1948 2610 2032 2693 τὸ
2083 2612 2448 2717 εἰρημένον
2484 2617 2581 2698 ὦς
2631 2614 2806 2717 παρ’
2848 2613 3045 2692 αὐτοῦ

317 2756 565 2875 {ffiaim6
658 2743 704 2782 “
744 2733 1013 2839 Πάτερ,
1073 2740 1170 2820 εἰς
1223 2732 1463 2840 χεῖράς
1518 2769 1661 2817 σου
1710 2736 2153 2840 παρατίθημι
2208 2734 2292 2818 τὸ
2346 2735 2627 2837 πνεῦμά
2673 2735 2860 2837 μου,’
2864 2735 3044 2813 ’καὶ

446 2839 517 2890 '⁴
655 2859 824 2959 ἡμῖν
879 2857 955 2940 δὲ
1011 2861 1248 2946 αὐτοῖς
1298 2863 1574 2962 ἀγαθῆς
1629 2859 1922 2944 ἐλπίδος
1975 2858 2208 2966 ἀρχὴν
2266 2865 2382 2942 καὶ
2440 2858 2779 2960 θεμέλιον
2833 2863 2876 2962 ἡ
2930 2862 3040 2936 τοῦ
3064 2875 3122 2916 ²0

654 2982 883 3087 λόγου
938 2983 1377 3080 κατεβάλετο
1426 2982 1744 3083 δύναμις.
1818 2988 1964 3064 δεῖν
2018 2983 2164 3089 γὰρ
2216 2982 2412 3083 οἶμαι
2465 2991 2889 3083 διακεῖσθαι,
2937 2982 3041 3062 καὶ

650 3102 856 3207 μάλα
914 3106 1221 3201 εἰκότως,
1287 3106 1398 3188 ὅτι
1459 3115 1607 3189 τῶν
1665 3105 1811 3189 ἀπὸ
1871 3112 2006 3210 γῆς
2067 3109 2432 3207 σωμάτων
2492 3114 2567 3189 αἰ
2625 3117 2776 3191 τῶν
2833 3108 3039 3212 ἁγίων

650 3235 1153 3332 ἀποδημοῦσαι
1218 3238 1474 3339 ψυχαὶ,
1533 3231 1857 3338 καθάπερ
1913 3238 2010 3319 εἰς
2068 3241 2309 3340 χεῖρας
2375 3232 3038 3340 φιλοστοργοτάτου

591 3383 627 3427 0
656 3354 966 3458 Πατρὸς,
1004 3362 1094 3461 τῇ
1149 3364 1277 3437 τοῦ
1316 3360 1509 3435 Θεοῦ
1563 3354 2005 3460 χρηστότητι
2054 3361 2171 3437 καὶ
2222 3359 2739 3468 φιλανθρωπίᾳ
2787 3388 3031 3459 μονον·-

650 3481 810 3584 oux>
845 3479 1352 3583 παρατίθενται
1388 3484 1505 3559 καὶ
1542 3481 1651 3579 οὐ,
1690 3481 2014 3586 καθάπερ
2050 3481 2232 3567 τινὲς
2283 3488 2430 3563 τῶν
2466 3485 2801 3565 ἀπίστων
2851 3485 3025 3564 ὑπει·
3055 3497 3114 3559 ²5

649 3602 971 3710 λήφασι,
1010 3600 1139 3689 τὰς
1173 3603 1631 3705 ἐπιτυμβίους
1682 3606 2187 3709 περιμένουσαι
2237 3605 2414 3712 χοὰς
2461 3610 3034 3715 ἐμφιλοχωροῦσι

650 3736 797 3815 τοῖς
851 3728 1241 3831 μνήμασιν,
1278 3726 1449 3810 ἀλλ’
1490 3729 1651 3809 οὐδὲ
1697 3729 2019 3835 καθάπερ
2074 3736 2148 3811 αἱ
2191 3737 2337 3811 τῶν
2386 3728 3032 3840 φιλαμαρτημόνων

650 3860 747 3939 εἰς
802 3853 930 3935 τὸν
983 3859 1110 3955 τῆς
1165 3852 1471 3960 ἀμέτρου
1509 3853 1883 3939 κολάσεως
1931 3856 2515 3960 κατακομίζὸνται
2551 3855 2799 3952 τόπον,
2835 3883 3023 3935 τουτ-

648 3979 874 4078 έστιν,
914 3984 1011 4065 εἰς
1060 3977 1261 4088 ᾅδου·
1333 3977 1672 4084 τρέχουσι
1728 3975 1806 4059 δὲ
1841 3983 2133 4078 μᾶλλον
2168 3984 2267 4064 εἰς
2304 3986 2548 4084 χεῖρας
2596 3988 2723 4061 τοῦ
2757 3979 3029 4061 πάντων

651 4102 963 4211 Πατρὸς,
1002 4107 1117 4185 καὶ
1167 4103 1431 4205 ταύτην
1466 4104 1633 4205 ἡμῖν
1669 4102 2206 4206 ε’γκαινίσαντος
2251 4103 2384 4204 τὴν
2420 4102 2588 4183 ὁδὸν
2624 4112 2753 4185 τοῦ
2792 4100 3020 4195 Emi}-
3048 4112 3110 4174 3ο

645 4264 773 4333 ρος
807 4229 1012 4331 ἡμῶν
1037 4234 1391 4334 Χριστοῦ·
1457 4223 1806 4336 παρέδωκε
1834 4224 1976 4332 γὰρ
2005 4232 2101 4312 εἰς
2126 4234 2367 4333 χεῖρας
2408 4236 2534 4308 τοῦ
2572 4230 2749 4310 ἰδίου
2786 4217 3016 4332 γεννή-

757 4559 771 4573 .
806 4540 879 4574 πα
938 4517 1176 4574 ἶσθαιΕ.
1186 4518 1242 4573 F.
1264 4539 1459 4587 πειρασ
1390 4517 1544 4573 θαι
1570 4517 1674 4573 Ed.
1699 4516 1777 4575 ἰ’σ.
1802 4538 1971 4589 πηρου
1945 4516 2227 4574 σθαιΕᾶ.
2253 4536 2349 4588 mg
2775 4533 2857 4572 21.
2892 4528 3022 4567 κατε·

918 4588 1126 4647 ..Cord
1148 4591 1502 4657 κατεβάλλετο
1526 4588 1632 4645 Ed.
1850 4538 1971 4645 26.
1971 4589 2057 4645 ε’πι
2081 4588 2309 4659 τύμβους
2309 4536 2400 4645 RE.
2618 4606 2706 4663 29.
2739 4589 2901 4646 πάντα
2924 4579 2982 4636 Ε·
