3269 5166
242 339 323 403 xi.
358 359 579 420 12-14.
727 342 836 406 IN
885 342 1408 408 EPISTOLAM
1460 342 1587 406 AD
1644 342 2113 416 ROMANOS.
2492 347 2613 409 241

2678 445 2786 509 [43
2810 444 2933 510 M..]

237 506 667 613 ἐπιστροφὰς
722 509 837 587 καὶ
889 506 1262 610 ἀγάπησιν
1315 506 1448 606 τὴν
1500 507 1615 613 ἐφ’
1657 510 1947 592 ἑαυτοῖς·
2017 506 2340 587 τοιοῦτόν
2376 542 2446 587 τι
2489 543 2616 588 πε·-

235 625 562 733 πράχθαι,
624 628 945 732 καθάπερ
1009 630 1151 731 ἐγὼ
1217 627 1436 728 οἶμαι,
1500 632 1618 709 καὶ
1675 632 1715 710 ὁ
1774 631 2162 715 θεσπέσιος·
2216 632 2357 737 ἔφη
2419 638 2620 712 Παῦ-

234 761 375 849 λος,
431 753 953 855 ἀπογινώσκειν
1006 754 1136 833 οὐκ
1198 755 1437 860 ἐφιεὶς,
1499 755 1729 835 καίτοι
1785 754 2436 858 προσκεκρουκότα,
2490 755 2619 835 τὸν

230 874 546 978 Ἰσραήλ.

175 1097 207 1156 5
548 1067 620 1135 Εἰ
675 1070 747 1136 δὲ
800 1071 876 1138 τὸ
931 1070 1353 1159 παράπτωμα
1409 1070 1627 1135 αὐτῶν
1684 1076 1968 1136 πλοῦτος
2023 1073 2285 1148 κόσμου.
2646 1097 2716 1137 12

333 1222 421 1297 ΕΞ
480 1217 627 1321 γὰρ
689 1217 1163 1316 πεπλούτηκε,
1229 1217 1483 1321 φησὶν,
1548 1218 1590 1294 ὃ
1649 1212 1924 1314 κόσμος
1988 1214 2119 1317 τὴν
2180 1214 2361 1319 πρὸς
2426 1214 2616 1296 Θεὸν

228 1340 609 1441 οἰκειότητα
668 1340 786 1421 διά
837 1375 922 1444 γε
967 1339 1051 1421 τὸ
1099 1347 1608 1443 προσκροῦσαι
1646 1337 1773 1420 τὸν
1806 1339 2115 1444 Ἰσραὴλ
2153 1342 2293 1438 καὶ,
2329 1340 2615 1442 ἐπείπερ

228 1468 399 1544 εἰσὶν
429 1466 505 1544 ἐν
539 1466 771 1572 ἐνδείᾳ
821 1464 1082 1574 φρενὸς
1130 1467 1430 1564 ἀγαθῆς,
1468 1465 1956 1570 προσελήφθη
2006 1463 2099 1544 τὰ
2145 1462 2334 1565 ἔθνη,
2370 1464 2474 1549 τίς
2526 1462 2616 1543 ἂν
2641 1486 2780 1535 Infra
2802 1502 2902 1536 ver.

227 1588 324 1688 εἴη
375 1589 636 1670 λοιπὸν
682 1589 728 1687 ἦ
770 1588 1204 1695 πρόσληψις
1259 1590 1515 1686 αὐτῶν,
1572 1587 1619 1689 ἢ
1676 1590 2057 1693 μονονουχὶ
2119 1590 2235 1667 καὶ
2303 1586 2615 1668 θανοίτου
2641 1564 2720 1616 15'

140 1731 203 1772 ¹0
226 1710 426 1798 λύσις
470 1715 592 1794 καὶ
637 1710 780 1815 ζωὴ
825 1715 900 1792 ἐκ
947 1718 1210 1814 νεκρῶν
1241 1745 1263 1809 ;

706 1915 786 1986 Εἴ
836 1943 980 1986 πως
1034 1920 1491 2011 παραζηλώσω
1543 1944 1667 1998 μου
1721 1921 1839 1988 τὴν
1893 1922 2125 2011 σάρκα.
2647 1946 2738 2003 13,
2769 1945 2838 2000 14

325 2072 451 2151 Εἷς
506 2068 928 2174 ὃμοψυχίαν
983 2068 1109 2148 οὖν
1164 2071 1281 2149 καὶ
1335 2067 1617 2172 εἰρήνην
1669 2067 1833 2153 τοὺς
1889 2069 1978 2175 ἐξ
2028 2069 2252 2149 ἐθνῶν
2312 2064 2614 2152 πιστοὺς

223 2195 329 2271 καὶ
361 2190 732 2273 Ἰουδαίων
776 2189 1179 2298 ἐφέλκεται,
1229 2191 1346 2272 ἵνα
1399 2189 1501 2292 μὴ
1545 2192 1994 2294 ἐπαίρωνται,
2045 2190 2247 2271 ἀλλὰ
2294 2196 2396 2298 τῷ
2445 2197 2614 2299 Θεῷ

219 2312 304 2394 τὰ
336 2313 774 2421 χαριστήρια
828 2318 1196 2396 ἀναθῶσιν
1257 2318 1350 2400 ῶς
1414 2315 1922 2414 ἀμνησικάκως
1969 2315 2430 2423 χαρισαμένῳ
2480 2315 2611 2416 τὴν

141 2465 199 2522 ¹5
223 2444 356 2517 τῶν
406 2436 1017 2544 παραπτωμάτων
1072 2438 1365 2544 ἄφεσιν·
1441 2438 1763 2546 δοξάζειν
1818 2440 1904 2519 δέ
1953 2447 2142 2545 φησι
2198 2438 2305 2533 τῆν
2358 2441 2610 2521 ἑαυτοῦ

220 2559 565 2662 διακονίαν,
649 2564 735 2644 οὐ
810 2560 1028 2671 δόξης
1119 2564 1384 2648 εἰκαίας
1471 2565 1862 2664 ἐπιθυμῶν·
1969 2564 2137 2643 ἀλλ’
2218 2565 2336 2645 ἵνα
2421 2568 2611 2671 φησὶ

217 2689 692 2799 παραζηλώσω
740 2725 870 2795 μου
917 2688 1024 2782 τὴν
1074 2688 1326 2798 σάρκα·
1395 2688 1642 2789 σοῖρκα
1692 2686 1768 2767 δὲ
1821 2684 2049 2768 πάλιν
2098 2691 2282 2769 ἰδίαν
2330 2691 2406 2768 ἐν
2449 2691 2611 2771 τού-

217 2842 350 2894 τοις
419 2808 751 2916 ὀνομάζει
820 2810 948 2892 τὸν
1009 2809 1350 2916 Ἰσραὴλ,
1427 2813 1586 2912 ἤτοι
1659 2808 1745 2891 τὸ
1811 2809 1993 2891 κατὰ
2067 2812 2310 2914 σάρκα
2382 2813 2607 2915 γένος.

217 2931 447 3033 ὅμοιον
500 2937 635 3017 οὖν
685 2937 858 3015 ὡσεὶ
908 2934 1110 3038 λέγοι
1152 2934 1372 3040 τυχόν
1411 2937 1699 3016 Εὐκλεᾶ
1754 2969 1831 3015 τε
1887 2937 2002 3016 καὶ
2058 2933 2451 3041 ἀξιόχρεων
2494 2940 2610 3015 καὶ

134 3102 197 3143 20
220 3060 647 3161 φιλαιτιὶτην
698 3063 864 3166 Θεῷ
915 3057 1047 3158 τὴν
1096 3057 1525 3158 ἀποστολὴν
1571 3056 1706 3158 τὴν
1760 3054 1970 3159 ἐμὴν’
1995 3055 2170 3138 εἶναι
2221 3058 2436 3158 λέγω,
2493 3063 2608 3139 καὶ

216 3189 351 3268 τοῖς
401 3183 541 3264 ἀνὰ
598 3189 854 3265 πᾶσαν
896 3181 1030 3281 τὴν
1067 3181 1381 3286 ὖφήλιον
1422 3179 2021 3286 χρειωδεστάτην·
2102 3183 2238 3285 οὐχ
2287 3182 2403 3262 ἵνα
2455 3192 2610 3266 ταῖς

217 3307 544 3394 διακένοις
581 3314 822 3406 τιμαῖς
857 3307 975 3385 καὶ
1012 3304 1339 3388 ἐκτόποις
1375 3307 1886 3411 φιλοκομπίαις
1921 3302 2054 3404 τὴν
2090 3307 2395 3405 ἐμαυτοῦ
2440 3308 2610 3414 φαί-

218 3462 391 3529 νοιμι
453 3436 851 3537 στεφανῶν
911 3426 1262 3536 κεφαλὴν,
1318 3429 1488 3507 ἀλλ’
1543 3429 1662 3508 ἵνα
1722 3428 1808 3509 τὸ
1862 3427 2044 3508 κατὰ
2097 3428 2340 3532 σάρκα
2406 3432 2609 3531 γένος

217 3554 676 3654 ἀνασώσαιμι
722 3553 806 3633 τὸ
843 3551 1040 3652 ἐμόν·
1119 3554 1502 3656 μονονουχὶ
1547 3551 1938 3632 διανύττων
1990 3551 2110 3632 οἷοί
2156 3587 2291 3632 τινι
2343 3553 2608 3660 κέντρῳ

135 3708 196 3767 ²5
218 3682 309 3782 τῷ
347 3677 565 3787 ζῆλῳ,
605 3680 725 3758 καὶ
774 3673 1143 3760 διανισ-τὰς
1188 3680 1285 3760 εἷς
1335 3676 1418 3755 τὸ
1455 3674 1752 3756 ἑλέσθαι
1802 3680 1947 3756 δεῖν
1988 3682 2078 3780 τῇ
2126 3675 2242 3756 διὰ
2277 3682 2610 3779 Χριστοῦ

217 3799 440 3904 χάριτι
478 3805 959 3881 δικαιοῦσθαι.

283 4016 328 4054 1.
362 4001 538 4056 ὕποστ
687 4023 713 4058 ς
737 4000 805 4055 Α.
1067 3999 1121 4054 6.
1157 3999 1273 4055 Ine.
1297 3999 1364 4054 El
1385 3998 1455 4055 A.
1560 3998 1732 4070 φησὶν
1754 4016 1860 4054 om.
1886 3999 1957 4055 A.
2228 4014 2277 4072 7.
2314 4023 2376 4073 γε
2401 4020 2510 4058 om.
2535 4002 2603 4059 A.

217 4067 379 4125 ἐπείτε
630 4069 715 4143 ”ς]
739 4070 826 4125 διὸ
848 4070 940 4140 τὴν
962 4070 1200 4125 levantur
1223 4070 1456 4139 εὐήθειαν
1479 4070 1546 4125 Α.
1919 4089 1971 4141 9.
2008 4072 2193 4126 λοιπὸν
2215 4079 2270 4127 et
2293 4073 2375 4126 καὶ
2400 4091 2507 4127 om.
2535 4074 2603 4128 A.

222 4153 296 4195 ιο.
330 4140 439 4212 καὶ]
470 4149 532 4207 «Ι-
563 4137 679 4196 otor
700 4142 771 4196 A.
871 4139 1086 4211 νεκρῶν]
1119 4148 1175 4205 -Ι-
1208 4142 1293 4195 καὶ
1327 4141 1407 4196 ὅτι
1450 4140 1740 4210 μέλλουσιν
1775 4140 2113 4212 ἐπιστρέφειν
2148 4143 2204 4196 ἐκ
2237 4145 2453 4198 πολλῶν
2487 4145 2604 4199 ἔστι

215 4207 356 4265 θείων
377 4212 689 4281 καταμαθεῖν
710 4211 903 4283 λογίων
925 4211 995 4265 Α.
1271 4226 1458 4284 12—17.
1502 4212 1650 4267 Haec
1675 4212 1929 4281 Εἷς-τὴν
1950 4213 2120 4281 σάρκα
2143 4221 2418 4283 assumpta
2442 4230 2507 4267 ex
2534 4217 2603 4268 A.

217 4281 301 4350 qui
325 4282 496 4353 pergit
519 4283 694 4350 σάρκα
718 4282 774 4336 δέ
799 4282 1033 4352 ὀνομάζει
1058 4283 1165 4336 τόν.
1446 4298 1529 4352 19.
1563 4285 1726 4353 τυχὸν
1750 4290 1801 4336 et
1825 4305 1881 4338 τε
1906 4291 1960 4336 et
1982 4282 2269 4353 ἀξιόχρεων
2291 4284 2374 4337 καὶ
2398 4300 2506 4339 om.
2533 4286 2603 4338 A.

217 4364 297 4403 21.
328 4355 490 4407 πὸσιν
510 4353 803 4422 ἀνθρώπως
826 4370 924 4423 pro
947 4350 1353 4423 τοῖς-ὖφὴλιον
1376 4352 1445 4408 Α.
1772 4369 1859 4423 23.
1896 4350 2176 4423 ’τὸ-ἐμόν]
2206 4355 2367 4408 σώσω
2390 4356 2451 4408 τὸ
2477 4356 2605 4408 κατὰ

218 4440 255 4472 c
574 4423 592 4440 '
650 4445 675 4479 ς
699 4423 768 4476 Α.
935 4438 1022 4490 24.
1056 4423 1332 4493 μονονουχὶ
1358 4432 1411 4477 et
1433 4423 1513 4477 καὶ
1538 4423 1802 4481 διανιστὸς
1827 4433 1879 4477 et
1903 4423 2009 4477 δεῖν
2032 4441 2140 4477 om.
2169 4426 2235 4476 A.
2419 4438 2503 4490 25.
2538 4427 2602 4490 τῇ

216 4490 511 4575 -Ι-δααιοῦσ
606 4490 633 4562 ]
659 4492 750 4561 τὴν
773 4492 1104 4583 διὸθχριστοῦ
1129 4493 1426 4549 δικαιοῦσαν
1462 4495 1630 4586 χάριν,
1658 4494 1747 4550 οὓς
1782 4495 2051 4565 συγγενεῖς
2082 4495 2165 4547 καὶ
2189 4494 2451 4564 ἀδελφοὺς
2474 4493 2603 4546 ἅνω-

216 4580 339 4626 τφυ
360 4563 535 4625 εἰπὸν,
564 4562 781 4617 ἐνταῦθα
805 4585 974 4632 σαρκα
998 4565 1146 4618 καλεῖ
1168 4562 1331 4619 πλέον
1352 4563 1535 4621 αὐτους
1558 4564 1895 4634 οἰκειούμενος
1920 4565 1987 4619 A.

294 4661 438 4708 VOL.
472 4663 579 4708 ΙΙΙ.
1376 4666 1405 4709 1
1437 4670 1460 4708 1
