3269 5166
615 319 746 383 302
868 317 948 382 B.
989 316 1368 382 CYRILLI
1410 314 1945 381 ALEXANDR.
1991 311 2557 378 FRAGMENTA
2643 334 2752 375 xv.
2787 326 2888 392 17,
2923 312 3024 375 18.

442 430 518 481 M.

306 431 417 497 [⁷³
522 429 591 624 1]⁷
810 533 878 600 Εἰ
929 533 1002 600 δὲ
1056 533 1327 623 Χριστὸς
1381 536 1497 600 οὐκ
1550 534 1909 621 &rm-eptam,
1962 532 2206 608 ματαία
2263 533 2301 596 ἡ
2355 529 2565 598 πίστις
2620 531 2828 607 ὑμῶν.

733 705 1245 805 Ἀληθέστατα
1294 708 1411 786 καὶ
1456 707 1625 787 λίαν
1662 707 1891 808 ὀρθῶς
1938 701 2386 806 προσεπάγει
2421 708 2568 787 τοῖς
2605 703 2869 785 ἄλλοις
2907 704 3031 780 καὶ

623 836 857 907 τοῦτο·
920 833 1179 908 δικαιοῖ
1219 828 1351 928 μὲν
1389 828 1531 931 γὰρ
1569 828 1614 928 ἡ
1658 830 1927 925 πίστις,
1964 829 2135 906 ἀλλ’
2177 827 2243 906 εἴ
2284 861 2388 910 τις
2425 827 2607 930 αὐτῇ
2663 822 3031 927 καθαρίζει

622 951 707 1032 τὸ
763 948 1064 1049 μάταιον
1123 955 1219 1038 ὡς
1281 958 1613 1054 Χριστοῦ
1675 950 1777 1052 μὴ
1843 953 2338 1053 ἐγηγερμένον,
2397 950 2472 1029 τί
2525 947 2611 1028 τὸ
2670 946 3029 1054 διάφορόν

623 1078 783 1154 ἐστι
828 1073 1134 1155 λοιπόν·
1114 1137 1136 1172 ,
1200 1077 1451 1156 οὐκοῦν
1506 1073 1953 1179 ἐνεσχήμεθα
1993 1081 2141 1158 τοῖς
2176 1074 2495 1178 ἀρχαίοις
2531 1068 3023 1221 ἐγκλήμασιν,
3053 1102 3092 1163 5

625 1196 1108 1280 ἀναπόνιπτον
1159 1197 1412 1304 ἔχομεν
1459 1198 1591 1298 τὴν
1648 1198 2025 1300 ἁμαρτίαν·
2103 1196 2337 1297 μάτην
2385 1200 2504 1277 καὶ
2550 1196 2591 1274 5
2628 1194 3024 1277 θεσπέσιος

291 1358 375 1407 1³0.
391 1355 584 1407 lxxxiv.
627 1322 768 1428 ἔφη
810 1321 1133 1431 μελφδός
1194 1333 1237 1370 “
1265 1321 1688 1421 Εὐδόκησας
1744 1320 1932 1423 κύριε
1985 1316 2119 1419 τὴν
2172 1324 2310 1422 γῆν
2343 1327 2510 1417 σοῦ,
2545 1322 2835 1425 ἀφῆκας
2893 1314 3027 1400 τὰς

295 1437 340 1484 ²'
360 1438 407 1486 ³⁶
630 1456 674 1495 “
710 1447 1007 1545 ἀνομίας
1078 1452 1182 1553 τῷ
1252 1451 1411 1553 λαῷ
1482 1479 1647 1542 σου,
1714 1443 2089 1550 ἐκάλυψας
2159 1439 2407 1527 πείσας
2469 1441 2601 1528 τὰς
2668 1441 3027 1542 ἁμαρτίας

294 1592 371 1641 lb.
400 1591 537 1642 xxxi.
559 1605 602 1652 1,
633 1582 675 1618 ‘⁴
712 1571 1014 1649 αὐτῶν·”
1090 1572 1208 1649 καὶ
1261 1568 1487 1649 πάλιν
1542 1578 1586 1616 “
1617 1567 1983 1669 Μακάριοι
2036 1564 2137 1646 ὧν
2176 1567 2558 1675 ἀφέθησαν
2603 1569 2676 1644 αἱ
2711 1563 3024 1660 ἀνομίαι,

294 1672 344 1708 ²⁰
631 1703 677 1740 “
711 1695 829 1772 καὶ
877 1688 978 1771 ὧν
1012 1692 1626 1797 ἐπεκαλύφθησαν
1678 1697 1752 1771 αἱ
1796 1690 2155 1792 ἁμαρτίαι·
2212 1689 2556 1793 μακάριος
2598 1686 2784 1790 ἀνὴρ
2821 1684 2884 1795 ᾧ
2939 1688 3028 1765 οὗ
3058 1717 3142 1758 10

630 1825 675 1862 ‘⁶
710 1811 812 1914 μὴ
849 1817 1237 1918 λογίσηται
1278 1815 1541 1918 Κύριος
1580 1814 1995 1917 ἁμαρτίαν·”
2056 1814 2283 1894 καίτοι
2319 1813 2445 1892 τὸν
2479 1811 2555 1892 ἔν
2601 1846 2689 1914 γε
2743 1811 3029 1895 τούτοις

293 1966 439 2016 Rom.
456 1965 522 2016 iv.
541 1979 589 2030 9.
629 1936 1089 2042 μακαρισμὸν
1124 1937 1246 2019 ἐπί
1286 1973 1364 2019 τε
1413 1935 1545 2034 τὴν
1575 1935 1966 2041 περιτομὴν
1999 1939 2116 2017 καὶ
2165 1934 2332 2021 τοὺς
2367 1937 2459 2043 ἐξ
2497 1939 2724 2017 ε’θνῶν
2762 1969 3019 2015 κατευ-

626 2063 991 2166 ρύνεσθαι,
1028 2064 1259 2168 φησὶν
1305 2062 1346 2140 5
1398 2061 1741 2165 μακάριος
1782 2066 2080 2145 Παῦλος
2122 2063 2198 2141 ἐν
2233 2064 2325 2166 τῇ
2371 2059 2553 2163 πρὸς
2592 2061 3025 2157 Ῥωμαίους“

294 2219 372 2270 1b.
398 2231 477 2283 25.
629 2186 1134 2285 δεδικαιώμεθα
1169 2184 1312 2288 γὰρ
1348 2187 1423 2264 ἐν
1457 2190 1786 2292 Χριστω,
1730 2190 1763 2208 ’“
1826 2194 1869 2232 “
1889 2180 2037 2269 Ὃς
2087 2184 2449 2287 παρεδόθη
2497 2183 2614 2264 διὰ
2657 2183 2754 2264 τά
2788 2219 3028 2288 παρα-

631 2309 1060 2408 “πτῶματα
1096 2308 1299 2409 ἡμῶν
1334 2310 1452 2389 καὶ
1486 2308 1757 2411 ἠγέρθη
1797 2305 1914 2386 διὰ
1950 2306 2082 2408 τὴν
2117 2309 2486 2388 δικαίωσιν
2519 2307 2797 2407 ἡμῶν.”
3068 2342 3144 2402 ι5

530 2594 602 2651 18
922 2574 1088 2664 Ἀρα
1144 2574 1249 2641 καὶ
1305 2572 1365 2642 οἶ
1419 2575 1839 2654 κοιμηθέντες
1892 2576 1963 2642 ὲν
2018 2576 2275 2664 Χριστῷ
2320 2574 2697 2645 ἀπώλοντο.

740 2759 1194 2861 Ἢπάτηνται
1229 2761 1372 2866 γὰρ
1401 2766 1495 2847 ὡς
1531 2763 1754 2843 ἔοικεν
1794 2766 1908 2843 καὶ
1947 2766 2204 2859 ἀμισθὶ
2238 2765 2633 2844 τεθείκασιν
2671 2763 2854 2866 ὑπὲρ
2888 2766 3022 2844 αὐ-

295 2922 411 2987 sap,
435 2922 505 2972 ἰῇ,
522 2938 573 2987 4·
627 2893 758 2965 τοῦ
783 2883 916 2985 τὴν
953 2885 1221 2991 ψυχὴν,
1245 2888 1311 2966 εἴ
1341 2922 1423 2988 γε
1459 2886 1560 2986 μὴ
1583 2886 1957 2990 ἐγήγερται
1986 2888 2335 2989 Χριστός·
2398 2894 2457 2967 εἰ
2492 2887 2594 2987 μὴ
2620 2890 3032 2972 ἀθανασίας

628 3011 788 3089 ἐστὶ
834 3008 1121 3113 πλήρης
1168 3017 1313 3089 τῶν
1347 3010 1569 3113 ἁγίων
1605 3011 1650 3110 ἡ
1688 3012 1913 3109 ἐλπὶς,
1952 3015 2010 3090 εἶ
2052 3010 2154 3111 μὴ
2189 3015 2663 3114 προσδοκῶσι
2716 3020 3022 3111 συμβα-

629 3135 946 3215 σιλεύειν
1008 3136 1221 3242 αὐτῷ,
1277 3136 1717 3215 ἀπολώλασι
1775 3135 1964 3239 τάχα
2022 3169 2185 3232 που,
2251 3139 2369 3214 καὶ
2422 3137 2527 3215 ἐπ’
2593 3137 2825 3214 οὐδενὶ
2881 3142 3031 3216 τῶν
3061 3164 3146 3204 20

629 3261 1009 3362 χρησίμων
1059 3262 1174 3338 καὶ
1217 3256 1435 3337 αὐτὸν
1471 3257 1906 3341 ἀνατλάντες
1951 3256 2080 3337 τὸν
2124 3257 2434 3339 θάνατον
2471 3256 2724 3360 ζημίαν
2773 3258 3032 3363 ἔχουσι

300 3420 387 3470 Ea.
416 3420 554 3471 xxvi.
628 3380 894 3460 πόνων·
973 3381 1207 3488 ἄπαγε
1265 3386 1392 3481 τῆς
1452 3383 1639 3461 οὕτω
1699 3385 1926 3482 δεινῆς
1990 3383 2323 3479 ἀμαθίας·
2408 3393 2452 3429 “
2481 3380 3033 3482 ἀναστήσονται

301 3498 378 3550 ¹9·
630 3512 676 3552 ‘⁶
710 3502 851 3606 γὰρ
887 3509 952 3584 οἷ
991 3509 1238 3610 νεκροὶ,
1278 3508 1394 3584 καὶ
1430 3504 1942 3608 ἐγερθήσονται
1977 3510 2042 3584 οἱ
2079 3507 2155 3586 ἐν
2190 3512 2338 3590 τοῖς
2375 3505 2795 3605 μνημείοις,”
2844 3506 3035 3586 κατὰ

626 3625 762 3727 τὴν
815 3637 944 3709 τοῦ
1006 3628 1382 3736 προφήτου
1437 3627 1712 3734 φωνὴν,
1770 3630 1888 3708 καὶ
1943 3629 2359 3709 ταλαντεύει
2420 3627 2707 3737 ἑκάστω
2772 3628 2858 3709 τὸ
2919 3628 3034 3709 ὅτι
3099 3647 3120 3653 “

699 3881 751 3935 3.
791 3864 1046 3936 καθαρίζει
1069 3864 1284 3920 exhibet
1306 3874 1359 3919 et
1383 3864 1452 3921 A.
1527 3863 1912 3936 Legendumne
1935 3865 2224 3936 καθορίζειὶ
2651 3885 2704 3932 4.
2742 3831 3031 3956 διάφορόν]

628 3934 856 3990 δικαιοῦν
881 3936 1023 4024 (sive
1040 3946 1180 3990 recte
1204 3936 1315 3989 sive
1339 3953 1437 4007 pro
1461 3934 1917 4060 ἱιιιοῖποῐιιιίοῐιο)
1949 3935 2021 3990 H.
2402 3948 2456 4006 5.
2492 3935 2622 4005 ‘'mo-
2669 3935 2825 4001 ’μεθα
2850 3937 2911 3991 δὲ
2935 3956 3036 4007 pro

633 4005 817 4058 οὐκοῦν
833 4003 1160 4096 ἐνεσχήμεθα
1188 4005 1261 4061 H.
1670 4006 2013 4061 ἀναπόνιπτον
2035 4008 2223 4079 ἔχομεν
2245 4006 2388 4076 τὴν“
2361 4008 2613 4076 upupa-lav
2669 4008 2739 4094 μὴ
2764 4007 3036 4147 ἀπονιψά-

625 4096 772 4142 μενοι
795 4076 887 4143 τῆς
908 4075 1155 4146 ἁμαρτίας
1177 4075 1320 4131 τὸν*
1289 4075 1455 4146 ριἰπον
1479 4076 1578 4148 (ita
1600 4076 1873 4147 desinens)
1903 4078 1977 4133 Η.
2435 4093 2521 4132 10.
2556 4075 2832 4148 ἐκαλῦφθη
2835 4100 2942 4133 σω
2966 4081 3038 4134 A.

742 4177 992 4318 &pm
911 4178 1176 4235 medidi.
1198 4161 1337 4250 ἆμαρ
1362 4175 1658 4248 (ambigue)
1683 4177 1753 4232 A.
1775 4176 2024 4266 ἁμαρτίας
2039 4176 2143 4232 Ed.
2424 4177 2508 4233 18.
2542 4175 2753 4249 ψυχὴν]
2782 4179 2966 4249 pergit
2987 4180 3038 4234 οἱ

627 4248 767 4318 ἅγιοι
953 4271 1040 4340 pes·
1063 4251 1147 4305 καὶ
1169 4252 1260 4320 τῆς
1282 4251 1357 4307 εἰς
1378 4249 1532 4303 αὐτὸν
1548 4249 1889 4339 γνησιότητος
1910 4246 2018 4304 κατ’
2038 4249 2132 4302 ova
2134 4246 2221 4302 ἕνα
2244 4250 2439 4335 τρόπον
2460 4247 2716 4318 αὐχοῦσιν
2737 4249 2836 4317 τὴν
2859 4250 3038 4317 δόξω,

627 4319 794 4373 καίτοι
828 4341 929 4374 των
935 4342 1121 4446 ἐζ
1039 4342 1109 4376 ων
1130 4320 1403 4446 μαρτύρων
1425 4318 1633 4409 ἀπαρχὴ
1646 4316 1894 4444 ὅς’-γονονῙ
1905 4321 1936 4373 ὖ
1969 4317 2679 4443 μαεὲριοὶἱῖτέφανοςῌθεᾷ
2715 4320 3041 4444 ζὸζ-ἕῖκεῖον

626 4388 912 4455 εὐωδιάζων
1342 4389 1477 4516 ‹¹th
1499 4389 1617 4459 (18)
1901 4406 1953 4460 9.
1980 4410 2009 4457 η
2168 4407 2205 4459 p
2252 4407 2341 4444 ma
2363 4407 2476 4444 vioe
2875 4407 2908 4444 2
2952 4412 3040 4444 και

627 4459 695 4514 ἐπ
692 4457 949 4515 ’-πόνων
970 4470 1246 4535 assumpta
1269 4479 1335 4518 ex
1828 4476 1913 4515 21.
1949 4458 2260 4516 ανατλάντες
2282 4458 2577 4515 emendavi.
2600 4457 2920 4515 ἀνατλανται
2943 4478 3040 4515 ex-

628 4528 777 4586 hibet
803 4528 940 4586 Cod.
1336 4547 1423 4604 23.
1460 4527 1793 4602 καὶ-φωνήν
1815 4547 1924 4587 om.
1951 4529 2028 4586 H.
2103 4529 2296 4586 Statim
2329 4530 2412 4587 καὶ
2435 4527 2880 4588 ταλωτεῦει-ὦς
2903 4534 3042 4590 Θεός
