3269 5166
228 344 305 408 xi.
331 347 422 425 26,
451 348 547 414 28.
708 350 815 413 IN
867 348 1387 416 EPISTOLAM
1442 354 1568 418 AD
1623 354 2092 420 ROMANOS.
2471 356 2600 419 243

226 512 545 617 πλήρωμα
597 514 719 595 τῶν
767 513 985 611 ἑθνῶνς
1048 518 1217 595 ἀλλ’
1259 515 1420 597 οὐδὲ
1474 521 1622 603 πὲις
1661 516 1938 624 'lo-pah).
1975 518 2367 617 σωθήσεται,
2403 521 2596 622 ε’ίπερ

222 637 403 714 ἐστὶν
436 637 693 737 ἀληθὲς
729 637 838 718 ὅτι
872 639 1001 719 τὸν
1035 643 1164 738 τῆς
1200 641 1497 740 ἀνομίας
1540 637 1695 721 υἱὸν
1731 642 2256 749 παραδέξονται
2306 648 2370 723 οἱ
2407 643 2589 722 Ἰου-
2621 664 2712 717 44
2741 661 2835 718 u.

222 760 404 858 δαῖοι,
436 765 559 860 τῆς
596 767 692 847 εἶς
728 763 1058 866 Χριστὸν
1093 761 1381 865 ἀγάπης
1417 763 1893 868 ἠφειδηκότες·
1950 776 2164 846 τοῦτο
2200 765 2343 869 γὰρ
2381 765 2593 850 αὐτὸς

217 880 511 986 ἔφασκεν
547 896 591 932 “
625 887 824 988 Ἐγὼ
859 887 1182 989 ἐλήλυθα
1214 889 1292 967 ἐν
1328 893 1431 994 τῷ
1467 888 1759 985 ὀνόματι
1796 898 1925 969 τοῦ
1960 890 2232 991 πατρός
2269 925 2431 989 μου,
2472 897 2588 969 καὶ
2619 912 2669 960 Β»
2685 911 2723 960 J
2725 927 2835 960 oan·
2859 927 2906 961 v.

166 1031 196 1092 5
221 1015 259 1053 ‘⁴
288 1008 365 1085 οὖ
398 1008 818 1107 λαμβάνετέ
837 1039 951 1109 με·
1022 1010 1147 1090 ἐὰν
1182 1010 1420 1095 ἄλλος
1459 1007 1641 1115 ’ἐλθῃ
1680 1012 1756 1089 ἐν
1794 1015 1895 1119 τῷ
1932 1012 2227 1108 ὀνόματι
2263 1019 2367 1121 ’τῷ
2404 1013 2585 1121 ἰδίῳ,
2617 995 2648 1037 ⁴

220 1139 257 1175 “
289 1133 534 1210 ἐκεῖνον
589 1132 998 1238 λήψεσθε·”
1077 1138 1193 1213 καὶ
1249 1135 1290 1211 5
1347 1132 1775 1237 σοφώτατος
1810 1134 2115 1220 Παῦλος
2170 1147 2215 1182 “
2247 1134 2437 1216 Ἀνθ’
2493 1134 2593 1215 ὧν
2623 1148 2837 1263 {gezem
2858 1148 2911 1197 ii.

220 1262 258 1300 ‘⁴
285 1251 408 1352 τὴν
458 1254 747 1358 ἀγάπην
801 1262 928 1357 τῆς
988 1258 1326 1357 ἀληθείας
1391 1257 1518 1335 οὐκ
1575 1256 1910 1363 ἐδέξαντο
1970 1263 2067 1342 εἷς
2128 1258 2211 1338 τὸ
2271 1264 2595 1357 σωθῆναι

220 1389 258 1425 “
289 1379 556 1465 αὐτούς·
639 1382 757 1461 διὰ
799 1390 1010 1461 τοῦτο
1054 1380 1312 1476 π’έμπει
1346 1381 1582 1464 αὐτοῖς
1620 1382 1661 1458 5
1701 1378 1889 1464 Θεὸς
1925 1381 2278 1484 ἐνέργειαν
2314 1382 2598 1482 πλάνης

221 1512 259 1548 “
291 1509 379 1587 εἶς
413 1504 494 1584 τὸ
530 1513 922 1586 πιστεῦσαι
972 1503 1228 1588 αὐτοὺς
1262 1511 1367 1613 τῷ
1402 1502 1727 1608 ψεύδει.”
1805 1505 1880 1584 τί
1923 1506 2050 1583 οὖν
2087 1508 2383 1609 ἐροῦμεν
2416 1505 2598 1610 πρὸς

137 1643 198 1682 ¹0
219 1636 453 1723 τοῦτο;
512 1628 773 1736 φαμὲν,
813 1630 920 1710 ὅτι
959 1635 1153 1710 Θεοῦ
1186 1626 1579 1732 προθέντος
1615 1629 2160 1734 ἀδιαφθονήτως
2195 1626 2429 1710 ἅπασι
2465 1632 2597 1730 τὴν

218 1751 320 1830 διὰ
376 1754 692 1837 πίστεως
749 1752 979 1859 χάριν,
1039 1753 1483 1860 ἐξείργοντος
1547 1752 1622 1831 δὲ
1687 1759 2060 1837 παντελῶς
2122 1753 2392 1851 οὐδένα,
2442 1761 2597 1839 πῶς

218 1875 330 1954 οὐκ
363 1878 740 1977 εἶσβέβηκε
778 1877 851 1958 τὶ
887 1881 1230 1982 πλήρωμα
1268 1876 1394 1957 ‘ccliv
1429 1874 1623 1972 ἐθνὶἶν,
1661 1874 1743 1956 τό
1795 1910 1880 1977 γε
1930 1877 2104 1976 ἧκον
2142 1883 2239 1960 εἷς
2278 1885 2445 1956 νοῦν
2482 1881 2598 1959 καὶ

217 1998 478 2080 σκοπὸν
512 2000 646 2081 ιτὸν
679 2009 808 2081 τοῦ
844 2000 1315 2100 κεκληκότος;
1380 2000 1463 2078 οὐ
1500 1997 1646 2100 γὰρ
1683 1999 1751 2078 εἴ
1781 2034 1963 2083 τινες
2001 2002 2321 2080 ἐθελοντὶ
2357 2001 2600 2104 παρώ-

218 2130 462 2204 λισθον
518 2127 639 2205 καὶ
703 2128 832 2224 τῆς
891 2128 1156 2227 δωρεᾶς
1217 2119 1768 2226 διημαρτήκασι,
1835 2121 2171 2228 ταύτῃτοι
2235 2130 2595 2228 κατεψευ-

138 2253 197 2312 ι5
218 2247 467 2343 σμένον
511 2248 647 2329 τὸν
680 2253 808 2347 τῆς
855 2252 1144 2352 γραφῆς
1184 2246 1582 2350 εὑρήσομεν
1631 2245 1885 2348 λόγον·
1959 2246 2126 2353 ἐξὸν
2172 2244 2317 2350 γὰρ
2364 2249 2601 2331 αὐτοῖς

217 2376 348 2449 τῶν
402 2371 612 2479 ἅπαξ
640 2370 1168 2473 ·δεδωρημένων
1221 2374 1684 2474 μεταλαχεῖν,
1748 2369 2163 2450 ἐθελούσιον
2218 2371 2376 2450 ἀνθ’
2437 2369 2604 2450 ὅτου

216 2496 613 2596 πεποίηνται
651 2494 783 2597 τὴν
818 2492 1281 2590 ἀπόστασινς
1359 2494 1614 2572 οὐκοῦν
1653 2492 1834 2572 ὅσον
1871 2492 2035 2594 ἧκεν
2070 2498 2166 2576 εἰς
2201 2491 2604 2597 ἡμερότητα

218 2619 323 2696 καὶ
364 2620 918 2723 φιλανθρωπίαν
955 2625 1085 2698 τοῦ
1133 2618 1564 2717 κεκληκότος
1611 2620 1729 2697 καὶ
1779 2616 1852 2698 τό
1890 2619 2235 2724 πλήρωμα
2274 2617 2392 2699 τῶν
2429 2616 2604 2698 {Mn

220 2744 652 2844 εἶσβέβηκεν,
716 2743 1097 2824 σέσωσται
1161 2742 1238 2821 δὲ
1313 2745 1432 2821 καὶ
1506 2738 1698 2825 ἅπας
1761 2751 1791 2822 ὁ
1853 2744 2148 2849 Ἰσραήλ·
2225 2741 2464 2841 ἐπειδὴ
2526 2741 2604 2821 δὲ

136 2877 197 2918 ²0
219 2865 545 2964 ἀκαμπεΐς
596 2866 969 2972 γεγόνασι,
1008 2865 1344 2972 ταύτῃτοι
1380 2866 1497 2944 καὶ
1531 2863 1882 2966 πώρωσιν
1919 2867 2159 2949 αὐτοῖς
2193 2864 2337 2945 ἀπὸ
2372 2863 2603 2970 μέρους

218 2989 531 3086 γενέσθαι
571 2994 786 3097 φησί.

555 3224 788 3288 Καθὼς
844 3224 1194 3311 τέτραπται
1239 3223 1431 3289 Ἥξει
1485 3221 1558 3286 ἑκ
1614 3221 1791 3286 Σιὼν
1846 3223 1882 3288 ὁ
1938 3221 2274 3310 ῥυόμενος.

305 3385 478 3467 Ὅτι
544 3388 806 3489 μέλλει
865 3384 1226 3490 σώζεσθαι
1289 3387 1405 3465 καὶ
1467 3386 1507 3462 5
1567 3382 1990 3485 ἀπόβλητος
2050 3383 2361 3488 Ἰσραὴλ
2420 3381 2606 3462 κατὰ

220 3509 512 3613 καιροὺς,
558 3517 855 3608 βεβαιοῖ
901 3509 995 3590 τὰ
1048 3513 1176 3610 τῆς
1233 3510 1555 3606 ἐλπίδος,
1618 3506 1871 3610 λόγιον
1924 3509 2334 3610 παρατιθεὶς
2389 3504 2602 3607 ἱερόν·

138 3672 197 3731 ²5
220 3635 626 3736 σωθήσεται
664 3634 807 3737 γὰρ
841 3633 1027 3714 κατὰ
1063 3631 1343 3736 καιροὺς
1383 3634 1423 3712 5
1458 3631 1791 3737 Ἰσραὴλ,
1828 3632 2136 3738 ἔσχατος
2170 3629 2607 3728 καλούμενος

218 3756 383 3850 μετὰ
417 3757 553 3859 τὴν
593 3764 738 3837 τῶν
774 3757 862 3865 ἐξ
892 3761 1115 3838 ἐθνῶν
1150 3762 1440 3857 κλῆσιν.

1087 3987 1347 4078 Ἐχθροὶ
1403 3989 1478 4054 δι’
1541 3989 1727 4065 ὑμᾶς.

309 4155 557 4239 Ὅσον
623 4157 754 4256 μὲν
829 4157 955 4237 οὖν
1026 4156 1190 4256 ἧκεν
1249 4160 1346 4238 εἰς
1419 4152 1502 4232 τὸ
1565 4150 1897 4256 κήρυγμα
1971 4151 2054 4231 τὸ
2120 4149 2607 4253 εὐαγγελικὸν,

289 4387 337 4425 2.
371 4375 419 4427 οἶ
442 4392 553 4429 om.
580 4375 650 4429 Α.
1009 4386 1060 4440 5.
1099 4372 1157 4427 ἐν
1178 4374 1250 4443 τῷ
1276 4370 1442 4442 οἰκείῳ
1467 4370 1676 4438 ὀνόματι
1703 4369 1772 4424 A.
2109 4367 2159 4422 8.
2194 4366 2394 4560 πέὲΐει
2423 4365 2488 4419 Α.
2515 4365 2611 4420 sed

225 4440 289 4494 ef.
310 4443 362 4496 in
390 4443 446 4497 S.
467 4444 630 4500 Joan.
658 4444 761 4499 262
786 4445 841 4500 b.
1265 4459 1317 4511 9.
1355 4439 1445 4496 οὖν
1469 4458 1576 4494 om.
1607 4442 1673 4494 A.
2097 4456 2176 4492 10.
2212 4438 2245 4490 ἅ
2328 4434 2518 4502 ονῆτως
2545 4437 2611 4488 Α.

234 4526 306 4579 ¹3·
339 4516 428 4567 τὸν
449 4532 560 4569 om.
585 4517 654 4569 A.
1032 4528 1114 4584 15.
1153 4511 1439 4582 εὑρήσουσι
1465 4515 1533 4565 Α.
1911 4524 1996 4579 27.
2037 4507 2161 4563 Hoc
2186 4525 2244 4562 ec
2286 4505 2428 4560 olion
2456 4504 2614 4559 nobis

233 4583 524 4652 suppeditat
556 4586 597 4638 Α
624 4604 676 4655 p.
704 4600 828 4656 503.
1421 4665 1432 4677 ·

1358 4685 1380 4726 1
1418 4688 1438 4726 1
1474 4684 1509 4729 2

2651 456 2911 522 [43M·]

2653 991 2700 1039 3.

2635 3233 2708 3289 26

2638 3993 2711 4049 28
