3269 5166
631 340 723 408 86
1203 342 1283 407 Β.
1332 341 1753 407 CYRILLI
1813 340 2401 406 ALEXANDR.
2645 341 2777 404 xix.
2806 358 3042 420 21-24.

634 506 862 612 ῥῆδην
895 506 1394 610 ἀνακεκραγῶς
1430 513 1580 593 τοῖς
1615 505 2008 590 συνθέουσι
2055 505 2238 610 πρὸς
2287 503 2724 606 ἀνάγνωσιν,
2764 503 2877 584 ὅτι
2918 500 3049 583 τὸν

638 638 890 713 οἰκεῖον
925 630 1404 735 ἐσταύρωσαν
1438 629 1758 728 βασιλέα
1795 633 1915 712 καὶ
1955 627 2250 736 Κύριον,
2286 633 2416 729 τῆς
2453 636 2549 715 εἶς
2594 624 2816 709 αὐτὸν
2850 627 3040 731 ἀγοί-

569 769 614 835 (1
639 791 779 857 πης
826 755 1327 858 ἀλογήσαντες
1373 761 1772 854 παντελῶς,
1810 758 1929 836 καὶ
1976 753 2158 860 πρὸς
2208 752 2341 855 τὴν
2375 755 2690 836 ἀπασῶν
2724 752 3050 860 ἐσχάτην

638 879 1124 981 ἀναισθησίαν
1158 878 1504 966 πεσόντες
1541 883 1607 960 οἱ
1645 879 1964 960 δείλαιοι.

539 1160 905 1236 Μ”Ελεῐ-ον
961 1156 1072 1226 οὖν
1126 1159 1223 1246 τῷ
1273 1159 1541 1246 Πιλάτῳ
1593 1156 1655 1225 οἶ
1708 1155 2032 1250 ἀρχιερεῖς
2089 1158 2223 1225 τῶν
2265 1154 2609 1223 Ἰουδαίων
2662 1154 2774 1221 Μή
2834 1156 3109 1246 Γράφε5

764 1287 817 1353 Ο
883 1285 1183 1372 βασιλεὺς
1244 1285 1378 1352 τῶν
1425 1283 1793 1366 Ἰουδαίων,
1850 1285 1991 1350 ἀλλ’
2061 1286 2163 1351 ὅτι
2222 1280 2473 1349 ἐκεῖνος
2528 1275 2674 1348 εἷπε
2733 1281 3053 1348 Βασιλεύς

539 1432 611 1474 22
744 1411 868 1492 εἰμι
940 1414 1076 1481 τῶν
1137 1411 1504 1479 Ἰουδαίων.
1607 1409 1931 1500 ἀπεκρίθη
2003 1412 2040 1476 ὁ
2098 1410 2386 1476 Πιλάτος
2431 1408 2518 1474 “Ο
2577 1409 2877 1497 Γέτραφα
2952 1408 3055 1483 Γέ-

740 1563 982 1631 Γραφα.

745 1700 1178 1810 Ἀφορήτως
1213 1701 1463 1808 ἔχουσι
1499 1699 1685 1807 πρὸς
1721 1700 1852 1803 τὴν
1889 1702 2005 1782 ἐπὶ
2041 1705 2146 1809 τῷ
2193 1700 2419 1808 τίτλῳ
2464 1697 2763 1806 γραφὴν
2796 1703 2866 1780 οἶ
2902 1705 3051 1780 τῶν

638 1826 1003 1908 Ἰουδαίων
1058 1827 1480 1929 καθηγηταῖ,
1529 1830 1648 1906 καὶ
1704 1824 1953 1931 δριμὺς
2009 1823 2264 1909 αὐτοὺς
2317 1824 2691 1928 εἶσεδραμε
2748 1823 3043 1930 φθόνος.
3077 1853 3138 1895 10

583 1984 620 2027 e
644 1954 1020 2056 ἀρνοῦνται
1057 1948 1135 2031 δὲ
1170 1948 1396 2031 πάλιν
1432 1949 1565 2050 τὴν
1600 1955 1934 2055 Χριστοῦ
1968 1950 2379 2048 βασιλείαν,
2418 1951 2534 2028 καὶ
2581 1950 2876 2047 ἀληθῶς
2916 1947 3047 2047 μὲν

640 2077 860 2157 αὐτὸν
915 2077 999 2158 οὐ
1056 2074 1408 2181 κατάρξαι
1464 2075 1727 2182 φασὶν,
1788 2077 1947 2154 οὔτε
2002 2073 2148 2174 μὴν
2202 2080 2299 2158 εἰς
2358 2071 2679 2169 βασιλεά
2731 2074 3049 2175 παραδε-

638 2201 887 2307 δέχθαι
941 2200 1259 2297 πώποτε,
1314 2196 1519 2307 λόγῳ
1574 2197 1804 2301 γεμὴν
1860 2203 2256 2304 κεχρῆσθαι
2311 2195 2607 2304 τοιούτῳ
2663 2198 2922 2303 φασὶν,
2971 2198 3047 2276 ἐκ

638 2328 927 2426 πολλῆς
981 2324 1172 2427 ἄγαν
1225 2327 1352 2424 τῆς
1413 2322 1715 2424 ἐνούσης
1771 2323 2011 2408 αὐτοῖς
2076 2323 2389 2424 εὐηθείας
2445 2318 2870 2424 ἠγνοηκότες
2929 2322 3047 2400 καὶ

639 2458 873 2548 τοῦτο,
912 2452 1009 2534 ὡς
1046 2449 1173 2529 οὐκ
1208 2445 1300 2528 ἀν
1335 2445 1892 2555 ψευδομυθήσαι
1926 2444 2104 2528 ποτὲ
2139 2450 2268 2547 τῆς
2305 2447 2641 2545 ἀληθείας
2691 2444 2736 2543 ἡ
2788 2443 3038 2550 φύσις·
3075 2465 3134 2525 15

641 2572 944 2675 ἀλήθεια
979 2571 1053 2654 δὲ
1090 2575 1131 2654 ὁ
1165 2571 1510 2677 Χριστός·
1587 2571 1928 2667 βασιλεῗις
1969 2572 2094 2652 οὖν
2131 2570 2270 2674 ἄρα
2307 2569 2428 2652 τῶν
2463 2564 2813 2667 Ἰουδαίων,
2852 2568 3047 2674 εἴπερ

641 2701 867 2784 οὕτως
902 2697 1155 2779 ἑαυτὸν
1189 2696 1559 2806 ἐλέγχεται
1595 2696 1983 2797 κεκληκὼς,
2021 2697 2211 2778 καθὰ
2251 2700 2369 2776 καὶ
2417 2697 2616 2775 αὐτοὶ
2666 2695 2751 2775 δι’
2789 2696 3047 2780 οἰκείας

640 2830 855 2906 τοῦτο
890 2824 1321 2927 κρατύνουσι
1358 2826 1626 2929 φωνῆς.
1713 2821 2126 2902 ἀποσείεται
2162 2821 2237 2902 δὲ
2278 2819 2600 2904 Πιλάτος
2636 2826 3043 2920 μεταποιεῖ·

642 2955 822 3030 σθαι
868 2945 1002 3048 τὴν
1047 2947 1340 3056 γραφὴν
1385 2946 1689 3055 ἐξαιτεῖν
1731 2943 2136 3044 ἐθέλοντας,
2187 2946 2271 3025 οὐ
2325 2944 2535 3049 με’χρι
2589 2939 2862 3026 παντὸς
2915 2942 3049 3044 τὴν

304 3094 570 3154 1062A.
587 3110 623 3153 a
644 3082 774 3159 τοῦ
838 3078 1177 3179 Σωτῆρος
1239 3073 1442 3173 ἡμῶν
1498 3073 1839 3171 ἀδικῆσαι
1909 3068 2132 3177 δόξαν
2199 3066 2819 3221 ‹rvyxwpozsspaevos’3
2888 3068 3047 3176 θείῳ
3073 3103 3137 3149 20

644 3197 982 3300 δηλονότι
1037 3200 1157 3278 καὶ
1210 3195 1497 3303 ἀῤῥήτῳ
1548 3194 1862 3294 νεύματι.
1940 3191 2359 3296 πεπηγμένη
2412 3227 2553 3298 γαρ
2602 3196 2719 3272 καὶ
2769 3193 3040 3273 ἀσυκο-

644 3322 1006 3431 φάντητος
1043 3322 1086 3420 ἡ
1125 3327 1456 3424 Χριστοῦ
1491 3316 1858 3416 βασιλεία,
1898 3315 2031 3399 κᾶν
2066 3319 2394 3398 Ἰουδαῖοι
2444 3315 2545 3417 μὴ
2596 3313 3042 3413 βούλωνται,

644 3443 1219 3553 παραχαράττειν
1262 3446 1776 3548 ἐπιχειροῦντες
1826 3446 1955 3542 τῆς
2003 3448 2100 3528 εἷς
2150 3440 2366 3523 αὐτον
2412 3440 2631 3549 δόξης
2686 3438 2819 3542 τὴν
2866 3443 3041 3541 ὁμο-

645 3572 926 3676 λογίαν.

542 3813 618 3871 23
648 3806 727 3875 Οἱ
797 3803 911 3874 οὖν
984 3805 1400 3897 στρατιῶται,
1469 3806 1582 3873 ὅτε
1652 3803 2078 3894 ἐσταύρωσαν
2150 3803 2264 3870 τὸν
2323 3805 2593 3884 Ἰησοῦν,
2654 3802 2896 3883 ἔλαβον
2969 3798 3045 3867 τὰ
3078 3822 3140 3881 ²5

748 3931 969 4011 ἱμάτια
1024 3933 1245 4014 αὐτοῦ,
1283 3931 1390 3997 καί
1437 3930 1754 3998 ὲττοίι-ισαν
1799 3931 2087 4020 τέσσαρα
2142 3932 2329 4018 μέρη,
2366 3931 2625 4016 ἑκάστῳ
2678 3928 3048 4021 στρατιώτῃ

747 4061 965 4151 μέρος,
1037 4061 1144 4127 καί
1213 4059 1327 4128 τὸν
1397 4059 1662 4148 χιτῶνα.
1760 4053 1838 4123 ἦν
1911 4056 1981 4122 δὲ
2044 4057 2081 4125 ὀ
2153 4056 2348 4144 χιτὼν
2420 4054 2701 4144 ἄραφος,
2770 4056 2845 4121 ἐκ
2916 4056 3049 4124 τῶν

545 4217 617 4272 24
749 4186 1007 4254 ἄνωθεν
1077 4186 1366 4275 ὑφαντὸς
1438 4186 1509 4251 δι’
1580 4188 1762 4254 ὅλου.
1868 4177 2052 4249 εἶπον
2123 4179 2235 4249 οὖν
2297 4180 2462 4272 πρὸς
2532 4181 2866 4249 ἀλλήλους
2934 4180 3047 4246 ΛΜ

579 4320 622 4385 b
750 4312 1072 4403 σχίσωμεν
1126 4313 1344 4396 αὐτὸν,
1398 4311 1570 4378 ἀλλὰ
1627 4312 1932 4400 λάχωμεν
1988 4309 2139 4400 περὶ
2192 4309 2416 4392 αὐτοῦ,
2452 4306 2626 4376 τίνος
2678 4307 2882 4375 ἔσται·
2944 4308 3048 4375 ἰ’να

718 4555 766 4594 2.
802 4537 1030 4604 βασιλέα
1091 4536 1271 4592 Verba
1295 4559 1354 4605 κη
1392 4535 1873 4604 ὑσσῶν-βασιλέα
1899 4536 2090 4592 iterum
2117 4534 2307 4605 repetit
2332 4533 2477 4589 Aub.
2671 4548 2752 4587 11.
2790 4530 2962 4601 ἀληθῆ
2988 4528 3050 4587 Ε.

645 4624 731 4682 27.
769 4610 975 4683 ἄραφος
1056 4610 1330 4682 ,ἅρραφος
1407 4608 1442 4663 d
