3269 5166
358 451 435 518 [4
455 450 581 518 Md

650 352 779 415 180
979 351 1060 414 Β.
1101 347 1482 414 CYRILLI
1541 346 2081 411 ALEXANDR.
2138 344 2702 410 FRAGMENTA
2872 342 2956 407 iv.
2981 361 3034 408 2.

649 524 693 562 “
729 512 1030 619 λαλήσῃ
1069 515 1110 593 5
1144 510 1529 617 προφήτης
1561 513 1677 592 ἐπὶ
1725 517 1829 619 τῷ
1861 509 2164 610 ὀνόματί
2200 543 2361 609 μου,
2398 508 2539 611 ἐγὼ
2575 506 2928 608 ἐκδικήσω
2961 506 3044 613 ἐξ

646 648 692 685 “
727 638 1013 718 αὐτοῦ.”
1095 645 1251 721 πῶς
1305 638 1432 716 οὖν
1487 637 1620 740 οὐχ
1669 635 1953 738 ica-&poen
2015 635 2197 740 νὸμον
2248 628 2367 713 διαὶ
2414 632 2529 726 τ’ἧς
2579 636 2875 718 πίστεως
2921 629 3040 710 τὸν

642 760 813 865 παρ’
871 762 1091 842 αὐτοῦ
1154 761 1610 863 προσιέμενοι
1666 758 1942 860 λόγον;
2022 761 2138 837 καὶ
2194 756 2573 863 προφήτης
2631 755 3039 854 ὠνόμασται

645 883 763 965 διὰ
821 884 906 964 τὸ
965 884 1412 989 ἀνθρώπινον
1470 885 1510 963 5
1565 883 2059 982 Ἐμμανουήλ,
2109 883 2151 961 5
2193 885 2293 966 ὦς
2345 883 2422 961 ἐν
2473 878 2675 988 τάξει
2711 880 3040 963 Μωσέως

644 1007 944 1108 μεσίτης
982 1014 1177 1089 Θεοῦ
1222 1010 1340 1088 καὶ
1393 1006 1818 1109 ἀνθρώπων.
1886 1008 2002 1086 καὶ
2050 1004 2278 1088 πάλιν
2333 1006 2373 1117 5
2418 1003 2549 1103 μὲν
2587 1003 2804 1104 νόμος
2850 1002 2938 1104 ἦν
2970 1005 3041 1082 ἐν
3061 1025 3094 1085 5

644 1140 902 1230 σκιαῖς,
958 1131 1158 1232 πλὴν
1215 1132 1485 1212 ὠδίνων
1541 1134 1791 1235 ὁρᾶται
1855 1135 1983 1230 τῆς
2037 1131 2378 1229 ἀληθείας
2441 1127 2574 1229 τὴν
2627 1127 3036 1236 μόρφωσιν·

643 1257 773 1336 οὐκ
808 1258 1085 1359 ἀναιρεῖ
1126 1254 1203 1336 δὲ
1240 1254 1406 1340 τοὺς
1445 1258 1711 1339 τύπους
1747 1256 1793 1355 ἡ
1831 1252 2160 1354 ἀλήθεια,
2200 1254 2594 1354 καθίστησι
2625 1252 2704 1333 δὲ
2741 1256 3042 1361 ἐμφανε-

642 1381 965 1485 στέρους.

312 1588 616 1675 Κεφ.δ’.2
706 1594 779 1663 Εἰ
834 1598 958 1687 sdp'
996 1598 1297 1688 Ἀβραὰμ
1347 1598 1420 1666 ἐξ
1474 1597 1686 1686 ἕρπων
1738 1595 2118 1678 ἐδικαιώθη,
2171 1596 2304 1683 ἔχει
2360 1595 2658 1682 καύχημα
2713 1594 2857 1660 ἀλλ’
2919 1595 2989 1659 οὐ

307 2139 359 2190 Β.
372 2138 487 2189 Jao.
513 2139 567 2191 ii.

311 2218 387 2267 ¹7·

304 2270 386 2321 Ib.
413 2284 489 2334 πο,
514 2287 591 2323 21.

1560 1724 1725 1812 πρὸς
1778 1723 1893 1789 τὸν
1948 1723 2134 1788 Θεόν.
3066 1747 3128 1788 ιο

753 1875 1036 1974 Χρῆναι
1093 1869 1169 1950 δὲ
1226 1870 1746 1970 ὑπολαμβάνω,
1796 1870 1938 1976 ἔφη
1994 1904 2121 1967 τις,
2171 1866 2300 1949 τὸν
2353 1872 2515 1970 περὶ
2571 1876 2700 1947 τοῦ
2757 1866 3034 1972 προπά-

641 2029 849 2098 τορος
919 1994 1267 2096 Ἀβραὰμ.
1337 2001 2129 2096 πολυπραγμονοῦντας
2204 1991 2458 2093 λόγον,
2538 1993 2766 2071 ἐκεῖνο
2840 1998 3044 2072 εἰπεῖν

646 2118 952 2221 Εἴρηταί
1001 2153 1143 2199 που
1197 2119 1334 2198 τινὶ
1383 2124 1529 2197 τῶν
1580 2119 1807 2219 ἁγίων
1850 2122 2211 2217 μαθητῶν,
2251 2118 2420 2220 δίχα
2469 2121 2615 2194 τῶν
2651 2115 2890 2217 ἔργων
2924 2113 3044 2214 τὴν

642 2245 894 2324 πίστιν
939 2240 1117 2323 εἷναι
1169 2238 1446 2344 νεκράν·
1523 2240 1977 2345 προσεπάγει
2021 2239 2096 2321 δὲ
2132 2238 2411 2324 τούτοις
2454 2237 2539 2319 τό
2588 2248 2634 2285 “
2662 2236 2929 2322 Θέλεις
2974 2234 3044 2315 δὲ

641 2377 685 2415 “
721 2373 1009 2469 γνῶναι,
1054 2363 1113 2445 ὦ
1168 2366 1496 2466 ἄνθρωπε
1554 2365 1726 2463 κενὲ,
1788 2364 1897 2445 ὅτι
1948 2364 1994 2464 ἡ
2042 2363 2288 2448 πίστις
2345 2367 2562 2469 χωρὶς
2616 2368 2767 2441 τῶν
2825 2362 3043 2465 ἔργων
3069 2392 3126 2452 15

640 2501 684 2539 ‘⁶
720 2489 935 2591 νεκρά
989 2492 1231 2587 ἐστιν;
1301 2488 1626 2593 Ἀβραὰμ
1678 2490 1717 2568 5
1762 2488 2002 2592 πατὴρ
2042 2489 2243 2589 ἡμῶν
2298 2489 2428 2566 οὐκ
2481 2487 2571 2595 ἐξ
2611 2487 2851 2590 ἔργων
2905 2489 3036 2566 ἐδι·

639 2626 683 2663 “
719 2614 987 2714 καιώθη
1046 2615 1423 2716 ἀνενέγκας
1477 2613 1738 2694 Ἰσαὰκ
1792 2612 1921 2693 τὸν
1980 2613 2131 2693 υἱὸν
2185 2613 2403 2693 αὑτοῦ
2461 2615 2576 2692 ἐπὶ
2635 2610 2719 2691 τὸ
2782 2617 3033 2692 θυσια-

639 2749 684 2787 “
719 2736 1021 2841 στήριον
1046 2740 1112 2832 ;”
1178 2735 1286 2843 ἆρ’
1319 2736 1448 2819 οὖν
1484 2737 1844 2838 ἀλλήλοις
1881 2737 2223 2817 τάναντία
2263 2739 2495 2841 φασὶν
2531 2740 2597 2815 οἱ
2633 2770 3035 2836 πνευματο-

641 2860 906 2969 φόροι;
996 2864 1069 2941 τί
1122 2860 1250 2943 οὖν
1310 2861 1493 2965 πρὸς
1551 2861 1778 2942 ταῦτά
1836 2870 2130 2968 φαμεν;
2228 2866 2326 2944 εὶς
2372 2863 2599 2961 γῆρας
2657 2857 3042 2961 ἐληλακότι

638 2986 921 3086 λοιπὸν,
963 2987 1325 3087 ἀδοκήτως
1375 2987 1543 3067 λίαν
1590 2984 2088 3088 ἐπηγγέλλετο
2138 2986 2332 3090 αὐτῷ
2385 2981 2536 3063 υἱὸν
2572 2984 2614 3063 5
2651 2990 2804 3063 τῶν
2854 2983 3040 3063 ὅλων
3065 3010 3130 3048 20

639 3111 849 3196 Θεός·
932 3111 1218 3218 ἔφασκέ
1264 3145 1341 3190 τε
1399 3109 1509 3189 ὅτι
1559 3112 1650 3216 τῇ
1708 3116 1854 3189 τῶν
1909 3108 2203 3210 ἄστρων
2259 3106 2714 3215 ἀναριθμήτῳ
2772 3104 3046 3207 πληθύῖ

709 3306 761 3360 3.
797 3287 1138 3360 προσιέμενον
1162 3286 1293 3411 Seio)
1324 3287 1391 3341 B.
1774 3299 1933 3357 3—5.
1972 3286 2120 3341 Haec
2141 3283 2788 3367 προφήτης-ἀνθρώπων,
2818 3302 3035 3356 pergens

639 3357 721 3414 καὶ
744 3357 1133 3429 διαπορθμεύων
1154 3380 1180 3412 ε
1203 3381 1228 3414 ς
1250 3357 1384 3427 ἡμᾶς
1406 3361 1499 3412 τοῦ
1522 3357 1657 3412 ἰδίου
1690 3359 1887 3426 πατρὸς
1920 3360 2013 3426 τὴν
2047 3357 2185 3427 ἇπόρ
2220 3379 2344 3426 ητον
2374 3355 2636 3425 βούλησιν
2671 3365 2802 3411 citat
2840 3357 3036 3411 catena

634 3429 694 3483 in
734 3431 871 3485 Acta
914 3429 1015 3485 SS.
1040 3429 1233 3499 Apost.
1272 3428 1526 3483 Cramero
1562 3427 1712 3493 edita.
1741 3429 1820 3497 (p.
1846 3427 1939 3498 67)
1980 3426 2116 3482 Cod.
2159 3380 2298 3482 (fon.
2328 3427 2473 3482 Novi
2507 3427 2577 3498 58
2612 3426 2706 3482 fol.
2734 3442 2806 3498 25
2843 3446 2880 3480 v
2916 3443 3034 3481 cum

634 3500 793 3555 titulo
816 3504 908 3555 τοῦ
931 3499 1080 3572 ἁγίου
1106 3500 1355 3582 κυρίλλου
1380 3500 1435 3552 ἐκ
1457 3502 1551 3553 τοῦ
1572 3500 1705 3567 πρὸς
1726 3498 1983 3570 ρωμαίους
2004 3501 2164 3567 τόμου
2185 3497 2258 3563 β’.
2540 3516 2560 3551 1
2576 3516 2598 3550 1
2641 3515 2760 3569 sqq.
2840 3497 3035 3552 Scholii

635 3570 799 3642 hujus
835 3571 1065 3641 epitome
1090 3569 1344 3642 qulddam
1381 3569 1633 3624 exhibent
1669 3568 1902 3623 Catenae
1932 3568 1990 3622 in
2019 3568 2283 3639 Epistolas
2310 3567 2612 3623 Catholicae
2639 3569 2716 3635 (in
2742 3568 2911 3622 verba
2939 3567 3033 3649 Ep.

639 3641 698 3697 S.
714 3642 751 3696 J
754 3642 907 3697 acobi
922 3641 977 3695 ii.
999 3642 1111 3709 πο).
1163 3639 1392 3694 Exstant
1410 3640 1465 3693 in
1487 3639 1779 3694 Codicibus
1800 3638 1966 3694 Coisl.
1994 3653 2061 3709 25
2085 3640 2179 3694 fol.
2201 3652 2287 3711 25,
2310 3639 2532 3720 Colle-,gii
2551 3639 2693 3693 Novi
2710 3638 3032 3693 Oxoniensls

637 3712 706 3780 58
731 3712 822 3766 fol.
849 3714 947 3779 184
972 3729 1007 3765 v
1043 3710 1320 3780 (Cramero
1356 3710 1554 3775 editis),
1593 3709 2228 3775 MedicQo-Laurentiano
2271 3709 2414 3763 Plut.
2442 3727 2511 3763 vl.
2538 3723 2590 3776 5,
2624 3709 2941 3781 Mosquensi
2966 3724 3031 3778 97

638 3782 787 3847 (olim
814 3783 906 3852 98)
929 3781 1023 3836 fol.
1042 3799 1096 3852 9.
1166 3780 1409 3836 Titulum
1434 3779 1564 3835 dant
1598 3783 1694 3833 τοῦ
1728 3779 1878 3851 ἁγίου
1913 3782 2164 3849 κυρίλλου
2197 3781 2472 3852 [κυρίλλου
2502 3780 2874 3848 ἅλεξανδρείας
2899 3778 3031 3833 Cod.

641 3850 980 3907 Med.·Laur.
1018 3874 1079 3906 κν
1115 3854 1265 3906 ι’λλου
1292 3851 1428 3906 Cod.
1458 3849 1666 3922 Oxon.]
1707 3851 1764 3903 ἐκ
1798 3853 1888 3919 τῆς
1908 3872 1949 3904 π
2015 3873 2041 3907 ς
2068 3850 2323 3921 ῥωμαίους
2359 3851 2644 3919 ἐπιστολῆς
2678 3849 2892 3905 codices
2927 3860 3030 3903 tres

636 3921 858 3992 priores.
922 3922 1061 3977 Dein
1102 3940 1131 3976 e
1149 3922 1322 3990 ἐπειδὴ
1348 3924 1379 3975 5
1403 3923 1649 3992 μακάριος
1672 3921 1892 3985 ἷάκωβος
1964 3920 2217 3991 νᾶβραὰμ
2233 3923 2378 3993 λέγει
2396 3922 2456 3988 ἐξ
2478 3922 2647 3992 ἔργων
2669 3920 3030 3975 δεδικαιῶσθαι

635 3990 966 4063 ἆνενεγκόντα
1001 3992 1157 4047 Ζσαὰκ
1195 3994 1285 4047 τὸν
1319 3994 1432 4046 υἱὸν
1464 3992 1622 4046 αὐτοῦ
1658 3991 1742 4045 ἐπὶ
1776 3993 1837 4045 τὸ
1876 3990 2265 4062 θυσιαστήριον,
2302 3995 2332 4046 5
2368 3991 2425 4046 δὲ
2460 3995 2660 4049 παῦλος
2692 3990 2843 4063 λέγει
2879 3990 3031 4045 αὐτὸν

636 4062 694 4115 ἐκ
715 4063 942 4120 πίστεως
968 4062 1053 4134 [ἐκ
1074 4085 1131 4118 π.
1157 4062 1303 4133 λέγει
1337 4064 1492 4117 αὐτὸν
1517 4061 1653 4117 Cod.
1681 4060 2045 4133 Med.-Laur.]
2087 4062 2463 4125 δεδικαιῶσθαι,
2500 4060 2632 4116 οὕτω
2656 4062 2749 4130 τὴν
2773 4063 3030 4117 δοκοῦσαν

634 4131 958 4203 ἐναντιότητα
982 4132 1205 4202 νοητέον·
1245 4132 1324 4187 ὅτι
1346 4135 1449 4202 πρὸ
1471 4134 1566 4202 μὲν
1587 4138 1681 4188 τοῦ
1704 4134 1843 4204 ἔχειν
1864 4135 1955 4187 τὸν
1972 4132 2127 4188 laath:
2146 4133 2424 4188 ἐπίστευσε
2442 4133 2526 4186 καὶ
2549 4131 2741 4200 μισθὸν
2758 4132 2879 4205 [τῆς
2893 4129 3027 4187 Cod.

636 4202 820 4274 Μῦες.
843 4226 895 4258 τι
919 4202 1056 4258 Cod.
1085 4201 1453 4276 Med.-Laur.]
1491 4203 1720 4261 πίστεως
1752 4205 1917 4267 ἔλαβε
1940 4204 2031 4257 τὸν
2053 4203 2226 4258 ἷσαάκ·
2275 4203 2413 4273 ὅμως
2434 4204 2518 4257 καὶ
2542 4203 2629 4257 ὅτε
2663 4202 2908 4274 ἀνήνεγκε
2942 4203 3029 4256 τὸν

635 4273 793 4328 ἶσαὰκ
825 4273 910 4328 ἐπὶ
937 4276 998 4328 τὸ
1035 4272 1425 4343 θυσιαστήριον,
1462 4275 1524 4329 οὔ
1558 4278 1718 4344 μόνον
1749 4275 1810 4329 τὸ
1845 4276 2001 4346 ἔργον
2035 4273 2196 4329 ἐποίει
2232 4273 2261 4327 ὃ
2296 4277 2615 4344 προσετάγη,
2646 4274 2785 4328 ἆλλὰ
2821 4277 2907 4328 καὶ
2940 4274 3027 4342 τῆς

634 4343 863 4402 πίστεως
896 4344 986 4399 οὐκ
1027 4344 1248 4412 ἀπέστη,
1287 4344 1367 4399 ὅτι
1403 4346 1459 4399 έν
1499 4344 1656 4400 teari«
1687 4344 1873 4415 μέλλει
1909 4347 1969 4400 τὸ
2012 4344 2224 4416 σπέρμα
2265 4346 2423 4399 αὐτοῦ
2461 4345 2819 4413 πολυπληθεῖν
2855 4346 2926 4401 ὥς
2964 4343 3026 4397 τὰ

632 4415 823 4487 ἄστρα,
847 4416 1193 4485 λογισάμενος
1215 4413 1294 4468 ὅτι
1313 4416 1396 4469 καὶ
1421 4415 1476 4470 ἐκ
1500 4422 1692 4485 νεκρῶν
1704 4416 1897 4486 ἐγεῖραι
1919 4415 2133 4472 δυνατὸς
2147 4419 2176 4469 5
2192 4418 2339 4471 9⁶62·
2379 4415 2518 4483 ὅμως
2534 4418 2564 4469 5
2577 4418 2777 4472 παῦλος
2791 4415 3024 4484 μάρτυρα

633 4491 738 4541 τῶν
760 4485 900 4541 ίδίων
922 4488 1095 4557 λόγων
1119 4485 1202 4539 καὶ
1231 4485 1570 4556 συλλήπτορα
1597 4490 1815 4542 ποιεῖται
1842 4487 1933 4541 τὸν
1967 4488 2214 4557 μακάρων
2244 4487 2437 4555 auvam,
2460 4485 2624 4555 ἄνδρα
2658 4486 2939 4554 διαβόητον
2970 4483 3026 4536 έν

634 4557 874 4627 εὐσεβείᾳ
899 4555 983 4610 καὶ
1007 4557 1192 4628 σοφῶς
1219 4556 1537 4624 διασκευάζει
1560 4557 1629 4612 ὣς
1654 4557 1709 4611 ἐν
1732 4555 1978 4627 πνεύματι
2002 4559 2180 4611 λαλῶν
2213 4556 2307 4626 τὴν
2341 4557 2426 4611 διὰ
2464 4557 2692 4614 πίστεως
2723 4558 2922 4625 ὄφεσιν
2943 4555 3023 4609 καὶ

633 4627 933 4699 διαγγέλλει
954 4629 1117 4684 πᾶσιν
1138 4626 1442 4698 ἀνθρώπως·
1484 4625 1596 4697 ᾔδει
1618 4628 1722 4699 γὰρ
1746 4628 1802 4684 ἐν
1824 4631 2036 4702 Χριστῷ
2060 4628 2418 4698 παρεσομένην
2440 4629 2567 4683 κατὰ
2591 4626 2811 4697 καιρούς.
