3269 5166
290 420 396 486 [77
420 420 480 470 Μ
518 419 544 487 ]
591 334 722 397 310
983 333 1064 396 B.
1110 327 1486 396 CYRILLI
1536 326 2067 392 ALEXANDR.
2120 324 2385 389 FRAG.
2473 346 2578 387 xv.
2601 342 2710 402 40,
2741 340 2827 400 42
2853 342 2988 403 sqq.

591 502 737 577 τῶν
772 495 1077 603 φαύλων
1113 493 1440 600 ἐργάταις
1488 492 1572 572 τὸ
1620 493 1696 573 ἐν
1730 491 2010 598 εὐκλείᾳ
2065 495 2156 595 τῇ
2211 486 2409 590 παρὰ
2445 492 2637 566 Θεοῦ
2692 490 2985 590 στεφα-

594 626 898 701 νοῦσθαι
968 619 1247 723 πρέπει·
1349 616 1685 723 ταύτῃτοι
1757 613 2132 720 χρησίμως
2205 610 2569 717 διαφόρων
2642 609 2994 709 μέμνηται

593 739 1052 845 σπερμάτων,
1097 740 1201 826 οἷς
1261 744 1378 821 καὶ
1433 740 1734 838 διανέμει
1771 737 1977 835 Θεὸς,
2018 736 2179 816 καθ’
2221 769 2305 815 ον
2357 732 2447 813 ἀν
2504 731 2663 812 ελοι
2719 731 2997 834 τρόπον

594 864 825 965 αὐτὸς,
862 863 947 946 τὸ
998 868 1072 945 ἐν
1108 868 1356 973 τοιῷδε
1411 862 1633 968 τυχὸν
1681 861 1729 964 ἢ
1777 861 2059 969 ετεροίῳ
2110 857 2436 964 σχήματι
2492 856 2990 962 διαφέρεσθαι·

596 992 784 1098 φησὶ
821 989 962 1093 γάρ
1004 990 1213 1068 Καὶ
1188 1027 1216 1069 0
1254 990 1544 1095 σπείρεις
1584 992 1653 1067 οὐ
1687 1024 1758 1068 το
1798 1019 2010 1093 σωμαι
2047 1019 2117 1064 το
2154 984 2572 1088 γενησόμενον
2608 983 2921 1089 σπείρεις.
3030 1010 3066 1068 5

497 1234 575 1288 40
958 1221 1074 1287 Καὶ
1128 1221 1402 1297 σώματα
1456 1220 1816 1308 ἐπουράνια
1873 1220 1981 1285 καὶ
2036 1217 2310 1296 σώματα
2363 1216 2635 1288 ἐπίγεια.

712 1385 842 1470 Εἷς
877 1383 1008 1487 μὲν
1048 1388 1088 1465 ὁ
1127 1385 1349 1487 λόγος
1385 1381 1565 1465 καθὸ
1604 1390 1825 1481 σῶμα
1854 1382 2163 1462 ἑκάστου
2196 1384 2312 1462 καὶ
2348 1379 2507 1460 ἔστι
2536 1382 2652 1459 καὶ
2683 1380 3003 1480 λέγεται,

597 1510 940 1615 μερίζεται
978 1510 1053 1589 δὲ
1105 1514 1203 1594 εἷς
1242 1508 1554 1614 διάφορα
1600 1506 1771 1588 καθ’
1828 1506 2068 1611 ἕτερόν
2102 1540 2263 1586 τινα
2316 1504 2569 1606 λόγον·
2647 1506 2766 1582 καὶ
2822 1504 3005 1582 ἀνα-

597 1633 941 1729 βιώσεται
997 1632 1128 1730 μὲν
1169 1634 1242 1712 ἐν
1276 1632 1658 1739 ἀφθαρσίᾳ
1708 1629 1802 1710 τὰ
1849 1629 2143 1712 πάντων
2178 1629 2514 1727 σώματα,
2553 1625 2753 1726 πλὴν
2791 1625 3007 1706 ἔσται

598 1791 705 1841 τις
735 1754 1048 1863 διαφορὰ
1074 1756 1243 1856 περί
1273 1789 1358 1856 γε
1387 1753 1518 1853 τὴν
1548 1753 1773 1862 δόξαν
1802 1757 1917 1834 καὶ
1945 1752 2077 1854 τὴν
2112 1742 2557 1856 περιστολὴν
2593 1748 2682 1850 ἣν
2719 1755 3008 1831 ποιοῖτο
3041 1797 3126 1837 10

602 1877 811 1976 Θεὸς,
850 1878 940 1958 τὰ
973 1878 1155 1981 πρὸς
1193 1878 1404 1986 ἀξίαν
1438 1876 1723 1986 ἑκάστῳ
1760 1877 2131 1976 διανέμων.

673 2111 850 2175 Ἀλλ’
905 2112 1102 2199 ὲτὲρα
1154 2112 1273 2187 μὲν
1329 2113 1366 2176 ἡ
1426 2111 1559 2176 τῶν
1612 2107 2025 2196 ἐπουρανίων
2080 2108 2259 2187 δόξα,
2312 2110 2505 2196 ἑτέρα
2561 2108 2633 2175 δὲ
2688 2110 2727 2174 ἡ
2787 2109 2923 2174 τῶν

1632 2233 1959 2309 ἐπιτείων.

711 2402 988 2482 Ἰστέον
1033 2401 1141 2482 ὅτι
1198 2405 1408 2482 δυσὶν
1458 2402 1713 2503 ἀρτίως
1766 2401 2372 2504 παραδειγμάτων
2415 2407 2511 2484 εἷς
2564 2402 2795 2500 μέσον
2834 2403 3010 2502 ἡμῖν

600 2525 1233 2630 παρενηνεγμένοιν
1304 2534 1430 2606 τοῦ
1505 2559 1580 2605 τε
1656 2522 1839 2605 κατά
1898 2522 2023 2605 τὸν
2084 2524 2341 2606 κόκκον
2401 2529 2609 2631 φημὶ,
2685 2529 2805 2606 καὶ
2870 2535 3007 2608 τοῦ
3043 2572 3069 2612 1
3087 2570 3130 2629 5

602 2651 1130 2755 διεκφαίνοντος
1184 2649 1316 2750 τὴν
1360 2656 1505 2729 τῶν
1554 2648 1899 2750 οὐρανίων
1936 2648 2299 2747 σωμάτων
2352 2649 2484 2749 τὴν
2533 2652 2630 2734 ὦς
2685 2653 2763 2729 ἐν
2818 2648 3009 2758 δόξῃ

603 2774 977 2879 διαφορὰν,
1018 2775 1364 2878 ἀποφέρει
1413 2773 1588 2857 τέως
1637 2772 1836 2878 πρὸς·
1869 2772 2000 2872 τὴν
2036 2782 2163 2853 τοῦ
2210 2773 2499 2876 πρώτου
2537 2773 2837 2873 δύναμιν
2875 2779 3012 2876 τῆς

603 2906 748 2981 τῶν
786 2904 1051 3001 νεκρῶν
1087 2897 1558 2983 ἀναστάσεως
1593 2896 1993 3004 ἐμφέρειαν,
2036 2897 2161 2976 καί
2191 2903 2379 3004 φησι
2418 2896 2501 2978 τὸ
2537 2898 2729 3005 ἑξῆς·

354 3165 428 3220 42
453 3164 579 3224 sqq.
970 3132 1321 3222 Σπείρεται
1366 3134 1435 3198 ἐν
1493 3138 1734 3223 φθορᾷ,
1786 3132 2104 3222 ὲτείρεται
2159 3134 2229 3199 ὲν
2284 3130 2638 3223 ἀφθαρσίᾳ.

703 3296 990 3400 Ὅνπερ
1047 3293 1189 3400 γάρ
1245 3293 1513 3399 τρόπον
1569 3297 1608 3374 ὁ
1666 3303 1794 3375 τοῦ
1849 3297 2060 3376 σίτου
2125 3295 2377 3381 κόκκος
2436 3298 3013 3399 ἐγκαταβληθεὶς
3045 3347 3132 3386 20

605 3427 709 3528 τῷ
758 3420 985 3527 βώλῳ
1021 3418 1288 3521 γυμνὸς
1344 3421 1460 3498 καὶ
1514 3418 1779 3523 νεκρὸς,
1817 3421 1891 3499 ἐν
1934 3428 2338 3527 περιστολῇ
2381 3421 2721 3520 σώματος
2775 3426 2895 3503 καὶ
2931 3425 3014 3503 ἐν

606 3540 990 3647 προσθήκῃ
1041 3541 1357 3628 κάλλους
1404 3542 1683 3648 ἀναφὺς
1729 3540 2176 3645 θαυμάζεται,
2214 3544 2399 3624 κατὰ
2430 3542 2558 3624 τὸν
2593 3544 2813 3625 αὑτὸν
2846 3581 3016 3627 του-

609 3669 763 3746 τονὶ
808 3663 1075 3768 τρόπον
1111 3670 1227 3746 καὶ
1278 3667 1361 3746 τὸ
1411 3665 1857 3766 ἀνθρώπινον
1894 3674 2113 3765 σῶμα
2150 3670 2495 3774 σπείρεται
2532 3667 2663 3765 μὲν
2700 3669 2761 3750 ἓν
2797 3668 3016 3780 φθορᾷ

609 3794 726 3870 καὶ
778 3791 837 3870 ἐν
883 3787 1182 3900 ἀσθενείᾳ
1234 3824 1307 3870 τε
1364 3793 1479 3869 καὶ
1535 3792 1593 3870 ἐν
1639 3791 1909 3901 ἀτιμίᾳ,
1946 3790 2147 3891 πλὴν
2182 3790 2665 3888 ἀναβιώσεται
2713 3798 2887 3897 τιμῇ
2932 3828 3012 3873 τε

609 3916 728 3994 καὶ
776 3911 1134 4024 ἀφθαρσίᾳ
1171 3917 1288 3992 καὶ
1323 3911 1467 4012 μὴν
1502 3916 1619 3993 καὶ
1657 3909 1930 4019 δυνάμει
1971 3916 2632 4022 κατημφιασμένον.
2690 3915 2901 4022 ἄξιον
2937 3915 3016 3997 δὲ
3042 3950 3126 4009 25

610 4036 980 4138 θαυμάσαι
1029 4045 1156 4118 τοῦ
1207 4034 1554 4141 θεηγόρου
1607 4035 1740 4136 τὴν
1778 4041 2022 4142 νῆψιν·
2098 4039 2601 4139 ἐρηρεισμένην
2646 4037 2790 4141 γὰρ
2828 4039 3017 4145 ἔχων

608 4159 741 4261 τὴν
773 4161 1043 4258 πίστιν,
1082 4165 1196 4240 καὶ
1236 4159 1347 4239 ὅτι
1379 4157 1616 4260 πάντη
1654 4195 1731 4240 τε
1768 4165 1881 4240 καὶ
1918 4159 2207 4246 πάντως
2241 4160 2726 4257 ἀναβιώσεται
2761 4197 3018 4244 πεποι-

609 4283 780 4384 θὼς,
823 4290 1072 4390 σπορᾷ
1124 4282 1523 4387 παρεικάζει
1576 4282 1712 4383 τὴν
1749 4292 1876 4364 τοῦ
1930 4285 2270 4385 σώματος
2325 4283 2629 4393 φθορὰν,
2668 4286 3020 4393 εὐτέχνως

678 4491 731 4548 5.
768 4477 1210 4547 φησι-σπείρεις
1234 4487 1509 4550 assumpta
1533 4498 1597 4536 ex
1622 4480 1691 4534 Α.
1962 4480 2013 4536 6.
2058 4481 2178 4536 Hoc
2203 4480 2444 4537 scholion
2469 4489 2816 4553 assumptum
2842 4500 2909 4538 ex
2937 4482 3017 4539 H.

612 4566 697 4617 24.
736 4548 792 4602 ἐν
816 4548 905 4602 alt.
931 4565 1040 4601 om.
1072 4547 1276 4618 Migne.
