3269 5166
571 326 701 390 234
942 322 1020 387 B.
1061 320 1440 386 CYRILLI
1491 320 2021 388 ALEXANDB..
2079 322 2342 387 FRAG.
2431 321 2516 386 ix.
2543 342 2648 408 31,
2671 342 2778 408 33,
2809 343 2874 385 x.
2903 340 2968 387 2.

267 428 471 491 ΗΘΜ·
493 431 515 494 J

569 487 646 568 δὲ
693 486 1026 590 κήρυγμα
1073 486 1157 566 τὸ
1202 484 1665 589 εὖαγγελικὸν
1699 487 1984 567 ἄπλουν
2020 487 2108 567 τέ
2134 488 2292 568 ἐστι
2342 490 2457 566 καὶ
2508 484 2734 586 λόγος
2787 517 2974 565 συν-

570 610 1018 710 τετμημένος.

463 852 534 908 3Ῐ
1036 843 1304 933 Ἰσραὴλ
1358 843 1429 911 δὲ
1486 843 1749 909 διώκων
1804 844 2002 920 νόμον
2058 843 2498 914 δικαιοσύνης.

676 981 1102 1091 ’Ᾰποδιδοῦς
1157 1009 1393 1088 τοίνυν
1447 1007 1576 1091 τὰς
1629 1009 1857 1092 αἰτίας
1910 1015 2038 1088 τοῦ
2092 1004 2192 1106 μὴ
2246 1006 2524 1093 πάντας
2573 1011 2969 1087 σεσῶσθαι

565 1130 968 1227 Ἰουδαίους,
1030 1128 1233 1214 εὐθὺς
1304 1127 1663 1211 ἐπιπλέκει
1737 1137 1840 1237 τῷ
1914 1128 2117 1238 λόγῳ
2190 1137 2452 1229 θαῦμα,
2534 1130 2659 1211 καί
2728 1136 2970 1238 φησιν
2995 1157 3032 1217 5

555 1252 659 1332 Ὢ
712 1252 1128 1360 παραδόξου
1181 1250 1628 1357 πράγματος·
1688 1253 1733 1353 ἦ
1784 1260 1931 1333 τῶν
1982 1257 2473 1351 πλανωμένων
2525 1253 2812 1353 πληθὺς
2860 1254 2968 1353 μὴ

565 1377 838 1481 ἔχουσα
928 1375 1212 1457 σκοπὸν
1292 1376 1483 1460 ὅλως
1563 1379 2123 1478 ἀγαθοεργῆσαι,
2212 1379 2675 1469 δεδικαίωται,
2752 1378 2796 1456 ὃ
2885 1378 2968 1458 δὲ

565 1496 892 1603 Ἰσραὴλ,
959 1500 1185 1580 καίτοι
1251 1505 1354 1606 τῷ
1412 1497 1530 1578 διὰ
1596 1498 1930 1582 Μωσέως
1996 1497 2192 1609 νόμῳ
2253 1499 2435 1603 πρὸς
2499 1499 2967 1600 δικαιοσύνην

565 1622 1259 1723 παιδαγωγούμενος,
1321 1620 1662 1725 διήμαρτε
1724 1626 1850 1722 τῆς
1906 1625 2198 1708 ἐλπίδος
2260 1627 2379 1702 καὶ
2442 1622 2789 1728 ἀμετοχος
2842 1623 2966 1725 γε’-

566 1780 734 1851 γονε
796 1750 924 1845 τῆς
989 1753 1086 1831 εἷς
1143 1754 1354 1827 τοῦτο
1412 1752 1699 1851 δωρεᾶς.
1789 1748 1894 1830 τίς
1952 1747 2077 1826 οὖν
2138 1747 2183 1846 ἡ
2244 1748 2456 1845 αἰτία,
2517 1744 2795 1853 σαφής·
2874 1747 2966 1825 οὐ
3000 1775 3079 1817 10

566 1868 710 1973 γὰρ
772 1869 1235 1972 προσήκαντο
1308 1869 1442 1970 τὴν
1502 1868 1618 1950 διὰ
1689 1869 2001 1955 πίστεως
2071 1870 2438 1971 σωτηρίαν
2506 1870 2624 1950 καὶ
2686 1902 2822 1968 την
2885 1872 2965 1949 ἐν

565 1997 873 2101 Χριστῷ
931 1995 1434 2089 δικαίωσιν,ε
1400 1990 1744 2094 ἐνόμισαν
1810 1992 1886 2074 δὲ
1957 1994 2195 2076 αὐτοῖς
2258 1996 2495 2096 ἀρκεῖν
2556 1990 2649 2071 τὰ
2714 1995 2815 2077 ὡς
2879 1994 2962 2071 ἐν

566 2125 805 2201 σκιαῖς
851 2115 1254 2222 αὐχήματα.

467 2335 541 2393 33
1379 2307 1567 2376 Λίθον
1621 2310 2149 2397 προσκόμματος.

678 2472 796 2550 Οὐ
842 2470 984 2574 γὰρ
1021 2470 1252 2572 δήπου
1287 2470 1524 2578 φαμὲν
1560 2472 1671 2552 ὅτι
1721 2471 1839 2552 διὰ
1882 2479 2094 2552 τοῦτο
2137 2471 2341 2572 ἐτέθη
2378 2469 2703 2574 Χριστὸς
2740 2474 2820 2550 ἐν
2853 2474 2966 2578 τῷ
3000 2509 3077 2568 ¹5

562 2593 894 2697 Ἰσραὴλ,
946 2597 1114 2675 ἀλλ’
1170 2596 1407 2694 ἐπειδὴ
1462 2603 1676 2676 τοῦτο
1731 2597 2201 2699 προέγνωστο
2253 2601 2359 2704 τῷ
2409 2598 2594 2703 Θεῷ,
2643 2593 2730 2674 τὸ
2783 2594 2964 2675 ἐσό·

562 2750 778 2816 μενον
831 2718 1534 2825 προαναπεφῶνηκεν
1588 2719 2011 2820 ἀναγκαίως,
2076 2720 2172 2802 ὦς
2236 2720 2547 2797 κείσεται
2598 2714 2731 2815 μὲν
2788 2717 2956 2799 ὄλι-

564 2848 748 2926 σθος
803 2847 900 2927 εἶς
955 2877 1045 2922 τα
1099 2839 1401 2942 θεμέλια
1456 2841 1668 2941 Σιὼν,
1725 2841 2088 2942 μέλλουσι
2138 2840 2215 2923 δὲ
2266 2842 2712 2944 περιπίπτειν
2767 2843 2968 2949 αὐτῷ

565 2999 711 3045 των
755 2966 1123 3046 ἀσυνέτων
1163 2965 1366 3061 τινὲς,
1405 2969 1523 3045 καὶ
1565 2973 1780 3046 τοῦτο
1832 2964 2146 3070 πάσχειν
2195 2965 2285 3071 ἐξ
2327 2966 2700 3049 ἀπειθείας.
2769 2967 2967 3046 ἐποί-

566 3123 708 3171 ειτο
758 3089 834 3170 δε
882 3089 1014 3190 τὴν
1063 3087 1594 3193 προαγόρευσιν
1650 3091 2049 3194 χρησίμως,
2086 3090 2222 3194 οὐχ
2270 3122 2385 3168 ινα
2430 3088 2965 3195 προσκόψειαν,
2995 3135 3078 3176 20

566 3213 894 3293 ἀλλ’ἵνα
931 3210 1455 3317 προεγνωκότες
1491 3212 1816 3312 ἀμείνους
1868 3210 2190 3315 γένοιντο
2227 3220 2353 3292 τοῦ
2407 3219 2646 3292 κακοῦ.
2706 3213 2969 3293 οὐκοῦν

566 3333 866 3415 τέθειται
920 3336 1051 3436 μὲν
1086 3340 1126 3417 ὁ
1162 3334 1489 3440 Χριστος
1537 3340 1633 3420 ὡς
1691 3337 1897 3420 λίθος
1949 3336 2201 3435 τίμιος,
2239 3333 2439 3437 πλὴν
2489 3341 2639 3419 τοῖς
2693 3334 2828 3432 μὲν
2881 3335 2972 3443 ἐξ

566 3458 905 3540 ἀπιστίας
952 3458 1564 3562 προσκόπτουσιν,
1601 3458 1901 3563 ὄλεθρος
1936 3457 2026 3560 ἦν
2063 3460 2108 3558 ἡ
2146 3459 2374 3563 ζημία·
2449 3465 2597 3543 τοῖς
2633 3459 2712 3538 δὲ
2755 3493 2969 3540 πεπι-

565 3579 933 3678 στευκόσι,
972 3579 1112 3683 ζωὴ
1148 3586 1265 3663 καὶ
1303 3585 1668 3667 δικαίωσις
1704 3581 1789 3663 τὸ
1826 3581 2088 3685 κέρδος.

236 3819 391 3895 Κεφ.
418 3810 472 3879 ι’.
501 3833 539 3879 2
1352 3811 1692 3901 Μαρτυρῶ
1744 3812 1863 3901 Γὰρ
1920 3807 2158 3877 αὐτοῖς.
2997 3822 3082 3882 85

684 3978 1063 4080 Μαρτυρεῖ
1097 3976 1335 4055 τοίνυν
1371 3978 1607 4060 αὐτοῖς
1643 3975 1773 4056 τὸν
1807 3982 1904 4060 εἰς
1939 3976 2105 4058 Θεὶν
2147 3973 2371 4085 ζῆλον·
2448 3968 2648 4072 πλὴν
2685 3972 2966 4078 ἐλέγχει

568 4102 1180 4198 πεπλανημένους·
1289 4099 1396 4179 ὅτι
1473 4101 1634 4180 δέον
1698 4099 2074 4204 θαυμάζειν
2140 4099 2269 4179 τὸν
2329 4093 2659 4200 Χριστὸν
2724 4096 2815 4204 ἐξ
2867 4093 2969 4177 ὧν

570 4342 692 4450 avg.
724 4324 845 4380 Hoc
881 4344 938 4380 so„
922 4326 1122 4380 holion
1159 4327 1463 4398 suppeditat
1488 4328 1555 4383 A.
1593 4347 1646 4399 p.
1672 4330 1797 4398 396,
1870 4336 2037 4383 artem
2061 4335 2238 4382 autem
2261 4326 2636 4452 gotta-iorem,
2665 4324 2969 4381 ermae-

568 4483 622 4520 m
663 4394 1646 4524 sssssszefflssssfflffi‘ffiffiss.
1653 4397 2187 4537 1353&ssssss
2210 4415 2243 4451 ²
2338 4396 2522 4467 own*
2478 4395 2966 4533 ..affixxszffi

568 4554 641 4589 no
681 4539 725 4590 is
752 4535 1055 4607 suppeditat
1081 4539 1146 4592 A.
1170 4555 1224 4607 p.
1244 4554 1367 4604 400.
1585 4554 1672 4607 25.
1715 4539 1836 4594 Hoc
1862 4539 2103 4595 scholion
2127 4537 2283 4593 nobie
2309 4536 2614 4609 suppeditat
2641 4539 2709 4591 A.
2735 4554 2788 4608 p.
2813 4552 2940 4606 ⁴05·
