<?xml version="1.0" encoding="UTF-8"?>
<!DOCTYPE html PUBLIC "-//W3C//DTD XHTML 1.0 Transitional//EN"
    "http://www.w3.org/TR/xhtml1/DTD/xhtml1-transitional.dtd">
<html xmlns="http://www.w3.org/1999/xhtml" xml:lang="en" lang="en">
 <head>
  <title>
</title>
<meta http-equiv="Content-Type" content="text/html;charset=utf-8" />
  <meta name='ocr-system' content='tesseract 3.04.00' />
  <meta name='ocr-capabilities' content='ocr_page ocr_carea ocr_par ocr_line ocrx_word'/>
</head>
<body>
  <div class='ocr_page' id='page_1' title='image "./indjoannisevang00pusegoog_0022.png"; bbox 0 0 3269 5166; ppageno 0'>
   <div class='ocr_carea' id='block_1_1' title="bbox 636 338 3044 426">
    <p class='ocr_par' dir='ltr' id='par_1_1' title="bbox 636 338 3044 426">
     <span class='ocr_line' id='line_1_1' title="bbox 636 338 3044 426; baseline 0.002 -27"><span class='ocrx_word' id='word_1_1' title='bbox 636 338 678 399; x_wconf 83' lang='lat'><em>8</em></span> <span class='ocrx_word' id='word_1_2' title='bbox 1245 339 1323 403; x_wconf 91' lang='grc' dir='ltr'>Β.</span> <span class='ocrx_word' id='word_1_3' title='bbox 1372 339 1792 405; x_wconf 85' lang='lat' dir='ltr'>CYRILLI</span> <span class='ocrx_word' id='word_1_4' title='bbox 1853 339 2430 406; x_wconf 87' lang='lat' dir='ltr'><strong>ALEXANDR.</strong></span> <span class='ocrx_word' id='word_1_5' title='bbox 2757 339 2910 404; x_wconf 83' lang='lat' dir='ltr'><strong>xvii.</strong></span> <span class='ocrx_word' id='word_1_6' title='bbox 2939 356 3044 426; x_wconf 87' lang='lat'>25.</span> 
     </span>
    </p>
   </div>
   <div class='ocr_carea' id='block_1_2' title="bbox 575 502 3152 2354">
    <p class='ocr_par' dir='ltr' id='par_1_2' title="bbox 638 502 3046 736">
     <span class='ocr_line' id='line_1_2' title="bbox 638 502 3046 616; baseline 0.003 -34"><span class='ocrx_word' id='word_1_7' title='bbox 638 502 961 601; x_wconf 89' lang='grc' dir='ltr'>δύναμιν,</span> <span class='ocrx_word' id='word_1_8' title='bbox 1016 507 1133 584; x_wconf 86' lang='grc' dir='ltr'>καὶ</span> <span class='ocrx_word' id='word_1_9' title='bbox 1192 504 1299 585; x_wconf 79' lang='grc' dir='ltr'>ὅτι</span> <span class='ocrx_word' id='word_1_10' title='bbox 1357 505 1830 611; x_wconf 75' lang='grc' dir='ltr'>προέγνωστο</span> <span class='ocrx_word' id='word_1_11' title='bbox 1890 506 2019 606; x_wconf 77' lang='grc' dir='ltr'>μὲν</span> <span class='ocrx_word' id='word_1_12' title='bbox 2077 514 2181 616; x_wconf 76' lang='grc' dir='ltr'>τῷ</span> <span class='ocrx_word' id='word_1_13' title='bbox 2224 511 2393 614; x_wconf 76' lang='grc' dir='ltr'>Θεῷ</span> <span class='ocrx_word' id='word_1_14' title='bbox 2451 508 2568 587; x_wconf 82' lang='grc' dir='ltr'>καὶ</span> <span class='ocrx_word' id='word_1_15' title='bbox 2620 507 2859 608; x_wconf 84' lang='grc' dir='ltr'>Πατρὶ</span> <span class='ocrx_word' id='word_1_16' title='bbox 2917 509 3046 603; x_wconf 87' lang='grc' dir='ltr'>τῆς</span> 
     </span>
     <span class='ocr_line' id='line_1_3' title="bbox 639 628 3045 736; baseline 0.003 -29"><span class='ocrx_word' id='word_1_17' title='bbox 639 628 981 731; x_wconf 84' lang='grc' dir='ltr'>ἡμετέρας</span> <span class='ocrx_word' id='word_1_18' title='bbox 1014 631 1376 733; x_wconf 80' lang='grc' dir='ltr'>σωτηρίας</span> <span class='ocrx_word' id='word_1_19' title='bbox 1411 631 1457 730; x_wconf 87' lang='grc' dir='ltr'><strong><em>ἡ</em></strong></span> <span class='ocrx_word' id='word_1_20' title='bbox 1495 630 1681 729; x_wconf 80' lang='grc' dir='ltr'>ὁδὸς,</span> <span class='ocrx_word' id='word_1_21' title='bbox 1718 632 1763 732; x_wconf 86' lang='grc' dir='ltr'><strong><em>ἡ</em></strong></span> <span class='ocrx_word' id='word_1_22' title='bbox 1802 630 1918 712; x_wconf 82' lang='grc' dir='ltr'>διὰ</span> <span class='ocrx_word' id='word_1_23' title='bbox 1954 637 2082 732; x_wconf 90' lang='grc' dir='ltr'>τῆς</span> <span class='ocrx_word' id='word_1_24' title='bbox 2127 640 2255 713; x_wconf 93' lang='grc' dir='ltr'>τοῦ</span> <span class='ocrx_word' id='word_1_25' title='bbox 2304 638 2637 736; x_wconf 84' lang='grc' dir='ltr'>Χριστοῦ</span> <span class='ocrx_word' id='word_1_26' title='bbox 2683 631 3045 729; x_wconf 89' lang='grc' dir='ltr'>μεσιτείας</span> 
     </span>
    </p>

    <p class='ocr_par' dir='ltr' id='par_1_3' title="bbox 575 751 3152 2354">
     <span class='ocr_line' id='line_1_4' title="bbox 575 751 3043 863; baseline 0.002 -31"><span class='ocrx_word' id='word_1_27' title='bbox 575 759 618 824; x_wconf 81' lang='lat' dir='ltr'>d</span> <span class='ocrx_word' id='word_1_28' title='bbox 644 754 1138 854; x_wconf 85' lang='grc' dir='ltr'>τετελεσμένη.</span> <span class='ocrx_word' id='word_1_29' title='bbox 1218 751 1429 854; x_wconf 84' lang='grc' dir='ltr'>ἐδόθη</span> <span class='ocrx_word' id='word_1_30' title='bbox 1484 754 1615 855; x_wconf 73' lang='grc' dir='ltr'>μὲν</span> <span class='ocrx_word' id='word_1_31' title='bbox 1660 756 1786 836; x_wconf 77' lang='grc' dir='ltr'>οὖν</span> <span class='ocrx_word' id='word_1_32' title='bbox 1845 758 1972 837; x_wconf 81' lang='grc' dir='ltr'>οὐκ</span> <span class='ocrx_word' id='word_1_33' title='bbox 2019 760 2096 836; x_wconf 83' lang='grc' dir='ltr'>ἐν</span> <span class='ocrx_word' id='word_1_34' title='bbox 2150 759 2404 863; x_wconf 87' lang='grc' dir='ltr'>ἀρχαῖς</span> <span class='ocrx_word' id='word_1_35' title='bbox 2453 762 2604 839; x_wconf 86' lang='grc' dir='ltr'>τοῖς</span> <span class='ocrx_word' id='word_1_36' title='bbox 2657 756 2772 836; x_wconf 81' lang='grc' dir='ltr'>ἐπὶ</span> <span class='ocrx_word' id='word_1_37' title='bbox 2826 758 2960 856; x_wconf 85' lang='grc' dir='ltr'>γῆς</span> <span class='ocrx_word' id='word_1_38' title='bbox 2997 754 3043 853; x_wconf 85' lang='grc' dir='ltr'><strong><em>ἡ</em></strong></span> 
     </span>
     <span class='ocr_line' id='line_1_5' title="bbox 641 876 3045 985; baseline -0 -26"><span class='ocrx_word' id='word_1_39' title='bbox 641 886 935 981; x_wconf 88' lang='grc' dir='ltr'>γνῶσις,</span> <span class='ocrx_word' id='word_1_40' title='bbox 1001 876 1199 959; x_wconf 83' lang='grc' dir='ltr'>ἀλλά</span> <span class='ocrx_word' id='word_1_41' title='bbox 1253 882 1642 981; x_wconf 83' lang='grc' dir='ltr'>παρεισέδυ</span> <span class='ocrx_word' id='word_1_42' title='bbox 1704 878 1919 981; x_wconf 90' lang='grc' dir='ltr'>νόμος</span> <span class='ocrx_word' id='word_1_43' title='bbox 1978 882 2018 960; x_wconf 83' lang='grc' dir='ltr'><em>ὃ</em></span> <span class='ocrx_word' id='word_1_44' title='bbox 2082 878 2545 985; x_wconf 76' lang='grc' dir='ltr'>παιδαγωγὸς</span> <span class='ocrx_word' id='word_1_45' title='bbox 2611 884 2739 980; x_wconf 87' lang='grc' dir='ltr'>τῆς</span> <span class='ocrx_word' id='word_1_46' title='bbox 2801 877 3045 959; x_wconf 80' lang='grc' dir='ltr'>ἐνθέου</span> 
     </span>
     <span class='ocr_line' id='line_1_6' title="bbox 638 1001 3108 1107; baseline 0.001 -23"><span class='ocrx_word' id='word_1_47' title='bbox 638 1003 1021 1099; x_wconf 87' lang='grc' dir='ltr'>πολιτείας,</span> <span class='ocrx_word' id='word_1_48' title='bbox 1060 1002 1521 1084; x_wconf 88' lang='grc' dir='ltr'>διαπλάττων</span> <span class='ocrx_word' id='word_1_49' title='bbox 1564 1005 1734 1103; x_wconf 85' lang='grc' dir='ltr'>ἡμῖν</span> <span class='ocrx_word' id='word_1_50' title='bbox 1773 1003 2095 1107; x_wconf 82' lang='grc' dir='ltr'>ἀμυδρὰν</span> <span class='ocrx_word' id='word_1_51' title='bbox 2142 1006 2218 1084; x_wconf 83' lang='grc' dir='ltr'>ἐν</span> <span class='ocrx_word' id='word_1_52' title='bbox 2266 1008 2514 1088; x_wconf 89' lang='grc' dir='ltr'>τύποις</span> <span class='ocrx_word' id='word_1_53' title='bbox 2569 1001 2702 1098; x_wconf 85' lang='grc' dir='ltr'>τὴν</span> <span class='ocrx_word' id='word_1_54' title='bbox 2746 1003 3041 1103; x_wconf 82' lang='grc' dir='ltr'>εἴδησιν,</span> <span class='ocrx_word' id='word_1_55' title='bbox 3071 1027 3108 1087; x_wconf 87' lang='grc'><strong>5</strong></span> 
     </span>
     <span class='ocr_line' id='line_1_7' title="bbox 639 1125 3045 1236; baseline -0 -30"><span class='ocrx_word' id='word_1_56' title='bbox 639 1132 861 1235; x_wconf 73' lang='grc' dir='ltr'>καιρῷ</span> <span class='ocrx_word' id='word_1_57' title='bbox 912 1129 1016 1236; x_wconf 72' lang='grc' dir='ltr'>τῷ</span> <span class='ocrx_word' id='word_1_58' title='bbox 1066 1125 1412 1232; x_wconf 80' lang='grc' dir='ltr'>πρέποντι</span> <span class='ocrx_word' id='word_1_59' title='bbox 1463 1127 1593 1228; x_wconf 87' lang='grc' dir='ltr'>τὴν</span> <span class='ocrx_word' id='word_1_60' title='bbox 1631 1127 1748 1209; x_wconf 79' lang='grc' dir='ltr'>διὰ</span> <span class='ocrx_word' id='word_1_61' title='bbox 1797 1138 1925 1210; x_wconf 93' lang='grc' dir='ltr'>τοῦ</span> <span class='ocrx_word' id='word_1_62' title='bbox 1965 1133 2300 1230; x_wconf 87' lang='grc' dir='ltr'>Σωτῆρος</span> <span class='ocrx_word' id='word_1_63' title='bbox 2334 1128 2788 1230; x_wconf 83' lang='grc' dir='ltr'>τηρήσαντος</span> <span class='ocrx_word' id='word_1_64' title='bbox 2830 1127 3045 1232; x_wconf 87' lang='grc' dir='ltr'>χάριν</span> 
     </span>
     <span class='ocr_line' id='line_1_8' title="bbox 637 1251 3045 1361; baseline 0 -30"><span class='ocrx_word' id='word_1_65' title='bbox 637 1261 767 1332; x_wconf 88' lang='grc' dir='ltr'>τοῦ</span> <span class='ocrx_word' id='word_1_66' title='bbox 823 1257 1018 1333; x_wconf 84' lang='grc' dir='ltr'>Θεοῦ</span> <span class='ocrx_word' id='word_1_67' title='bbox 1078 1255 1195 1332; x_wconf 80' lang='grc' dir='ltr'>καὶ</span> <span class='ocrx_word' id='word_1_68' title='bbox 1256 1251 1574 1355; x_wconf 87' lang='grc' dir='ltr'>Πατρός.</span> <span class='ocrx_word' id='word_1_69' title='bbox 1683 1252 2076 1354; x_wconf 84' lang='grc' dir='ltr'>λυσιτελὴς</span> <span class='ocrx_word' id='word_1_70' title='bbox 2133 1252 2210 1334; x_wconf 77' lang='grc' dir='ltr'>δὲ</span> <span class='ocrx_word' id='word_1_71' title='bbox 2261 1253 2556 1361; x_wconf 88' lang='grc' dir='ltr'>σφόδρα</span> <span class='ocrx_word' id='word_1_72' title='bbox 2611 1255 2730 1333; x_wconf 80' lang='grc' dir='ltr'>καὶ</span> <span class='ocrx_word' id='word_1_73' title='bbox 2777 1251 2822 1352; x_wconf 86' lang='grc' dir='ltr'><strong><em>ἡ</em></strong></span> <span class='ocrx_word' id='word_1_74' title='bbox 2880 1255 3045 1354; x_wconf 81' lang='grc' dir='ltr'>περὶ</span> 
     </span>
     <span class='ocr_line' id='line_1_9' title="bbox 636 1375 3047 1483; baseline 0.002 -28"><span class='ocrx_word' id='word_1_75' title='bbox 636 1375 910 1457; x_wconf 90' lang='grc' dir='ltr'>τούτων</span> <span class='ocrx_word' id='word_1_76' title='bbox 973 1378 1141 1477; x_wconf 85' lang='grc' dir='ltr'>ἡμῖν</span> <span class='ocrx_word' id='word_1_77' title='bbox 1204 1377 1670 1483; x_wconf 81' lang='grc' dir='ltr'>ἀναφαίνεται</span> <span class='ocrx_word' id='word_1_78' title='bbox 1734 1384 2005 1479; x_wconf 89' lang='grc' dir='ltr'>γνῶσις</span> <span class='ocrx_word' id='word_1_79' title='bbox 2066 1375 2248 1480; x_wconf 77' lang='grc' dir='ltr'>πρὸς</span> <span class='ocrx_word' id='word_1_80' title='bbox 2315 1377 2717 1456; x_wconf 70' lang='grc' dir='ltr'>κατάλυσιν</span> <span class='ocrx_word' id='word_1_81' title='bbox 2774 1376 3047 1481; x_wconf 83' lang='grc' dir='ltr'>ὀφρύος</span> 
     </span>
     <span class='ocr_line' id='line_1_10' title="bbox 634 1497 3039 1608; baseline -0.001 -27"><span class='ocrx_word' id='word_1_82' title='bbox 634 1501 1028 1600; x_wconf 83' lang='grc' dir='ltr'>Ἰουδαϊκῆς</span> <span class='ocrx_word' id='word_1_83' title='bbox 1081 1502 1199 1580; x_wconf 79' lang='grc' dir='ltr'>καὶ</span> <span class='ocrx_word' id='word_1_84' title='bbox 1250 1500 1726 1608; x_wconf 69' lang='grc' dir='ltr'>φρυάγματος</span> <span class='ocrx_word' id='word_1_85' title='bbox 1779 1502 2078 1581; x_wconf 83' lang='grc' dir='ltr'>ἀνοσίου</span> <span class='ocrx_word' id='word_1_86' title='bbox 2122 1508 2267 1580; x_wconf 89' lang='grc' dir='ltr'>τῶν</span> <span class='ocrx_word' id='word_1_87' title='bbox 2317 1500 2407 1607; x_wconf 80' lang='grc' dir='ltr'>ἐξ</span> <span class='ocrx_word' id='word_1_88' title='bbox 2436 1497 2767 1603; x_wconf 76' lang='grc' dir='ltr'>Ἰσραὴλ,</span> <span class='ocrx_word' id='word_1_89' title='bbox 2806 1533 3039 1598; x_wconf 87' lang='grc' dir='ltr'>συνη-</span> 
     </span>
     <span class='ocr_line' id='line_1_11' title="bbox 637 1622 3151 1734; baseline 0 -27"><span class='ocrx_word' id='word_1_90' title='bbox 637 1634 876 1730; x_wconf 87' lang='grc' dir='ltr'>γορεΐν</span> <span class='ocrx_word' id='word_1_91' title='bbox 949 1624 1309 1727; x_wconf 79' lang='grc' dir='ltr'>ἑλομένων</span> <span class='ocrx_word' id='word_1_92' title='bbox 1382 1632 1602 1706; x_wconf 79' lang='grc' dir='ltr'>εἰσαεὶ</span> <span class='ocrx_word' id='word_1_93' title='bbox 1674 1631 1778 1734; x_wconf 77' lang='grc' dir='ltr'>τῷ</span> <span class='ocrx_word' id='word_1_94' title='bbox 1852 1624 2046 1734; x_wconf 76' lang='grc' dir='ltr'>νόμῳ</span> <span class='ocrx_word' id='word_1_95' title='bbox 2116 1629 2233 1705; x_wconf 83' lang='grc' dir='ltr'>καὶ</span> <span class='ocrx_word' id='word_1_96' title='bbox 2309 1626 2426 1706; x_wconf 79' lang='grc' dir='ltr'>ὅτε</span> <span class='ocrx_word' id='word_1_97' title='bbox 2505 1629 2632 1725; x_wconf 87' lang='grc' dir='ltr'>τῆς</span> <span class='ocrx_word' id='word_1_98' title='bbox 2705 1622 3044 1724; x_wconf 82' lang='grc' dir='ltr'>ἀληθείας</span> <span class='ocrx_word' id='word_1_99' title='bbox 3075 1665 3151 1707; x_wconf 88' lang='lat'>10</span> 
     </span>
     <span class='ocr_line' id='line_1_12' title="bbox 636 1740 3136 1854; baseline 0 -22"><span class='ocrx_word' id='word_1_100' title='bbox 636 1751 1014 1854; x_wconf 84' lang='grc' dir='ltr'>παρούσης</span> <span class='ocrx_word' id='word_1_101' title='bbox 1077 1748 1246 1853; x_wconf 82' lang='grc' dir='ltr'>παρ’</span> <span class='ocrx_word' id='word_1_102' title='bbox 1313 1750 1517 1831; x_wconf 76' lang='grc' dir='ltr'>οὐδὲν</span> <span class='ocrx_word' id='word_1_103' title='bbox 1580 1749 1725 1831; x_wconf 83' lang='grc' dir='ltr'>ἐ’δει</span> <span class='ocrx_word' id='word_1_104' title='bbox 1782 1748 2044 1831; x_wconf 79' lang='grc' dir='ltr'>λοιπὸν</span> <span class='ocrx_word' id='word_1_105' title='bbox 2100 1756 2465 1832; x_wconf 85' lang='grc' dir='ltr'>ποιεῖσθαι</span> <span class='ocrx_word' id='word_1_106' title='bbox 2522 1746 2689 1836; x_wconf 80' lang='grc' dir='ltr'>τοῦς</span> <span class='ocrx_word' id='word_1_107' title='bbox 2750 1748 3043 1836; x_wconf 78' lang='grc' dir='ltr'>τύπους.</span> <span class='ocrx_word' id='word_1_108' title='bbox 3131 1740 3136 1745; x_wconf 39' lang='grc'><strong><em>’</em></strong></span> 
     </span>
     <span class='ocr_line' id='line_1_13' title="bbox 638 1871 3037 1982; baseline -0.002 -25"><span class='ocrx_word' id='word_1_109' title='bbox 638 1875 1157 1982; x_wconf 83' lang='grc' dir='ltr'>χρησιμωτάτη</span> <span class='ocrx_word' id='word_1_110' title='bbox 1209 1873 1284 1955; x_wconf 82' lang='grc' dir='ltr'>δὲ</span> <span class='ocrx_word' id='word_1_111' title='bbox 1334 1872 1632 1982; x_wconf 89' lang='grc' dir='ltr'>σφόδρα</span> <span class='ocrx_word' id='word_1_112' title='bbox 1682 1879 1800 1955; x_wconf 84' lang='grc' dir='ltr'>καὶ</span> <span class='ocrx_word' id='word_1_113' title='bbox 1854 1871 2038 1978; x_wconf 74' lang='grc' dir='ltr'>πρὸς</span> <span class='ocrx_word' id='word_1_114' title='bbox 2091 1876 2223 1974; x_wconf 87' lang='grc' dir='ltr'>τὴν</span> <span class='ocrx_word' id='word_1_115' title='bbox 2258 1881 2402 1955; x_wconf 90' lang='grc' dir='ltr'>τῶν</span> <span class='ocrx_word' id='word_1_116' title='bbox 2436 1873 2693 1978; x_wconf 87' lang='grc' dir='ltr'>ἑτέρων</span> <span class='ocrx_word' id='word_1_117' title='bbox 2729 1875 3037 1978; x_wconf 90' lang='grc' dir='ltr'>ἀνατρο-</span> 
     </span>
     <span class='ocr_line' id='line_1_14' title="bbox 638 1994 3047 2104; baseline -0 -25"><span class='ocrx_word' id='word_1_118' title='bbox 638 2000 807 2099; x_wconf 88' lang='grc' dir='ltr'>πὴν,</span> <span class='ocrx_word' id='word_1_119' title='bbox 872 1999 1210 2099; x_wconf 79' lang='grc' dir='ltr'>οἰομένων</span> <span class='ocrx_word' id='word_1_120' title='bbox 1283 1999 1395 2079; x_wconf 79' lang='grc' dir='ltr'>ὅτι</span> <span class='ocrx_word' id='word_1_121' title='bbox 1467 1998 1899 2104; x_wconf 84' lang='grc' dir='ltr'>πρόσφατος</span> <span class='ocrx_word' id='word_1_122' title='bbox 1973 1999 2142 2098; x_wconf 84' lang='grc' dir='ltr'>ἡμῖν</span> <span class='ocrx_word' id='word_1_123' title='bbox 2214 2001 2331 2079; x_wconf 83' lang='grc' dir='ltr'>καὶ</span> <span class='ocrx_word' id='word_1_124' title='bbox 2409 1998 2534 2079; x_wconf 85' lang='grc' dir='ltr'>νεά</span> <span class='ocrx_word' id='word_1_125' title='bbox 2603 1994 2841 2096; x_wconf 85' lang='grc' dir='ltr'>βουλὴ</span> <span class='ocrx_word' id='word_1_126' title='bbox 2916 2006 3047 2078; x_wconf 90' lang='grc' dir='ltr'>τοῦ</span> 
     </span>
     <span class='ocr_line' id='line_1_15' title="bbox 645 2121 3045 2230; baseline -0.001 -25"><span class='ocrx_word' id='word_1_127' title='bbox 645 2122 939 2228; x_wconf 79' lang='grc' dir='ltr'>Πατρὸς</span> <span class='ocrx_word' id='word_1_128' title='bbox 1000 2123 1133 2222; x_wconf 87' lang='grc' dir='ltr'>τὴν</span> <span class='ocrx_word' id='word_1_129' title='bbox 1195 2132 1323 2203; x_wconf 91' lang='grc' dir='ltr'>τοῦ</span> <span class='ocrx_word' id='word_1_130' title='bbox 1381 2124 1784 2227; x_wconf 85' lang='grc' dir='ltr'>μυστηρίου</span> <span class='ocrx_word' id='word_1_131' title='bbox 1843 2122 2144 2221; x_wconf 86' lang='grc' dir='ltr'>δύναμιν</span> <span class='ocrx_word' id='word_1_132' title='bbox 2208 2121 2822 2230; x_wconf 81' lang='grc' dir='ltr'>ἐξεμηχανήσατο.</span> <span class='ocrx_word' id='word_1_133' title='bbox 2927 2121 3045 2203; x_wconf 79' lang='grc' dir='ltr'>διὰ</span> 
     </span>
     <span class='ocr_line' id='line_1_16' title="bbox 640 2245 3152 2354; baseline 0 -26"><span class='ocrx_word' id='word_1_134' title='bbox 640 2258 854 2329; x_wconf 90' lang='grc' dir='ltr'>τοῦτο</span> <span class='ocrx_word' id='word_1_135' title='bbox 899 2251 1014 2328; x_wconf 81' lang='grc' dir='ltr'>καὶ</span> <span class='ocrx_word' id='word_1_136' title='bbox 1066 2249 1107 2327; x_wconf 82' lang='grc' dir='ltr'><em>ὃ</em></span> <span class='ocrx_word' id='word_1_137' title='bbox 1147 2254 1447 2333; x_wconf 86' lang='grc' dir='ltr'>Παῦλος</span> <span class='ocrx_word' id='word_1_138' title='bbox 1500 2246 1633 2348; x_wconf 86' lang='grc' dir='ltr'>τὴν</span> <span class='ocrx_word' id='word_1_139' title='bbox 1684 2253 1830 2327; x_wconf 93' lang='grc' dir='ltr'>τῶν</span> <span class='ocrx_word' id='word_1_140' title='bbox 1876 2248 2063 2328; x_wconf 81' lang='grc' dir='ltr'>οὕτω</span> <span class='ocrx_word' id='word_1_141' title='bbox 2120 2248 2616 2347; x_wconf 80' lang='grc' dir='ltr'>διατιθεμένων</span> <span class='ocrx_word' id='word_1_142' title='bbox 2669 2245 3044 2354; x_wconf 77' lang='grc' dir='ltr'>ὑπόληψιν</span> <span class='ocrx_word' id='word_1_143' title='bbox 3075 2285 3152 2346; x_wconf 88' lang='lat'>15</span> 
     </span>
    </p>
   </div>
   <div class='ocr_carea' id='block_1_3' title="bbox 303 2370 3046 2478">
    <p class='ocr_par' dir='ltr' id='par_1_4' title="bbox 303 2370 3046 2478">
     <span class='ocr_line' id='line_1_17' title="bbox 303 2370 3046 2478; baseline -0.001 -23"><span class='ocrx_word' id='word_1_144' title='bbox 303 2394 620 2457; x_wconf 79' lang='lat' dir='ltr'><strong>1006A.&#39;a</strong></span> <span class='ocrx_word' id='word_1_145' title='bbox 643 2376 973 2478; x_wconf 83' lang='grc' dir='ltr'>ἀναιρῶν,</span> <span class='ocrx_word' id='word_1_146' title='bbox 1046 2373 1187 2478; x_wconf 81' lang='grc' dir='ltr'>ἔφη</span> <span class='ocrx_word' id='word_1_147' title='bbox 1259 2407 1402 2454; x_wconf 91' lang='grc' dir='ltr'>που</span> <span class='ocrx_word' id='word_1_148' title='bbox 1492 2376 1656 2476; x_wconf 79' lang='grc' dir='ltr'>περὶ</span> <span class='ocrx_word' id='word_1_149' title='bbox 1730 2377 2084 2475; x_wconf 88' lang='grc' dir='ltr'>Χριστοῦ·</span> <span class='ocrx_word' id='word_1_150' title='bbox 2187 2370 2299 2452; x_wconf 80' lang='grc' dir='ltr'>ὅτι</span> <span class='ocrx_word' id='word_1_151' title='bbox 2368 2373 2840 2473; x_wconf 82' lang='grc' dir='ltr'>προέγνωστο</span> <span class='ocrx_word' id='word_1_152' title='bbox 2911 2370 3046 2471; x_wconf 77' lang='grc' dir='ltr'>μὲν</span> 
     </span>
    </p>
   </div>
   <div class='ocr_carea' id='block_1_4' title="bbox 309 2500 552 2550">
    <p class='ocr_par' dir='ltr' id='par_1_5' title="bbox 309 2500 552 2550">
     <span class='ocr_line' id='line_1_18' title="bbox 309 2500 552 2550; baseline 0.004 -2"><span class='ocrx_word' id='word_1_153' title='bbox 309 2514 331 2548; x_wconf 88' lang='grc' dir='ltr'>ῐ</span> <span class='ocrx_word' id='word_1_154' title='bbox 359 2500 409 2549; x_wconf 89' lang='lat' dir='ltr'>S.</span> <span class='ocrx_word' id='word_1_155' title='bbox 436 2500 552 2550; x_wconf 77' lang='lat' dir='ltr'><strong>Pet.</strong></span> 
     </span>
    </p>
   </div>
   <div class='ocr_carea' id='block_1_5' title="bbox 300 2567 436 2617">
    <p class='ocr_par' dir='ltr' id='par_1_6' title="bbox 300 2567 436 2617">
     <span class='ocr_line' id='line_1_19' title="bbox 300 2567 436 2617; baseline 0 0"><span class='ocrx_word' id='word_1_156' title='bbox 300 2567 337 2617; x_wconf 84' lang='lat' dir='ltr'>i.</span> <span class='ocrx_word' id='word_1_157' title='bbox 357 2580 436 2617; x_wconf 78' lang='lat'>20.</span> 
     </span>
    </p>
   </div>
   <div class='ocr_carea' id='block_1_6' title="bbox 640 2494 3154 3725">
    <p class='ocr_par' dir='ltr' id='par_1_7' title="bbox 643 2494 3045 2726">
     <span class='ocr_line' id='line_1_20' title="bbox 648 2494 3045 2605; baseline 0.001 -26"><span class='ocrx_word' id='word_1_158' title='bbox 648 2509 693 2547; x_wconf 78' lang='lat'>‘⁶</span> <span class='ocrx_word' id='word_1_159' title='bbox 727 2497 870 2603; x_wconf 81' lang='grc' dir='ltr'>πρὸ</span> <span class='ocrx_word' id='word_1_160' title='bbox 925 2501 1338 2597; x_wconf 84' lang='grc' dir='ltr'>καταβολῆς</span> <span class='ocrx_word' id='word_1_161' title='bbox 1384 2495 1727 2598; x_wconf 87' lang='grc' dir='ltr'>κόσμου,”</span> <span class='ocrx_word' id='word_1_162' title='bbox 1767 2497 2267 2605; x_wconf 70' lang='grc' dir='ltr'>πεφανέρωται</span> <span class='ocrx_word' id='word_1_163' title='bbox 2314 2494 2539 2600; x_wconf 84' lang='grc' dir='ltr'>γεμὴν</span> <span class='ocrx_word' id='word_1_164' title='bbox 2588 2498 2664 2575; x_wconf 84' lang='grc' dir='ltr'>ἐν</span> <span class='ocrx_word' id='word_1_165' title='bbox 2710 2496 3045 2603; x_wconf 81' lang='grc' dir='ltr'>ἐσχάτοις</span> 
     </span>
     <span class='ocr_line' id='line_1_21' title="bbox 643 2629 1378 2726; baseline -0.001 -22"><span class='ocrx_word' id='word_1_166' title='bbox 643 2632 771 2704; x_wconf 90' lang='grc' dir='ltr'>τοῦ</span> <span class='ocrx_word' id='word_1_167' title='bbox 808 2630 1058 2707; x_wconf 78' lang='grc' dir='ltr'>αἰῶνος</span> <span class='ocrx_word' id='word_1_168' title='bbox 1090 2629 1378 2726; x_wconf 87' lang='grc' dir='ltr'>καιροῖς.</span> 
     </span>
    </p>

    <p class='ocr_par' dir='ltr' id='par_1_8' title="bbox 640 2745 3154 3725">
     <span class='ocr_line' id='line_1_22' title="bbox 755 2745 3042 2855; baseline 0.001 -26"><span class='ocrx_word' id='word_1_169' title='bbox 755 2748 1198 2849; x_wconf 87' lang='grc' dir='ltr'>Σημειωτέον</span> <span class='ocrx_word' id='word_1_170' title='bbox 1255 2745 1330 2827; x_wconf 80' lang='grc' dir='ltr'>δὲ</span> <span class='ocrx_word' id='word_1_171' title='bbox 1385 2745 1495 2826; x_wconf 78' lang='grc' dir='ltr'>ὅτι</span> <span class='ocrx_word' id='word_1_172' title='bbox 1533 2745 1873 2828; x_wconf 86' lang='grc' dir='ltr'>δεδόσθαι</span> <span class='ocrx_word' id='word_1_173' title='bbox 1930 2749 2162 2855; x_wconf 78' lang='grc' dir='ltr'>φησὶν</span> <span class='ocrx_word' id='word_1_174' title='bbox 2208 2748 2435 2854; x_wconf 75' lang='grc' dir='ltr'>ἑαυτῷ</span> <span class='ocrx_word' id='word_1_175' title='bbox 2490 2745 2691 2850; x_wconf 81' lang='grc' dir='ltr'>παρὰ</span> <span class='ocrx_word' id='word_1_176' title='bbox 2730 2745 3042 2849; x_wconf 78' lang='grc' dir='ltr'>Πατρός,</span> 
     </span>
     <span class='ocr_line' id='line_1_23' title="bbox 642 2863 3154 2979; baseline 0 -27"><span class='ocrx_word' id='word_1_177' title='bbox 642 2874 899 2958; x_wconf 83' lang='grc' dir='ltr'>αὐτούς</span> <span class='ocrx_word' id='word_1_178' title='bbox 951 2906 1028 2953; x_wconf 88' lang='grc' dir='ltr'>τε</span> <span class='ocrx_word' id='word_1_179' title='bbox 1070 2863 1237 2957; x_wconf 68' lang='grc' dir='ltr'>τοὺς</span> <span class='ocrx_word' id='word_1_180' title='bbox 1287 2869 1614 2972; x_wconf 83' lang='grc' dir='ltr'>μαθητὰς</span> <span class='ocrx_word' id='word_1_181' title='bbox 1664 2875 1780 2951; x_wconf 77' lang='grc' dir='ltr'>καὶ</span> <span class='ocrx_word' id='word_1_182' title='bbox 1830 2871 1937 2965; x_wconf 68' lang='grc' dir='ltr'>τῆν</span> <span class='ocrx_word' id='word_1_183' title='bbox 1975 2867 2176 2979; x_wconf 68' lang='grc' dir='ltr'>δόξαν</span> <span class='ocrx_word' id='word_1_184' title='bbox 2210 2869 2343 2970; x_wconf 88' lang='grc' dir='ltr'>τὴν</span> <span class='ocrx_word' id='word_1_185' title='bbox 2382 2876 2739 2975; x_wconf 89' lang='grc' dir='ltr'>θεοπρεπῆ</span> <span class='ocrx_word' id='word_1_186' title='bbox 2790 2873 2910 2952; x_wconf 83' lang='grc' dir='ltr'>καὶ</span> <span class='ocrx_word' id='word_1_187' title='bbox 2957 2870 3043 2952; x_wconf 77' lang='grc' dir='ltr'>τὸ</span> <span class='ocrx_word' id='word_1_188' title='bbox 3071 2911 3154 2952; x_wconf 81' lang='lat'>20</span> 
     </span>
     <span class='ocr_line' id='line_1_24' title="bbox 640 2996 3046 3102; baseline 0 -24"><span class='ocrx_word' id='word_1_189' title='bbox 640 2996 824 3078; x_wconf 84' lang='grc' dir='ltr'>κατὰ</span> <span class='ocrx_word' id='word_1_190' title='bbox 885 2996 1178 3079; x_wconf 87' lang='grc' dir='ltr'>πάντων</span> <span class='ocrx_word' id='word_1_191' title='bbox 1240 2996 1521 3099; x_wconf 85' lang='grc' dir='ltr'>κράτος,</span> <span class='ocrx_word' id='word_1_192' title='bbox 1583 2997 1666 3076; x_wconf 83' lang='grc' dir='ltr'>οὐ</span> <span class='ocrx_word' id='word_1_193' title='bbox 1733 2996 1911 3076; x_wconf 83' lang='grc' dir='ltr'>καθὸ</span> <span class='ocrx_word' id='word_1_194' title='bbox 1971 2996 2194 3102; x_wconf 86' lang='grc' dir='ltr'>φύσει</span> <span class='ocrx_word' id='word_1_195' title='bbox 2256 3001 2513 3075; x_wconf 88' lang='grc' dir='ltr'>νοεῖται</span> <span class='ocrx_word' id='word_1_196' title='bbox 2572 2996 2760 3080; x_wconf 82' lang='grc' dir='ltr'>Θεὸς</span> <span class='ocrx_word' id='word_1_197' title='bbox 2818 2997 2859 3076; x_wconf 83' lang='grc' dir='ltr'><em>ὃ</em></span> <span class='ocrx_word' id='word_1_198' title='bbox 2916 3000 3046 3096; x_wconf 86' lang='grc' dir='ltr'>τῆς</span> 
     </span>
     <span class='ocr_line' id='line_1_25' title="bbox 641 3116 3040 3229; baseline -0.001 -27"><span class='ocrx_word' id='word_1_199' title='bbox 641 3123 859 3229; x_wconf 80' lang='grc' dir='ltr'>δόξης</span> <span class='ocrx_word' id='word_1_200' title='bbox 931 3122 1217 3224; x_wconf 85' lang='grc' dir='ltr'>Κύριος,</span> <span class='ocrx_word' id='word_1_201' title='bbox 1278 3123 1397 3200; x_wconf 82' lang='grc' dir='ltr'>καὶ</span> <span class='ocrx_word' id='word_1_202' title='bbox 1470 3122 1812 3204; x_wconf 82' lang='grc' dir='ltr'>οὐσιῶδες</span> <span class='ocrx_word' id='word_1_203' title='bbox 1874 3118 2058 3226; x_wconf 75' lang='grc' dir='ltr'>ἔχων</span> <span class='ocrx_word' id='word_1_204' title='bbox 2122 3116 2206 3199; x_wconf 81' lang='grc' dir='ltr'>τὸ</span> <span class='ocrx_word' id='word_1_205' title='bbox 2271 3117 2666 3216; x_wconf 83' lang='grc' dir='ltr'>βασιλικὸν</span> <span class='ocrx_word' id='word_1_206' title='bbox 2729 3120 3040 3227; x_wconf 82' lang='grc' dir='ltr'>ἀξίωμα·</span> 
     </span>
     <span class='ocr_line' id='line_1_26' title="bbox 640 3241 3048 3351; baseline -0 -26"><span class='ocrx_word' id='word_1_207' title='bbox 640 3254 932 3346; x_wconf 82' lang='grc' dir='ltr'>μᾶλλον</span> <span class='ocrx_word' id='word_1_208' title='bbox 971 3245 1045 3325; x_wconf 83' lang='grc' dir='ltr'>δὲ</span> <span class='ocrx_word' id='word_1_209' title='bbox 1083 3245 1261 3325; x_wconf 80' lang='grc' dir='ltr'>καθὸ</span> <span class='ocrx_word' id='word_1_210' title='bbox 1309 3244 1625 3350; x_wconf 82' lang='grc' dir='ltr'>πέφηνεν</span> <span class='ocrx_word' id='word_1_211' title='bbox 1663 3244 2059 3346; x_wconf 76' lang='grc' dir='ltr'>ἄνθρωπος,</span> <span class='ocrx_word' id='word_1_212' title='bbox 2098 3241 2159 3351; x_wconf 73' lang='grc' dir='ltr'><em>ᾧ</em></span> <span class='ocrx_word' id='word_1_213' title='bbox 2200 3244 2439 3325; x_wconf 85' lang='grc' dir='ltr'>πάντα</span> <span class='ocrx_word' id='word_1_214' title='bbox 2475 3246 2634 3323; x_wconf 78' lang='grc' dir='ltr'>ἐστὶ</span> <span class='ocrx_word' id='word_1_215' title='bbox 2689 3243 3048 3325; x_wconf 88' lang='grc' dir='ltr'>θεόσδοτα</span> 
     </span>
     <span class='ocr_line' id='line_1_27' title="bbox 643 3365 3037 3476; baseline -0.001 -26"><span class='ocrx_word' id='word_1_216' title='bbox 643 3372 759 3450; x_wconf 83' lang='grc' dir='ltr'>καὶ</span> <span class='ocrx_word' id='word_1_217' title='bbox 797 3371 924 3448; x_wconf 84' lang='grc' dir='ltr'>οὐκ</span> <span class='ocrx_word' id='word_1_218' title='bbox 974 3368 1066 3476; x_wconf 83' lang='grc' dir='ltr'>ἐξ</span> <span class='ocrx_word' id='word_1_219' title='bbox 1107 3370 1284 3451; x_wconf 79' lang='grc' dir='ltr'>ἰδίας</span> <span class='ocrx_word' id='word_1_220' title='bbox 1320 3366 1638 3473; x_wconf 85' lang='grc' dir='ltr'>φύσεως.</span> <span class='ocrx_word' id='word_1_221' title='bbox 1718 3368 1955 3448; x_wconf 89' lang='grc' dir='ltr'>πάντα</span> <span class='ocrx_word' id='word_1_222' title='bbox 1992 3367 2136 3470; x_wconf 78' lang='grc' dir='ltr'>γὰρ</span> <span class='ocrx_word' id='word_1_223' title='bbox 2170 3370 2263 3474; x_wconf 82' lang='grc' dir='ltr'>τῇ</span> <span class='ocrx_word' id='word_1_224' title='bbox 2311 3368 2543 3448; x_wconf 80' lang='grc' dir='ltr'>κτίσει</span> <span class='ocrx_word' id='word_1_225' title='bbox 2582 3365 2781 3471; x_wconf 81' lang='grc' dir='ltr'>παρὰ</span> <span class='ocrx_word' id='word_1_226' title='bbox 2818 3373 3037 3448; x_wconf 90' lang='grc' dir='ltr'>Θεοῦ·</span> 
     </span>
     <span class='ocr_line' id='line_1_28' title="bbox 643 3490 3153 3599; baseline 0.002 -27"><span class='ocrx_word' id='word_1_227' title='bbox 643 3493 823 3573; x_wconf 83' lang='grc' dir='ltr'>ἰ’διον</span> <span class='ocrx_word' id='word_1_228' title='bbox 873 3490 950 3573; x_wconf 79' lang='grc' dir='ltr'>δὲ</span> <span class='ocrx_word' id='word_1_229' title='bbox 1007 3492 1199 3577; x_wconf 78' lang='grc' dir='ltr'>ὅλως</span> <span class='ocrx_word' id='word_1_230' title='bbox 1254 3490 1457 3571; x_wconf 79' lang='grc' dir='ltr'>οὐδὲν</span> <span class='ocrx_word' id='word_1_231' title='bbox 1511 3493 1588 3571; x_wconf 83' lang='grc' dir='ltr'>ἐν</span> <span class='ocrx_word' id='word_1_232' title='bbox 1644 3492 1844 3597; x_wconf 82' lang='grc' dir='ltr'>αὐτῇ,</span> <span class='ocrx_word' id='word_1_233' title='bbox 1900 3492 2034 3574; x_wconf 80' lang='grc' dir='ltr'>κᾶν</span> <span class='ocrx_word' id='word_1_234' title='bbox 2093 3492 2373 3599; x_wconf 80' lang='grc' dir='ltr'>ἔχουσά</span> <span class='ocrx_word' id='word_1_235' title='bbox 2428 3526 2498 3572; x_wconf 93' lang='grc' dir='ltr'>τι</span> <span class='ocrx_word' id='word_1_236' title='bbox 2551 3499 2696 3573; x_wconf 92' lang='grc' dir='ltr'>τῶν</span> <span class='ocrx_word' id='word_1_237' title='bbox 2750 3496 3045 3595; x_wconf 81' lang='grc' dir='ltr'>ἀγαθῶν</span> <span class='ocrx_word' id='word_1_238' title='bbox 3076 3529 3153 3592; x_wconf 82' lang='lat'>25</span> 
     </span>
     <span class='ocr_line' id='line_1_29' title="bbox 643 3616 1120 3725; baseline -0.002 -27"><span class='ocrx_word' id='word_1_239' title='bbox 643 3616 1120 3725; x_wconf 86' lang='grc' dir='ltr'>διαφαίνηται.</span> 
     </span>
    </p>
   </div>
   <div class='ocr_carea' id='block_1_7' title="bbox 543 3863 3046 3956">
    <p class='ocr_par' dir='ltr' id='par_1_9' title="bbox 543 3863 3046 3956">
     <span class='ocr_line' id='line_1_30' title="bbox 543 3863 3046 3956; baseline 0.002 -30"><span class='ocrx_word' id='word_1_240' title='bbox 543 3881 616 3941; x_wconf 85' lang='lat'>25</span> <span class='ocrx_word' id='word_1_241' title='bbox 646 3867 866 3956; x_wconf 86' lang='grc' dir='ltr'>Πάτερ</span> <span class='ocrx_word' id='word_1_242' title='bbox 930 3866 1158 3948; x_wconf 76' lang='grc' dir='ltr'>δίκαιε,</span> <span class='ocrx_word' id='word_1_243' title='bbox 1223 3864 1322 3932; x_wconf 79' lang='grc' dir='ltr'>καὶ</span> <span class='ocrx_word' id='word_1_244' title='bbox 1383 3869 1420 3934; x_wconf 85' lang='grc' dir='ltr'>ὁ</span> <span class='ocrx_word' id='word_1_245' title='bbox 1485 3867 1728 3945; x_wconf 68' lang='grc' dir='ltr'>κόσμος</span> <span class='ocrx_word' id='word_1_246' title='bbox 1791 3891 1862 3934; x_wconf 84' lang='grc' dir='ltr'>σε</span> <span class='ocrx_word' id='word_1_247' title='bbox 1925 3868 2041 3933; x_wconf 84' lang='grc' dir='ltr'>οὐκ</span> <span class='ocrx_word' id='word_1_248' title='bbox 2103 3865 2292 3949; x_wconf 80' lang='grc' dir='ltr'>ἔΓνω,</span> <span class='ocrx_word' id='word_1_249' title='bbox 2354 3866 2485 3941; x_wconf 75' lang='grc' dir='ltr'>ὲΓὼ</span> <span class='ocrx_word' id='word_1_250' title='bbox 2549 3867 2620 3933; x_wconf 75' lang='grc' dir='ltr'>δὲ</span> <span class='ocrx_word' id='word_1_251' title='bbox 2683 3889 2756 3934; x_wconf 83' lang='grc' dir='ltr'>σε</span> <span class='ocrx_word' id='word_1_252' title='bbox 2813 3863 3046 3948; x_wconf 82' lang='grc' dir='ltr'>ἔΓνων,</span> 
     </span>
    </p>
   </div>
   <div class='ocr_carea' id='block_1_8' title="bbox 577 3982 2630 4072">
    <p class='ocr_par' dir='ltr' id='par_1_10' title="bbox 577 3982 2630 4072">
     <span class='ocr_line' id='line_1_31' title="bbox 577 3982 2630 4072; baseline 0 -12"><span class='ocrx_word' id='word_1_253' title='bbox 577 3982 618 4045; x_wconf 84' lang='lat' dir='ltr'>b</span> <span class='ocrx_word' id='word_1_254' title='bbox 1059 3993 1164 4060; x_wconf 78' lang='grc' dir='ltr'>καὶ</span> <span class='ocrx_word' id='word_1_255' title='bbox 1219 3995 1403 4061; x_wconf 77' lang='grc' dir='ltr'>αὐτοὶ</span> <span class='ocrx_word' id='word_1_256' title='bbox 1456 3994 1748 4070; x_wconf 77' lang='grc' dir='ltr'>ἔΓνωσαν</span> <span class='ocrx_word' id='word_1_257' title='bbox 1802 3996 1903 4062; x_wconf 86' lang='grc' dir='ltr'>ὅτι</span> <span class='ocrx_word' id='word_1_258' title='bbox 1957 3997 2031 4060; x_wconf 89' lang='grc' dir='ltr'>σύ</span> <span class='ocrx_word' id='word_1_259' title='bbox 2083 4017 2165 4072; x_wconf 80' lang='grc' dir='ltr'>με</span> <span class='ocrx_word' id='word_1_260' title='bbox 2216 3994 2630 4062; x_wconf 71' lang='grc' dir='ltr'>ἀπέστειλας.</span> 
     </span>
    </p>
   </div>
   <div class='ocr_carea' id='block_1_9' title="bbox 639 4165 3156 4524">
    <p class='ocr_par' dir='ltr' id='par_1_11' title="bbox 639 4165 3156 4524">
     <span class='ocr_line' id='line_1_32' title="bbox 758 4165 3045 4274; baseline -0 -26"><span class='ocrx_word' id='word_1_261' title='bbox 758 4171 1059 4249; x_wconf 79' lang='grc' dir='ltr'>Δίκαιον</span> <span class='ocrx_word' id='word_1_262' title='bbox 1105 4171 1180 4249; x_wconf 86' lang='grc' dir='ltr'>ἐν</span> <span class='ocrx_word' id='word_1_263' title='bbox 1233 4168 1511 4252; x_wconf 84' lang='grc' dir='ltr'>τούτοις</span> <span class='ocrx_word' id='word_1_264' title='bbox 1559 4170 1916 4249; x_wconf 86' lang='grc' dir='ltr'>ἀποκαλεῖ</span> <span class='ocrx_word' id='word_1_265' title='bbox 1967 4165 2095 4248; x_wconf 80' lang='grc' dir='ltr'>τὸν</span> <span class='ocrx_word' id='word_1_266' title='bbox 2149 4167 2444 4274; x_wconf 77' lang='grc' dir='ltr'>Πατέρα,</span> <span class='ocrx_word' id='word_1_267' title='bbox 2503 4169 2728 4248; x_wconf 89' lang='grc' dir='ltr'>καίτοι</span> <span class='ocrx_word' id='word_1_268' title='bbox 2793 4167 3045 4270; x_wconf 83' lang='grc' dir='ltr'>ἑτέρως</span> 
     </span>
     <span class='ocr_line' id='line_1_33' title="bbox 641 4290 3156 4395; baseline -0.001 -22"><span class='ocrx_word' id='word_1_269' title='bbox 641 4290 858 4373; x_wconf 78' lang='grc' dir='ltr'>αὐτὸν</span> <span class='ocrx_word' id='word_1_270' title='bbox 926 4290 1282 4391; x_wconf 82' lang='grc' dir='ltr'>ὀνομάσαι</span> <span class='ocrx_word' id='word_1_271' title='bbox 1355 4291 1761 4392; x_wconf 81' lang='grc' dir='ltr'>δυνάμενος.</span> <span class='ocrx_word' id='word_1_272' title='bbox 1868 4295 1986 4372; x_wconf 89' lang='grc' dir='ltr'>καὶ</span> <span class='ocrx_word' id='word_1_273' title='bbox 2050 4291 2195 4395; x_wconf 84' lang='grc' dir='ltr'>γάρ</span> <span class='ocrx_word' id='word_1_274' title='bbox 2255 4295 2458 4373; x_wconf 88' lang='grc' dir='ltr'>ἐστιν</span> <span class='ocrx_word' id='word_1_275' title='bbox 2534 4291 2756 4391; x_wconf 79' lang='grc' dir='ltr'>ὅσιος,</span> <span class='ocrx_word' id='word_1_276' title='bbox 2818 4291 3044 4394; x_wconf 83' lang='grc' dir='ltr'>ἅγιος,</span> <span class='ocrx_word' id='word_1_277' title='bbox 3073 4331 3156 4388; x_wconf 84' lang='lat'>30</span> 
     </span>
     <span class='ocr_line' id='line_1_34' title="bbox 639 4414 3046 4524; baseline 0 -27"><span class='ocrx_word' id='word_1_278' title='bbox 639 4417 1002 4519; x_wconf 85' lang='grc' dir='ltr'>ἀμίαντος,</span> <span class='ocrx_word' id='word_1_279' title='bbox 1040 4420 1337 4521; x_wconf 88' lang='grc' dir='ltr'>κτίστης</span> <span class='ocrx_word' id='word_1_280' title='bbox 1395 4420 1513 4498; x_wconf 84' lang='grc' dir='ltr'>καὶ</span> <span class='ocrx_word' id='word_1_281' title='bbox 1569 4414 2017 4522; x_wconf 81' lang='grc' dir='ltr'>δημιουργὸς,</span> <span class='ocrx_word' id='word_1_282' title='bbox 2056 4420 2173 4497; x_wconf 83' lang='grc' dir='ltr'>καὶ</span> <span class='ocrx_word' id='word_1_283' title='bbox 2224 4416 2505 4521; x_wconf 77' lang='grc' dir='ltr'>ὅσαπερ</span> <span class='ocrx_word' id='word_1_284' title='bbox 2542 4414 2632 4497; x_wconf 83' lang='grc' dir='ltr'>ἀν</span> <span class='ocrx_word' id='word_1_285' title='bbox 2666 4416 2908 4523; x_wconf 85' lang='grc' dir='ltr'>πρέπῃ</span> <span class='ocrx_word' id='word_1_286' title='bbox 2953 4424 3046 4524; x_wconf 81' lang='grc' dir='ltr'>τῇ</span> 
     </span>
    </p>
   </div>
   <div class='ocr_carea' id='block_1_10' title="bbox 1451 4605 2211 4678">
    <p class='ocr_par' dir='ltr' id='par_1_12' title="bbox 1451 4605 2211 4678">
     <span class='ocr_line' id='line_1_35' title="bbox 1451 4605 2211 4678; baseline 0.001 -18"><span class='ocrx_word' id='word_1_287' title='bbox 1451 4619 1504 4677; x_wconf 89' lang='lat'>5.</span> <span class='ocrx_word' id='word_1_288' title='bbox 1543 4605 1662 4677; x_wconf 81' lang='grc' dir='ltr'>ἡμῖν</span> <span class='ocrx_word' id='word_1_289' title='bbox 1685 4615 2026 4678; x_wconf 77' lang='lat' dir='ltr'><strong>assumptum</strong></span> <span class='ocrx_word' id='word_1_290' title='bbox 2056 4625 2120 4662; x_wconf 87' lang='lat' dir='ltr'>ex</span> <span class='ocrx_word' id='word_1_291' title='bbox 2147 4606 2211 4661; x_wconf 88' lang='lat' dir='ltr'>E.</span> 
     </span>
    </p>
   </div>
  </div>
 </body>
</html>
