3269 5166
622 328 753 391 272
956 329 1037 394 Β.
1082 327 1461 394 CYBILLI
1514 327 2048 393 ALEXANDR.
2101 327 2689 392 FRAGMENTA.
2777 327 2888 391 vii.
2922 326 3019 390 18.

450 424 528 476 u.

320 423 429 489 [⁵9
550 425 575 491 ]
620 494 1105 591 ἐπισπᾶσθαι,
1174 494 1506 574 τουτέστι
1568 496 2086 596 παλινδρομεῖν
2155 498 2254 576 εἷς
2314 491 2834 594 ἀκροβυστίαν,
2905 492 3022 569 καὶ

617 614 751 714 τὴν
786 620 915 715 τῆς
948 615 1223 719 σαρκὸς
1258 614 1818 720 καταβιάζεσθαι
1844 616 2104 722 φύσιν·
2157 621 2225 695 οἱ
2261 613 2490 717 γεμὴν
2521 616 2610 721 ἐξ
2637 615 3023 714 ἑλληνικῆς

615 739 983 844 ἐρχόμενοι
1044 740 1361 843 πλάνης,
1431 740 1636 842 παρὰ
1697 747 1846 820 τῶν
1903 740 2006 820 ἔτι
2061 738 2196 839 τὴν
2254 742 2331 818 ἐν
2395 737 2591 847 νόμῳ
2646 737 3023 838 τιμώντων

615 861 835 943 σκιάν
867 866 1060 971 τάχα
1099 901 1244 946 που
1288 863 1800 962 μανθάνοντες,
1839 869 1938 949 ὡς
1971 865 2133 944 ἔστι
2179 869 2424 969 χρῆμα
2460 864 2697 961 τίμιον
2732 863 2778 961 ἦ
2814 895 3019 963 περι-

374 1016 468 1070 60
496 1013 592 1070 Π.
615 986 823 1086 τομὴ,
861 992 979 1068 καὶ
1016 996 1249 1069 πᾶσιν
1297 991 1526 1091 ἁγίοις
1565 988 2065 1090 τετηρημένον,
2107 989 2334 1068 καίτοι
2387 987 2523 1086 τὴν
2553 988 2809 1067 πίστιν
2853 985 3018 1065 ἔσθ’
3049 1016 3085 1076 5

618 1110 737 1191 ὅτε
789 1111 1377 1220 παραδεξάμενοι,
1422 1116 1886 1192 ἐπετελοῦντο
1937 1115 2182 1213 σαρκὶ,
2227 1112 2551 1213 καθάπερ
2596 1110 2848 1211 ἀμέλει
2904 1113 3023 1189 καὶ

616 1241 764 1315 τῶν
799 1238 876 1315 ἐν
912 1238 1240 1343 Γαλατίᾳ
1274 1233 1476 1332 τινὲς,
1514 1234 1621 1320 οἷς
1656 1239 1774 1315 καὶ
1810 1238 1850 1315 ὁ
1887 1235 2276 1319 θεσπέσιος
2315 1241 2616 1319 Παῦλος
2652 1232 3013 1333 ἐπιπλήτ-

280 1386 393 1436 αιι
410 1387 480 1436 iii
500 1401 549 1451 3.
616 1393 721 1439 τει
755 1361 993 1462 λέγων
1029 1370 1074 1407 “
1099 1358 1620 1466 Ἐναρξάμενοι
1651 1359 2003 1458 πνεύματι
2048 1367 2177 1439 νῦν
2210 1361 2434 1462 σαρκὶ
2468 1361 2915 1439 ἐπιτελεῖσθε
2941 1356 3017 1449 ;”

616 1482 753 1562 ἔδει
787 1485 1028 1563 τοίνυν
1060 1489 1297 1590 σαφεῖ
1334 1486 1451 1562 καὶ
1497 1483 2002 1592 ἐναργεστάτφ
2049 1483 2455 1585 κηρύγματι
2498 1487 2629 1581 τῆς
2678 1483 3021 1582 ἀληθείας

616 1609 857 1691 αὐτοῖς
902 1610 1272 1709 ἀνευρῦναι
1323 1606 1453 1706 τὴν
1490 1606 1682 1705 ὁδὸν,
1719 1610 1838 1687 καὶ
1881 1611 1980 1691 ὡς
2016 1608 2062 1705 ἡ
2099 1605 2423 1713 repre-01:35
2469 1602 2638 1688 οὐδέν
2676 1608 2821 1687 ἐστι
2871 1611 3019 1685 τῶν
3049 1641 3119 1681 10

614 1730 871 1809 ἄλλων
905 1733 1222 1810 ἐντολῶν
1251 1740 1382 1811 τοῦ
1419 1736 1611 1811 Θεοῦ
1646 1730 2104 1835 ἐστερημένη·
2167 1731 2427 1831 ὁμοίως
2463 1728 2539 1811 δὲ
2582 1738 2703 1811 καὶ
2743 1735 2780 1825 ἦ
2817 1736 3016 1837 ἀκρο-

612 1856 878 1949 βυστία,
916 1849 1090 1934 οὐδέν
1125 1855 1265 1935 ἔστι
1300 1854 1405 1954 μὴ
1433 1857 1873 1963 εὖαγγελικῷ
1908 1857 2049 1965 βίῳ
2086 1854 2607 1954 κεκοσμημένη.

729 1978 1100 2079 Προσήκει
1147 1978 1385 2059 τοίνυν
1420 1978 1551 2058 τὸν
1586 1982 2022 2080 κεκλημένον
2057 1981 2118 2062 ἐν
2159 1986 2235 2093 τῇ
2278 1981 2515 2074 κλήσει
2552 1978 2788 2078 με’νειν
2824 1977 3021 2063 ὅπως

613 2099 704 2181 ἂν
739 2100 888 2205 ἔχοι
925 2099 1329 2207 σχήματος·
1390 2103 1664 2201 μέτεισι
1698 2101 1775 2183 δὲ
1811 2104 2215 2205 ἀναγκαίως·
2241 2106 2359 2183 ἐπὶ
2393 2100 2477 2182 τὸ
2504 2105 2763 2207 χρῆναι
2790 2102 3021 2181 πάλιν

613 2227 1034 2329 δυσφημίαν
1071 2226 1316 2326 ἑτέραν
1358 2230 1742 2331 μονονουχὶ
1789 2230 2191 2323 ἀποσοβεῖν
2227 2235 2356 2307 τοῦ
2405 2227 2600 2307 θείου
2646 2226 3019 2328 κηρύγμα-
3052 2266 3122 2324 15

610 2379 757 2435 τος·
817 2357 1099 2450 πνεῦμα
1138 2350 1269 2447 μὲν
1303 2349 1446 2452 γὰρ
1483 2351 1811 2436 δουλείας
1857 2349 1947 2450 ἦν
1983 2354 2059 2432 ἐν
2095 2358 2245 2434 τοῖς
2295 2349 2436 2431 ὑπὸ
2491 2347 2738 2451 νόμον·
2811 2348 2898 2432 τὸ
2942 2350 3018 2432 δὲ

610 2475 988 2571 θέσπισμα
1058 2472 1143 2553 τὸ
1213 2474 1701 2577 εὖαγγελικὸν,
1766 2480 1894 2573 τῆς
1958 2476 2316 2558 υἱοθεσίας
2371 2472 2456 2554 τὸ
2519 2482 2808 2572 πνεῦμα
2871 2481 3020 2558 τοῖς

613 2596 973 2677 πιστεύειν
1022 2598 1402 2679 ἐθέλουσιν
1446 2600 1765 2679 ἐνίεσθαί
1806 2608 2062 2704 φησιν,
2098 2603 2214 2680 καὶ
2263 2601 2391 2679 οὐκ
2440 2599 2543 2679 ἔτι
2592 2607 2876 2679 καλοῦν
2925 2605 3022 2683 εἰς

614 2722 962 2820 δουλείαν,
1001 2724 1170 2802 ἀλλ’
1211 2728 1308 2806 εἷς
1345 2722 1719 2827 ἐλεύθερον
1754 2723 2056 2830 ἀξίωμα.

691 2931 773 2987 16.
809 2934 871 2986 τὸ
903 2932 960 2986 δὲ
993 2933 1263 3005 θέσπισμα
1292 2936 1353 2990 τὸ
1384 2937 1719 3007 εὖαγγελικὸν
1739 2937 1829 3005 τῆς
1855 2934 2000 2990 edidi
2031 2953 2097 2990 ex
2123 2934 2191 2990 A.
2227 2936 2280 2990 τί
2302 2935 2359 2990 δὲ
2394 2934 2672 3004 θέσπισμα
2707 2934 2771 2988 τὸ
2809 2933 3024 3005 εὐαγγε-

612 3006 793 3068 >unam
829 3005 920 3074 τῆς
944 3003 1048 3059 Ed.
1408 3007 1490 3061 18.
1520 3008 1605 3062 καὶ
1626 3016 1966 3079 assumptum
1990 3024 2054 3061 ex
2081 3007 2148 3060 A.
