3269 5166
615 299 743 370 164
1219 297 1301 361 B.
1348 295 1773 361 CYRILLI
1833 295 2416 362 ALEXANDR.
2621 295 2753 361 xxi.
2785 309 3020 380 15-17·

551 479 594 545 d
616 467 856 566 παρῆν
890 470 1038 547 τοῖς
1071 460 1511 542 Ἰουδαίων
1474 462 1852 565 υπηρέταις
1897 462 2171 569 ἀναμὶξ
2211 496 2394 565 προς
2437 458 2523 541 τὸ
2559 468 2709 544 τοῖς
2742 459 3013 563 ἄρχου-

278 602 745 731 1ἳὲξίγῑὶιίέιῐςι-σιν
778 586 1219 684 ἀποκομίσαι
1265 620 1395 666 τον
1430 588 1743 686 Ἰησοῦν,
1781 589 1846 665 οἱ
1896 585 2029 684 μὲν
2072 585 2294 665 ἄλλοι
2343 595 2388 632 “
2410 583 2669 668 πάντες
2722 580 3024 728 ἀφέντες

282 751 446 831 ευρ».
622 721 666 759 “
701 709 919 790 αὐτὸν
967 709 1303 814 ἕφυγον,”
1341 709 1524 790 κατὰ
1577 744 1663 790 το
1718 711 2235 813 γεγραμμένον,
2275 709 2552 809 Πετρος
2608 706 2683 788 δὲ
2733 711 2826 813 τῇ
2882 742 3025 803 μα-

282 832 423 869 ”¹²¹⁶
451 830 529 867 ¹⁰
620 834 840 939 χαίρᾳ
893 830 976 914 τὸ
1032 842 1160 913 τοῦ
1202 831 1524 939 Μάλχου
1580 832 1915 937 διέκοψεν
1971 834 2205 914 ὠτίον.
2287 830 2466 940 ᾤετο
2520 831 2665 935 γὰρ
2720 835 2870 910 δεῖν
2903 829 3025 910 διά

619 957 889 1042 παντὸς
943 956 1318 1054 ἐπαμύνειν
1352 954 1624 1059 τρόπου
1660 961 1763 1062 τῷ
1800 957 2029 1064 οἰκείῳ
2081 955 2523 1064 διδασκάλῳ,
2560 961 2618 1034 εὶ
2661 957 2779 1033 καὶ
2832 949 3023 1061 ἀπᾴ-
3048 978 3087 1040 5

623 1086 896 1163 δουσαν
943 1082 1136 1187 αὐτῷ
1183 1086 1556 1163 παντελῶς
1599 1081 1899 1160 ἐποιεῖτο
1935 1079 2068 1179 τὴν
2101 1079 2532 1184 ἐγχείρησιν.
2612 1077 3024 1186 ἀφικομένῳ

620 1212 1001 1308 τοιγαροῦν
1054 1210 1200 1284 τῶν
1249 1204 1502 1283 ἄλλων
1560 1201 1995 1306 γοργότερον
2044 1200 2398 1307 προσάγει
2453 1201 2586 1299 τὴν
2638 1209 2925 1297 πεῦσιν,
2963 1207 3025 1280 εἱ

622 1335 858 1412 πλεῖον
891 1330 1127 1409 αυτῶν
1186 1332 1476 1434 ἀγαπᾷ,
1518 1331 1634 1406 καὶ
1687 1335 1902 1407 τοῦτο
1956 1333 2054 1411 εἰς
2108 1329 2346 1429 τρίτον
2357 1360 2658 1477 Αγεγονε.
2737 1359 3021 1426 συγκα·

622 1453 891 1534 τανεύει
940 1451 1014 1533 δὲ
1061 1450 1338 1554 Πετρος
1393 1455 1512 1530 καὶ
1557 1454 1852 1553 ἀγαπᾶν
1900 1452 2259 1554 ὁμολογεῖ,
2301 1455 2430 1551 τῆς
2473 1449 3026 1555 ἐνυπαρχούσης

621 1579 814 1684 αὐτῷ
848 1576 1228 1658 διαθέσεως
1266 1572 1484 1654 αὐτὸν
1518 1572 1696 1655 εἶναι
1739 1574 1984 1728 λέγων
2012 1574 2138 1655 τὸν
2172 1573 2526 1679 μάρτυρα·
2594 1576 2706 1680 ἐφ
2746 1571 3026 1680 ἑκάστῃ
3056 1616 3126 1658 ιο

564 1731 601 1776 ο
623 1699 700 1780 δὲ
753 1707 897 1779 τῶν
942 1702 1346 1799 ὁμολογιῶν
1390 1697 1754 1803 διαφόρως
1808 1698 2044 1780 ἀκούει
2091 1703 2220 1798 τῆς
2273 1704 2419 1779 τῶν
2473 1703 2790 1801 λογικῶν
2844 1734 3027 1801 προ-

533 1911 540 1922 ,
622 1823 872 1920 βοίτων
908 1822 1201 1929 ἔχεσθαι
1239 1824 1645 1927 φροντίδος.

738 1943 966 2046 Οἶμαι
1003 1943 1150 2026 δὲ’
1116 1975 1370 2047 εγωγε·
1441 1950 1699 2051 χρῆναι
1734 1945 1879 2051 γὰρ
1915 1947 2138 2032 ὅντως
2175 1949 2362 2055 φημὶ
2398 1951 2514 2026 καὶ
2519 1943 2684 2089 ’,τὴν
2721 1979 3029 2047 κεκρυμ-

622 2070 840 2172 με’νην
876 2074 950 2151 ἐν
986 2069 1257 2154 τούτοις
1315 2073 1758 2173 διερευνῆσαι
1819 2071 2154 2152 διοίνοιαν·
2231 2072 2358 2151 οὐκ
2406 2072 2556 2174 εἰκῇ
2612 2070 3028 2174 γεγράφθαι

624 2230 741 2276 και
790 2203 1037 2292 ταῦτα,
1071 2195 1301 2274 ὠδίνει
1336 2192 1426 2273 δέ
1464 2228 1534 2273 τι
1576 2194 1873 2275 πάλιν
1841 2229 1880 2274 ο
1911 2192 2159 2297 λόγος,
2200 2198 2317 2274 καὶ
2354 2200 2498 2274 τῶν
2542 2192 3027 2297 προκειμένων
3058 2233 3130 2293 15

624 2321 666 2400 6
703 2326 866 2403 νοῦς
901 2318 1042 2424 ἔχει
1088 2351 1156 2396 τι
1191 2314 1481 2402 πάντως
1515 2314 1602 2398 τὸ
1638 2320 2097 2424 ἐνδομυχοῦν·
2161 2316 2208 2419 ἢ
2245 2316 2390 2422 γὰρ
2428 2319 2555 2398 οὐκ
2591 2319 2737 2420 ἐρεῖ
2764 2352 2875 2403 τις
2914 2319 3031 2400 εὖ·

623 2443 866 2547 λόγως
904 2439 1158 2522 Μόνον
1213 2443 1444 2549 ἐρωτᾷ
1495 2440 1624 2521 τὸν
1661 2439 1976 2540 Σίμωνα,
2022 2442 2250 2522 καίτοι
2304 2448 2450 2521 τῶν
2492 2441 2750 2522 ἄλλων
2804 2477 3029 2546 παρε-

622 2567 927 2648 στώτων
993 2571 1357 2667 μαθητῶν,
1422 2565 1540 2646 διὰ
1613 2567 1829 2647 ποίαν
1889 2567 2173 2663 αἶτίαν;
2240 2565 2343 2646 -τί
2401 2564 2471 2647 δ’
2532 2561 2622 2646 ἂν
2679 2565 3033 2661 βούλοιτο

623 2696 893 2797 δηλοῦν
957 2689 1043 2770 τό
1112 2690 1326 2771 Βόσκε
1395 2687 1491 2770 τέι
1551 2692 1740 2799 ἀρνία
1801 2727 1951 2794 μου,
2014 2693 2132 2770 καὶ
2196 2689 2288 2770 τά
2353 2687 2628 2773 τούτοις
2684 2691 2988 2797 ἀδελφά
3000 2725 3025 2789 ;

289 2828 437 2889 1119
456 2830 538 2887 Δ·
565 2845 602 2886 a
624 2813 861 2922 φαμὲν
899 2815 1026 2895 οὖν
1081 2812 1190 2893 ὅτι
1247 2811 1783 2919 κεχειροτόνητο
1837 2812 1969 2912 μὲν
2012 2813 2151 2913 ἤδη
2206 2812 2390 2918 πρὸς
2438 2812 2568 2913 τὴν
2606 2814 2801 2893 θείαν
2843 2816 3025 2895 ἀπο-
3061 2852 3141 2895 οο

622 2938 904 3039 στολὴν
964 2940 1144 3037 ὁμοῦ
1217 2944 1366 3020 τοῖς
1437 2936 1694 3039 ἑτέροις
1752 2943 2104 3038 μαθηταῖς
2162 2940 2203 3018 6
2265 2935 2651 3020 θεσπέσιος
2714 2937 3025 3041 Πέτρος·

287 3080 341 3133 S·
363 3080 488 3133 Iano·
623 3064 834 3147 αὐτὸς
897 3061 1036 3165 γὰρ
1093 3060 1348 3145 αὐτοὺς
1398 3063 1439 3140 6
1488 3062 1755 3163 Κύριος
1804 3061 2005 3161 ἡμῶν
2041 3063 2407 3163 Ἰησοῦς
2374 3096 2414 3140 ο
2450 3057 2777 3163 Χριστὸς
2831 3064 3029 3142 ἀπο-

289 3147 357 3197 'i‘
380 3160 457 3210 ¹³⁶
622 3187 938 3270 στόλους
976 3184 1310 3285 ὠνόμασε
1348 3219 1532 3285 κατα
1568 3182 1654 3264 τὸ
1691 3185 2215 3287 γεγραμμένον·
2298 3182 2535 3285 ἐπειδὴ
2573 3183 2648 3263 δὲ
2682 3190 3024 3290 πραχθῆ-

626 3343 739 3389 ναι
797 3308 1215 3406 συμβέβηκε
1269 3306 1363 3388 τά
1417 3312 1543 3407 τῆς
1580 3309 1946 3389 Ἰουδαίων
1996 3311 2406 3409 ἐπιβουλῆς,
2455 3309 2580 3388 καί
2625 3342 2695 3388 τι
2753 3309 3037 3416 μεταξὺ

626 3433 1052 3531 διεπταίσθη
1110 3434 1228 3510 καὶ
1284 3460 1603 3534 γεγονεν·
1685 3428 1971 3541 ἀκράτῳ
2019 3432 2165 3536 γὰρ
2209 3434 2481 3527 δείματι
2538 3437 3036 3537 καταληφθεις
3062 3474 3139 3535 ²5

629 3557 670 3637 6
726 3554 1113 3639 θεσπέσιος
1151 3554 1425 3658 Πέτρος
1470 3554 1842 3658 ἠρνήσατο
1900 3559 2051 3660 τρὶς
2110 3555 2237 3636 τὸν
2277 3556 2570 3660 Κύριον·
2657 3556 3036 3657 θεραπεύει

563 3688 608 3755 b
630 3679 715 3760 τὸ
749 3676 1126 3776 πεπονθὸς,
1166 3684 1281 3758 καὶ
1319 3681 1739 3762 ἀνταπαιτεῖ
1778 3681 2119 3764 ποικίλως
2168 3679 2300 3782 τὴν
2337 3686 2434 3763 εἶς
2470 3680 2712 3789 τρίτον
2749 3681 3028 3776 ὁμολο-

413 3822 418 3833 “
518 3808 524 3813 ’
626 3804 814 3906 γίαν,
850 3804 1338 3900 ἀντίσταθμον
1373 3800 1626 3905 ὥσπερ
1663 3804 1903 3913 ἐκείνῳ
1938 3812 2151 3884 τοῦτο
2187 3806 2400 3889 τιθεὶς
2445 3806 2563 3883 καὶ
2598 3804 3037 3908 ἀντίρῤοπον

630 3934 778 4010 τοῖς
831 3926 1288 4024 πταίσμασιν
1323 3927 1688 4035 ἐξαρτύων
1734 3926 1865 4027 τὴν
1904 3926 2425 4030 ἐπανόρθωσιν.
2482 3922 2567 4006 τὸ
2622 3924 2770 4029 γὰρ
2826 3926 3035 4037 λόγῳ

632 4048 1099 4133 διαπταισθέν
1135 4054 1252 4132 καὶ
1288 4054 1364 4131 ἐν
1400 4056 1654 4157 ψιλοῖς
1691 4053 1739 4132 ἕ
1725 4087 1856 4158 χον
1887 4051 2168 4158 ῥήμασι
2201 4057 2350 4132 τῶν
2383 4047 2866 4153 ἐγκλημάτων
2899 4050 3037 4151 τὴν
3058 4090 3145 4150 3ο

631 4172 953 4272 δύναμιν,
1013 4173 1196 4255 κατὰ
1260 4174 1388 4256 τὸν
1450 4174 1618 4256 ἰ’σον
1678 4175 1834 4276 δοίη
1892 4210 2000 4261 τις
2058 4172 2148 4255 ἂν
2213 4174 2669 4255 ἀπολύεσθαι
2727 4171 3029 4277 τρόπον.

698 4470 752 4526 5.
789 4453 1118 4525 ἐπαναμίνειν
1141 4453 1209 4510 Ε.
1758 4458 1811 4513 8.
1845 4459 2031 4513 πλεῖον
2053 4456 2216 4514 habet
2239 4456 2307 4513 Ε.
2401 4456 2585 4529 γέγονε
2608 4453 2679 4510 Ε.
2702 4455 2906 4527 γίνεται
2930 4455 3037 4517 Ed.

633 4544 716 4587 12.
753 4526 1003 4598 ἔρχεο-θαι
1030 4525 1096 4581 Ε.
1457 4540 1647 4601 17-19.
1685 4527 2021 4600 ,ἐρωτᾷ-μου
2044 4546 2153 4584 om.
2180 4528 2248 4597 E.
