3269 5166
619 342 739 398 620

1418 338 1743 397 INDEX
1826 340 2192 399 RERUM.

2716 355 3004 398 onustus

700 520 918 579 tionem
949 538 1069 578 uon
1094 521 1419 597 tangendus
1456 522 1566 579 uisi
1591 521 1768 598 puris,
1946 521 2152 580 Filium
2192 530 2253 580 et
2280 521 2534 597 Virginis
2554 520 2860 598 Tennplum
2896 525 3003 582 301

702 637 801 685 uc„
843 636 947 693 per
982 616 1257 694 Spiritum
1285 616 1559 677 Sanctum
1601 636 1768 677 otne-

699 715 931 774 tifieutis
962 718 1138 783 1085,
1175 719 1330 775 1086
1385 717 1637 775 eeclesiis
1662 715 1773 773 huc

701 812 761 870 iu
788 830 852 871 re
877 820 1050 889 typus
1084 816 1261 873 1086.

621 909 885 969 Christus
924 911 1153 969 locutus
1192 920 1283 969 est
1323 911 1384 968 in
1423 912 1657 988 Angelis
1698 910 1774 969 ud

700 1007 1066 1084 sepulchrum
1101 1008 1255 1067 1082
1285 1027 1337 1068 e.

619 1105 883 1166 Christus
951 1104 1288 1164 Passionem
1359 1114 1591 1181 propter
1664 1123 1772 1163 noe

700 1203 902 1269 voluit,
946 1212 1181 1280 propter
1219 1204 1401 1280 ignum
1443 1203 1772 1261 pandonem

701 1301 886 1360 noluit
908 1304 1046 1367 331,
1069 1304 1187 1361 332
1240 1301 1423 1358 voluit
1443 1304 1585 1369 452,
1615 1303 1768 1358 1067

702 1418 756 1469 ι,
797 1417 904 1475 pro
937 1398 1101 1456 uobis
1135 1407 1199 1456 et
1239 1397 1494 1456 aseendit
1531 1406 1592 1456 et
1631 1415 1767 1455 cou-

701 1496 850 1555 nedit
916 1504 977 1554 et
1033 1512 1225 1554 corum
1281 1494 1452 1552 Putre
1512 1494 1772 1570 apparuit

705 1597 823 1653 764
853 1593 990 1651 cde
1063 1592 1341 1651 Ascensio
1384 1592 1525 1668 Ejus
1569 1595 1687 1650 843
1717 1610 1769 1658 e,

703 1694 821 1750 845
852 1711 886 1748 a
955 1699 1014 1749 et
1041 1709 1158 1748 uon
1193 1689 1317 1748 niue
1344 1708 1515 1747 eume
1541 1691 1616 1748 iii.
1652 1692 1768 1749 587

701 1796 899 1846 nostru
924 1805 1236 1854 assumens,
1265 1787 1388 1845 Suu
1412 1796 1610 1846 noeti-a
1638 1788 1773 1846 fecit

704 1890 821 1945 764
850 1904 903 1957 e,
933 1889 1050 1944 765
1080 1903 1133 1951 a,
1164 1887 1281 1943 998
1311 1884 1417 1952 bc,
1445 1884 1517 1942 cf.
1553 1890 1708 1945 1002
1738 1904 1773 1943 a

700 1983 919 2059 patitur
959 1982 1331 2058 Impensibilis
1365 1986 1519 2042 1065
1549 1984 1591 2040 d
1650 1983 1768 2042 din-

697 2079 895 2138 bolum
920 2080 1098 2139 latere
1124 2081 1304 2139 voluit
1330 2078 1396 2138 M
1426 2085 1524 2140 53.

619 2176 884 2238 Christus
950 2186 1210 2237 mortuos
1278 2186 1410 2237 unte
1463 2178 1770 2237 adveutum

702 2275 887 2335 Suum
915 2276 1013 2353 qui
1040 2276 1410 2334 credidissent
1435 2284 1496 2334 et
1522 2276 1581 2333 in
1605 2276 1772 2334 Hude

700 2374 930 2431 visitare
957 2374 1224 2450 dignatus
1252 2382 1342 2433 est
1367 2374 1446 2432 iii.
1478 2377 1613 2432 448.

620 2469 853 2531 Christo
908 2468 1214 2528 Incarnato
1269 2480 1329 2529 et
1382 2490 1487 2547 per
1541 2489 1770 2529 curnem

700 2567 932 2644 cognati
981 2587 1194 2641 eumue,
1242 2575 1302 2627 et
1345 2569 1670 2646 spiritaliter
1724 2570 1771 2628 si

700 2666 794 2723 Illi
872 2665 1096 2742 placere
1185 2668 1479 2725 studemus
1562 2672 1680 2728 543
1718 2687 1771 2737 e,

703 2769 821 2824 544
851 2783 902 2822 a.

621 2861 884 2923 Christus
927 2863 1261 2922 maledictus
1304 2871 1365 2922 et
1406 2863 1561 2921 mitis
1603 2862 1770 2921 nobis

699 2960 1010 3036 Exemplar
1053 2966 1165 3020 571
1200 2980 1235 3019 a
1301 2962 1525 3037 piorum
1567 2960 1768 3019 adom·

697 3059 916 3117 tionem
955 3067 1231 3134 tanquam
1273 3058 1610 3117 sucrificium
1655 3058 1767 3133 spi-

699 3156 863 3214 ritale
930 3156 1137 3232 accipit
1189 3159 1310 3216 626
1358 3177 1394 3215 ο,
1483 3156 1771 3233 quomodo

700 3253 854 3312 diem
894 3254 1268 3313 novissimum
1307 3255 1491 3314 nescit
1528 3254 1611 3314 iii.
1650 3256 1770 3313 469

697 3352 815 3420 fin„
841 3355 984 3410 584.

615 3448 914 3510 Christum
963 3449 1062 3524 qui
1114 3469 1232 3507 nou
1286 3450 1483 3509 vident
1529 3453 1651 3509 814
1678 3450 1718 3508 b
1739 3469 1772 3509 c

700 3547 797 3622 qui
824 3547 1018 3605 vident
1046 3550 1165 3606 814
1193 3566 1243 3606 c.

614 3643 835 3703 christi
875 3663 1062 3720 genus
1115 3665 1222 3704 uos
1267 3649 1386 3705 945
1416 3646 1474 3712 b,
1528 3646 1605 3706 cf.
1642 3646 1772 3704 Filii

697 3760 901 3818 genus.
988 3742 1269 3819 primitiae
1299 3741 1401 3801 llle
1429 3747 1548 3803 990
1570 3763 1619 3816 c,
1650 3747 1764 3803 991

697 3839 753 3911 b,
785 3842 926 3908 993,
963 3843 1083 3899 994
1109 3840 1165 3908 d,
1197 3844 1353 3900 1063
1382 3840 1439 3908 b,
1470 3840 1535 3899 M
1565 3846 1664 3909 27,
1692 3840 1768 3900 iii.

701 3940 820 3995 424
902 3938 1188 3996 motiones
1243 3947 1481 3997 naturae
1540 3947 1773 3997 nostrae

701 4054 844 4109 quae
893 4037 1015 4094 sine
1059 4044 1294 4112 peccato
1333 4036 1533 4094 habuit
1572 4034 1640 4095 M
1676 4039 1771 4105 13,

703 4135 801 4192 27.

616 4227 884 4288 Christus
911 4232 1196 4307 exemplar
1222 4230 1387 4289 nobis
1415 4231 1513 4289 dat
1532 4232 1771 4290 fratrum

702 4327 1154 4403 udjnvuudorum
1202 4336 1263 4386 et
1306 4347 1411 4404 per
1450 4316 1771 4387 sermenem

701 4432 762 4482 et
787 4444 889 4500 per
915 4443 1112 4500 preces
1154 4428 1274 4484 946
1303 4425 1416 4483 ub.

617 4520 886 4581 Christus
910 4523 1110 4589 Unum
1155 4542 1271 4581 uon
1298 4524 1366 4582 fit
1393 4523 1594 4582 divisio
1620 4525 1771 4582 inter

1948 620 2057 685 ab.
2100 622 2212 678 361
2245 620 2305 689 b,
2355 621 2474 680 363
2500 619 2607 691 bc,
2654 623 2799 685 377,
2822 622 2936 678 393
2962 638 3010 685 e.

1952 721 2070 776 744
2099 717 2156 782 d,
2209 722 2325 775 747
2355 735 2407 783 e,
2456 720 2572 776 762
2603 717 2720 783 de,
2760 718 2882 775 763
2909 715 3010 784 ab,

1949 817 2067 872 836
2097 814 2136 871 d
2163 834 2215 880 e,
2262 818 2413 873 1001
2448 834 2501 882 ο,
2549 818 2711 873 1110
2738 833 2794 879 a,
2840 817 3011 880 1112.

1948 911 2018 969 Μ
2054 915 2151 978 93,
2198 912 2277 971 iii.
2329 915 2468 977 381,
2512 914 2652 977 882.
2696 915 2840 976 405,
2883 913 3012 980 417,

1953 1013 2090 1075 421,
2137 1013 2276 1075 509,
2321 1012 2459 1077 512,
2506 1013 2648 1075 513,
2696 1012 2839 1076 514,
2882 1010 3010 1072 537,

1952 1109 2227 1166 538-541
2332 1107 2523 1176 Quem
2604 1125 2683 1165 ne
2767 1104 3009 1164 Thomu

1950 1204 2177 1279 quidem
2232 1204 2469 1280 palpans
2520 1204 2580 1262 iu
2632 1204 2783 1263 duos
2830 1203 3008 1262 divinit

1958 1304 2111 1360 1109
2141 1301 2179 1357 d
2232 1301 2505 1359 miracula
2538 1302 2759 1361 faciens
2786 1313 2845 1362 et
2871 1302 3006 1361 Cor·

1949 1418 2087 1475 pore
2133 1398 2254 1457 Suo
2298 1399 2495 1465 uti-nr,
2538 1399 2830 1459 vivificum
2872 1398 3008 1458 indi-

1950 1514 2088 1554 cans
2154 1504 2215 1554 et
2272 1495 2522 1555 Carnem
2587 1501 2706 1556 361
2740 1497 2885 1556 cde
2958 1504 3009 1555 et

1950 1591 2205 1669 Corpore
2248 1593 2322 1651 ud
2360 1594 2682 1652 muudum
2724 1596 2905 1653 utitur
2938 1595 3009 1651 iii.

1952 1694 2091 1757 537,
2124 1694 2261 1758 591,
2292 1694 2410 1750 592
2466 1700 2527 1751 et
2565 1693 2629 1750 in
2656 1701 2868 1752 terram
2894 1710 3010 1751 oum

1948 1786 2138 1847 Oui-ue
2221 1789 2414 1847 coelos
2480 1808 2597 1847 nou
2672 1789 3011 1865 relinquebat

1949 1889 2069 1946 600
2097 1887 2152 1958 d,
2199 1891 2315 1947 747
2346 1887 2402 1953 d,
2445 1888 2519 1945 ef.
2547 1887 2629 1946 iii.
2660 1892 2780 1947 577
2856 1886 3011 1945 hodie

1950 1985 2012 2041 iu
2032 1982 2220 2044 Gume
2247 1985 2471 2051 absens,
2500 2003 2851 2062 quamquam
2877 2002 3007 2041 tem·

1948 2100 2054 2158 per
2116 2100 2387 2156 praeseus
2444 2086 2562 2141 747
2591 2082 2705 2149 be,
2772 2086 2887 2142 837
2912 2082 3006 2147 bc,

1954 2182 2072 2239 839
2103 2179 2141 2237 d
2160 2198 2215 2249 e,
2247 2182 2366 2238 916
2394 2178 2433 2237 d
2454 2198 2505 2247 e,
2536 2179 2610 2237 cf.
2647 2185 2789 2247 973,
2816 2184 2929 2238 977
2954 2179 3006 2236 d.

1870 2275 2087 2335 Christi
2116 2277 2267 2334 Caro
2295 2275 2446 2336 caro
2473 2276 2584 2334 Dei
2614 2278 2697 2337 iii.
2726 2281 2865 2337 515.

1870 2372 2134 2433 Christus
2179 2374 2342 2431 Deus
2395 2373 2511 2444 Qui
2560 2383 2599 2407 “
2622 2373 3007 2433 Reconciliati-

1951 2472 2079 2528 onis
2097 2471 2330 2529 verbum
2360 2471 2417 2528 in
2439 2472 2606 2529 uobis
2633 2471 2869 2548 posuit”
2896 2469 3010 2528 Deo

1951 2577 2200 2645 ponente
2227 2568 2296 2626 M
2326 2572 2404 2628 99
2432 2568 2559 2627 init.
2622 2571 2815 2641 Quem
2848 2570 2888 2628 ii
2927 2566 3011 2644 qni

1952 2676 2169 2742 negent
2194 2667 2351 2742 impii
2377 2667 2456 2725 iii.
2490 2671 2609 2726 452
2668 2670 2858 2739 Quem
2882 2683 3008 2724 cou-

1952 2763 2090 2822 foesi
2129 2763 2252 2823 sine
2292 2764 2458 2840 culpa
2483 2765 2542 2822 in
2570 2766 2799 2823 asinum
2825 2764 3009 2822 teden-

1952 2869 2073 2920 tem
2119 2863 2282 2938 pueri
2329 2862 2410 2921 iii.
2455 2865 2594 2935 453,
2640 2867 2764 2922 454
2837 2862 3009 2932 Quem

1953 2960 2286 3037 praedicans
2307 2960 2566 3019 “multon
2582 2961 2831 3019 filiorum
2848 2957 3011 3017 Israel

1953 3058 2235 3116 convertit
2307 3058 2381 3115 ad
2448 3057 2763 3116 Dominum
2837 3057 3008 3114 Deum

1951 3154 2251 3232 ipsorum'’
2283 3153 2359 3212 D.
2380 3154 2642 3214 Joaunee
2662 3156 2919 3233 Baptista
2938 3151 3007 3210 iii.

1955 3256 2073 3312 454
2116 3247 2264 3332 [vide
2288 3251 2468 3311 Filius
2496 3249 2683 3332 Deus]
2749 3252 2877 3330 quin
2902 3250 3010 3309 An-

1951 3350 2113 3425 tiquo
2160 3350 2396 3408 Diei-um
2454 3349 2740 3425 σύνθρωοσ
2791 3358 2850 3409 et
2891 3365 3007 3406 eum

1953 3466 2125 3507 earne
2151 3447 2231 3505 iii.
2259 3451 2398 3519 455,
2430 3451 2548 3507 456
2615 3448 2755 3524 quin
2780 3441 3009 3505 venienti

1952 3554 2243 3620 tamquam
2262 3545 2451 3603 ,ludici
2472 3545 2802 3604 ministrant
2817 3540 3008 3619 Angeli

1951 3644 2029 3701 iii.
2083 3647 2201 3704 456
2297 3643 2491 3713 Quem
2544 3650 2606 3702 et
2658 3643 3007 3701 lum-natum

1953 3742 2193 3800 adorant
2217 3740 2425 3817 Angeli
2450 3740 2532 3798 iii.
2564 3745 2684 3800 457
2754 3740 2883 3817 quia
2912 3754 3006 3813 pro

1950 3838 2149 3897 mundi
2209 3840 2362 3897 vitae
2421 3839 2570 3897 mori
2633 3857 2755 3897 uon
2819 3833 3007 3896 sufficit

1952 3937 2127 3995 homo
2155 3936 2233 3994 iii.
2264 3939 2404 3996 467.

1873 4032 2139 4094 Christus
2178 4053 2390 4093 nomen
2436 4034 2573 4111 quid
2621 4035 2901 4112 siguificat
2937 4028 3005 4087 iii.

1958 4136 2078 4191 514
2141 4132 2335 4191 Deum
2374 4140 2437 4190 et
2469 4131 2783 4192 Hominem
2812 4128 3008 4188 indie-t

1954 4229 2033 4287 iii.
2065 4232 2205 4289 591.

1874 4327 2022 4390 Cibo
2076 4327 2291 4388 christi
2338 4327 2662 4387 obedientia
2714 4334 2905 4386 nostru
2932 4320 3000 4379 iii.

1958 4430 2096 4493 472,
2128 4429 2265 4486 473.

1874 4522 2242 4584 circumcisio
2249 4524 2538 4600 perJosue
2548 4532 2859 4584 armaturae
2873 4536 2994 4578 eou-
