3269 5166
734 292 845 360 IN
903 293 1425 361 EPIS'I'OLAM
1483 295 1612 359 AD
1677 294 2180 360 HEBRAEOS.
2526 295 2653 360 421

252 457 749 561 γεγραμμένον
808 470 851 508 “
876 465 1034 540 Τοῦ
1110 460 1186 541 δὲ
1246 461 1575 561 πλήθους
1637 464 1783 539 τῶν
1844 455 2396 539 πιστευσάντων
2456 454 2548 556 ἦν
2609 392 2829 556 ἡῖοὲ
2839 392 2976 533 ἐξ]

256 593 300 628 “
335 581 593 684 καρδία
630 582 747 662 καὶ
783 583 829 682 ἦ
867 581 1076 688 ψυχὴ
1112 584 1302 682 μία.”
1369 581 1681 663 ἑκάστου
1718 580 1861 685 γὰρ
1895 588 2042 662 τῶν
2073 579 2656 663 πεπιστευκότων
2678 550 2785 613 Ap‘
2804 564 2874 599 w.
2896 561 2980 611 ³²⁶

254 702 440 784 κατά
493 739 579 806 γε
630 704 760 785 τὸν
811 709 941 806 τῆς
997 708 1177 792 ἰδίας
1224 706 1697 791 ὑποστάσεως
1755 704 1982 808 λόγον
2043 705 2657 812 διεσχοινισμένου

244 831 401 906 τῶν
436 827 716 927 ἄλλων,
753 828 936 909 ὅσον
970 830 1140 931 ἧκεν
1172 835 1271 914 εἰς
1316 829 1839 924 ταυτοβουλίαν
1876 831 1993 908 καὶ
2024 828 2159 928 τὴν
2195 828 2491 928 ἑνότητα
2527 833 2658 928 τῆς

182 984 228 1042 5
244 950 588 1049 πίστεως,
632 950 843 1059 ψυχὴ
896 951 1189 1033 πάντων
1232 950 1408 1034 εἶναι
1461 954 1591 1051 μία
1648 952 1933 1054 λέγεται
1987 955 2104 1033 καὶ
2163 953 2435 1055 καρδίαν
2512 948 2657 1056 ἆρα

244 1073 381 1152 οὖν
416 1075 534 1152 καὶ
588 1074 772 1154 κατὰ
825 1085 1081 1156 τοῦτον
1130 1081 1248 1156 καὶ
1299 1078 1500 1156 αὐτοὶ
1552 1074 1684 1156 τὸν
1727 1075 2018 1179 τρόπον,
2055 1081 2202 1155 τῶν
2236 1075 2657 1179 προσώπων
2682 1090 2817 1147 485
2850 1088 2949 1148 H·

252 1195 389 1296 τὴν
444 1198 705 1278 ἕνωσιν
766 1200 1147 1301 ὁμολογεῖν
1204 1200 1561 1302 ἐγνώκασι
1592 1232 1615 1297 3
1686 1204 1829 1280 Καὶ
1884 1198 2066 1299 μετὰ
2119 1198 2428 1305 βραχέα·
2509 1203 2657 1280 Καὶ

254 1319 529 1401 οὐδέπω
568 1320 807 1428 φαμὲν
840 1324 916 1402 ἐν
949 1327 1055 1430 τῷ
1091 1323 1512 1432 ἀνθρωπίνῳ
1543 1322 1830 1423 σώματι
1866 1322 1999 1422 τὴν
2031 1331 2157 1403 τοῦ
2186 1328 2380 1402 Θεοῦ
2409 1320 2658 1425 Λόγου

252 1444 822 1552 περιγεγράφθω
876 1444 1123 1553 φύσιν·
1192 1447 1480 1527 ἅποσον
1533 1444 1681 1550 γὰρ
1734 1445 1820 1526 τὸ
1867 1452 2081 1527 θεῖον.
2155 1442 2337 1526 Εἶτα
2380 1444 2653 1550 ἐπάγει·

152 1564 580 1673 ιοὌψεταί
619 1601 729 1651 τις
772 1570 850 1647 ἐν
903 1573 1210 1677 Χριστῷ
1263 1569 1348 1649 τὸ
1403 1569 1851 1672 ἀνθρώπινον
1905 1570 2190 1653 τελείως
2244 1569 2435 1674 ἕχον,
2473 1568 2659 1650 κατά

250 1724 338 1793 γε
391 1691 520 1770 τὸν
555 1694 680 1790 τῆς
731 1693 909 1776 ἰδίας
954 1693 1248 1799 φύσεως
1290 1693 1542 1796 λόγον·
1625 1694 1883 1793 ὁμοίως
1938 1727 2016 1773 τε
2070 1692 2343 1774 τέλειον
2397 1689 2526 1773 τὸν
2579 1695 2657 1774 ἐκ

253 1821 448 1897 Θεοῦ
502 1815 740 1922 φύντα
790 1818 1056 1921 Λόγον·
1132 1818 1333 1918 πλὴν
1387 1819 1511 1900 ἕνα
1561 1817 1691 1899 τὸν
1746 1820 1836 1927 ἐξ
1885 1822 2156 1926 ἀμφοῖν
2212 1817 2656 1921 ὁμολογήσει

249 1939 587 2042 Χριστὸν
622 1943 738 2020 καὶ
776 1938 976 2040 Υἱὸν,
1013 1944 1097 2022 οὐ
1129 1943 1548 2045 προσώπων
1585 1940 1837 2024 ἑνώσει
1873 1940 2096 2043 μόνον
2133 1947 2490 2027 συντιθεὶς
2525 1941 2657 2041 τὴν

251 2066 682 2163 οἰκονομίαν,
717 2066 1109 2166 συλλέγων
1148 2065 1224 2146 δὲ
1270 2073 1564 2166 μᾶλλον
1599 2070 1697 2149 εἰς
1743 2065 1818 2146 ἓν
1859 2063 1989 2150 τὰς
2023 2066 2282 2174 φύσεις
2333 2063 2652 2170 ἀποῤῥή·

149 2219 221 2279 15
249 2220 393 2272 τως
428 2222 513 2290 γε
548 2189 664 2268 καὶ
702 2189 875 2291 ὑπὲρ
910 2188 1154 2291 λόγον,
1194 2192 1291 2273 ὡς
1327 2189 1538 2275 αὐτὸς
1575 2190 1759 2291 ἔγνω
1797 2191 1837 2270 ὁ
1875 2187 2084 2274 Θεός.
2144 2190 2263 2268 καὶ
2303 2189 2388 2268 οὗ
2424 2189 2653 2288 δήπου

250 2310 493 2415 φαμὲν
527 2309 880 2417 ἀνάχυσιν
922 2310 1172 2416 ὥσπερ
1207 2312 1366 2393 τινὰ
1420 2316 1792 2412 συμβῆναι
1844 2316 2006 2416 περὶ
2055 2309 2184 2396 τὰς
2235 2311 2514 2416 φύσεις,
2554 2316 2653 2396 ὡς

247 2440 691 2535 μεταστῆναι
741 2435 872 2534 μὲν
908 2434 1041 2535 τὴν
1075 2444 1204 2516 τοῦ
1238 2435 1487 2538 Λόγου
1525 2436 1754 2540 φύσιν
1793 2442 1888 2521 εἷς
1926 2435 2057 2535 τὴν
2092 2444 2220 2515 τοῦ
2269 2435 2652 2539 ἀνθρώπου

246 2556 495 2665 τυχόν·
592 2560 763 2639 ἀλλ’
826 2556 984 2639 οὐδὲ
1040 2561 1132 2640 αὖ
1195 2558 1327 2662 τὴν
1386 2562 1845 2663 ἀνθρωπίνην
1902 2566 1998 2645 εἷς
2060 2558 2193 2660 τὴν
2247 2560 2466 2639 αὑτοῦ
2523 2566 2654 2640 τοῦ

247 2682 524 2784 Λόγου·
587 2682 968 2785 νοουμένης
1003 2684 1078 2763 δὲ
1113 2690 1405 2783 μᾶλλον
1442 2686 1558 2764 καὶ
1589 2685 2054 2790 ὑπαρχούσης
2080 2684 2411 2787 ἑκατέρας
2448 2685 2523 2764 ἐν
2549 2689 2653 2792 τῷ

147 2846 222 2886 20
244 2812 373 2907 τῆς
412 2808 593 2892 ἰδίας
630 2806 925 2914 φύσεως
961 2806 1126 2914 ὅρῳ,
1165 2805 1577 2912 πεπράχθαι
1615 2806 1853 2913 φαμὲν
1889 2806 2023 2907 τὴν
2058 2807 2338 2904 ἕνωσιν,
2375 2805 2646 2907 ἐνοική-

244 2964 518 3016 σαντος
570 2938 699 3010 τοῦ
756 2929 1004 3032 Λόγου
1056 2937 1487 3031 σωματικῶς
1541 2937 1646 3039 τῷ
1701 2935 1779 3010 ἐκ
1832 2931 2191 3035 παρθένου
2250 2935 2419 3036 ναῷ.
2505 2934 2648 3011 Καὶ

242 3056 398 3148 μετ’
457 3055 694 3156 ὀλίγα·
772 3053 872 3133 Εἴ
919 3087 1027 3139 τις
1090 3055 1215 3134 οὖν
1279 3054 1420 3159 ἄρα
1483 3056 1679 3157 λέγει
1742 3053 1982 3155 μόνων
2038 3053 2457 3157 προσώπων
2513 3053 2650 3153 τὴν

242 3178 527 3276 ἕνωσιν,
588 3175 1013 3261 ἀποδιιστὰς
1075 3174 1494 3280 ὁλοτρόπως
1556 3177 1911 3279 ἀλλήλων
1971 3177 2102 3263 τὰς
2163 3176 2442 3284 φύσεις,
2504 3179 2647 3288 ἔξω

241 3309 374 3404 τῆς
428 3306 696 3389 εὐθείας
754 3306 1046 3413 φέρεται
1102 3306 1375 3409 τρίβου.

315 3514 370 3573 7.
406 3501 537 3570 μετὰ
559 3503 601 3566 β
664 3500 761 3573 χέα
785 3499 926 3556 edidi
950 3518 1016 3557 ex
1043 3500 1258 3572 Seriptt.
1284 3502 1406 3557 Vct.
1432 3502 1470 3556 l.
1491 3519 1539 3557 c.
1562 3502 1680 3571 μεθ’
1706 3503 1856 3574 ἕτερα
1882 3503 1986 3560 Ed.
2263 3515 2451 3571 15-21.
2493 3503 2645 3561 Haec

240 3572 412 3627 citant
436 3580 489 3625 et
513 3589 560 3626 a.
632 3573 670 3626 l.
688 3590 759 3655 49
785 3572 888 3627 sub
912 3572 1070 3654 titulo
1091 3575 1186 3626 τοῦ
1209 3573 1366 3627 αὐτοῦ
1385 3572 1441 3626 ἐκ
1459 3575 1551 3654 τῆς
1567 3574 1830 3656 ἑρμηνείας
1843 3577 1934 3643 τῆς
1951 3575 2084 3644 πρὸς
2104 3574 2343 3656 ἕβραίους
2360 3575 2645 3646 ἐπιστολῆς

239 3652 296 3697 et
317 3641 457 3697 Cod.
485 3640 544 3696 S.
564 3641 735 3697 Marci
753 3642 988 3697 Venetus
1007 3656 1112 3714 573
1131 3642 1259 3711 (sec.
1286 3643 1376 3698 xii.
1402 3651 1706 3698 tesnmoma
1730 3644 2035 3713 continens)
2062 3643 2165 3699 sub
2190 3646 2348 3699 ntulo
2370 3648 2464 3699 τοῦ
2486 3648 2646 3703 αὐτοῦ

240 3713 301 3767 ἐκ
318 3716 415 3767 τοῦ
429 3711 671 3796 δευτέρου
693 3714 854 3795 τᾷμου
869 3714 959 3782 τῆς
980 3714 1111 3797 προς
1124 3714 1363 3784 ὅβραίους
1379 3713 1679 3838 ἔπιστολῧῖ,
1698 3724 1752 3768 et
1765 3714 1991 3797 Niketas
2008 3714 2296 3798 Choniatee
2315 3714 2372 3770 in
2390 3715 2537 3771 Pano
2573 3718 2646 3772 lia

242 3783 550 3854 dogmatica
585 3782 899 3851 (codicibus
937 3782 1571 3839 Mediceo-Luurentiano
1661 3793 1739 3839 ut.
1774 3803 1847 3840 ix.
1875 3802 1961 3852 24,
2002 3783 2293 3839 Bodleiano
2328 3794 2514 3840 nostro

243 3869 311 3908 22
336 3854 433 3908 fol.
462 3853 565 3907 218
582 3854 660 3922 v),
687 3853 791 3908 sub
815 3854 971 3907 titulo
1003 3853 1059 3908 ἐκ
1095 3855 1185 3922 τῆς
1215 3854 1480 3925 ἑρμηνείας
1501 3857 1591 3923 τῆς
1612 3856 1745 3925 πρὸς
1768 3857 2009 3924 ε’βραίους
2031 3855 2330 3925 ἐπιπολῆς,
2355 3865 2409 3910 et
2434 3856 2643 3929 Euthy-

238 3924 387 3978 mius
406 3923 711 3993 Zigabenus
736 3924 794 3978 in
818 3923 1072 3994 Panoplin
1096 3922 1396 3995 dogmatica
1418 3923 1587 3992 (Bibl.
1615 3925 1676 3980 S.
1704 3925 1973 3980 Laurentii
1999 3925 2351 3981 Eseorialensi
2376 3925 2445 3980 X.
2471 3926 2544 3981 iii.
2564 3929 2643 3999 5),

239 4003 296 4049 et
321 3993 600 4064 Ephraim.
637 3995 675 4048 1.
701 4012 749 4048 c.
786 4002 840 4049 et
873 4011 1045 4065 unque
1083 3992 1269 4049 ἕνωσιν
1317 3994 1633 4049 Anastasius
1673 3995 1875 4050 Sinaita
1901 3996 2057 4065 (Viae
2084 3996 2212 4050 Dux
2241 3995 2367 4067 188)
2391 4005 2446 4051 et
2468 4005 2646 4053 totum

241 4063 434 4119 Latine
476 4065 534 4118 in
574 4063 799 4119 Leontio
842 4063 1141 4135 Byzantino
1184 4073 1370 4120 contra
1415 4065 1633 4121 Nestor.
1671 4075 1724 4120 et
1761 4066 2126 4138 Eutychianos
2160 4065 2255 4121 lib.
2289 4066 2348 4129 i.,
2394 4065 2644 4123 Gallandi

242 4133 391 4190 Bibl.
420 4134 544 4190 Vet.
572 4134 715 4189 Patr.
741 4135 832 4189 xii.
859 4134 983 4205 673.
1258 4148 1339 4202 15.
1377 4136 1438 4189 οὔ
1462 4134 1627 4204 δήπου
1652 4153 1700 4190 a.
1728 4135 1905 4191 Chon.
1932 4135 2099 4191 Euth.
2127 4135 2294 4208 Ephr.
2322 4137 2643 4194 Anastasius

234 4204 383 4260 eod.
430 4204 571 4258 Ven.
612 4202 701 4277 [οὔ
736 4207 816 4260 δεῖ
860 4226 965 4260 που
1002 4202 1143 4260 eod.
1182 4203 1350 4277 Ven.]
1389 4206 1612 4261 οὔδέπου
1648 4208 1780 4276 preli
1816 4207 2111 4278 sphalmata
2151 4207 2209 4261 in
2249 4206 2468 4279 Scriptt.
2494 4208 2641 4264 Vett.

242 4275 425 4330 Maius
448 4273 597 4330 unde
619 4275 820 4330 οὐδέπω
847 4275 949 4331 Ed.
1328 4276 1409 4331 18.
1445 4276 1564 4331 ἀλλ’
1590 4276 1711 4331 οὔδε
1763 4299 2011 4347 „amm
2078 4299 2160 4332 m
2183 4277 2241 4331 δὲ
2267 4277 2444 4333 chon.
2470 4277 2640 4333 Euth.

242 4344 437 4400 Statim
462 4343 529 4400 οὗ
550 4346 766 4417 reposui
788 4364 818 4400 e
844 4344 958 4400 Scri
998 4354 1061 4401 tt.
1078 4346 1224 4401 Vett.
1247 4345 1550 4402 fnventibus
1576 4345 1714 4402 cod.
1784 4365 1869 4403 en.
1893 4357 1946 4402 et
1970 4348 2055 4418 Ep
2095 4367 2139 4403 r.
2165 4357 2218 4402 et
2236 4349 2424 4403 Anast.
2443 4347 2645 4403 Sinaita

276 4416 335 4471 ni
370 4414 479 4471 οὐδ’
504 4414 571 4471 αὖ
593 4416 863 4471 exhibent.
980 4416 1128 4470 tatim
1151 4418 1310 4472 πάλιν
1331 4415 1482 4471 addit
1506 4417 1677 4488 Ephr.
1779 4419 1937 4474 αὔτοῦ
1958 4421 2054 4473 τοῦ
2073 4420 2239 4491 λόγου
2264 4418 2402 4474 Cod.
2427 4418 2565 4473 Ven.
2589 4427 2644 4473 et

290 4486 411 4558 pbr.
440 4485 633 4542 Leont.
671 4486 727 4540 in
754 4485 893 4541 Gall.
919 4489 1012 4541 τοῦ
1041 4489 1206 4558 λόγου
1238 4486 1493 4542 Leontius
1520 4488 1579 4543 in
1605 4487 1824 4559 Scriptt.
1843 4490 1987 4544 vett.
2016 4488 2191 4544 Chon.
2220 4488 2386 4543 Euth.
2409 4488 2568 4542 οὔτοῦ
2590 4505 2641 4543 a.

238 4557 433 4613 Anat.
462 4556 670 4614 Sinaita
693 4557 815 4612 θεοῦ
841 4556 943 4612 Ed.
1160 4574 1244 4613 20.
1281 4557 1816 4632 e'votxu'warrw-vaq‘i
1841 4560 2037 4616 demut
2059 4560 2116 4615 in
2145 4558 2365 4615 Leontio
2392 4557 2640 4630 [Scriptt.

240 4627 415 4700 vett]
649 4644 735 4684 21.
772 4625 853 4700 ε’κ]
890 4634 943 4693 -Ι-
975 4630 1065 4697 τῆς
1088 4625 1234 4699 ἁγίας
1259 4628 1432 4700 Ephr.
