3269 5166
320 2625 408 2677 Εἰ.
423 2623 499 2676 iii.

324 2704 404 2745 ιο.

598 1914 636 1959 0
659 1870 983 1974 γήματος
1054 1871 1269 1959 αὐτὸς
1330 1873 1422 1976 ἦν
1480 1875 1625 2024 ἄρα
1695 1880 2017 1982 τεχνίτης
2088 1880 2205 1957 καὶ
2270 1870 2819 1971 διασκευαστὴς,
2893 1902 3047 1968 παρ

653 346 742 409 28
1251 348 1330 413 Β.
1379 347 1809 413 CYRILLI
1866 346 2445 413 ALEXANDR.
2617 340 3070 420 xviii.12-14·

654 539 734 585 τε
784 511 912 607 τῆς
966 509 1219 591 ἑαυτοῦ
1273 546 1511 617 χειρος
1556 520 1685 591 τοῦ
1725 511 2005 616 Πέτρου
2058 509 2191 611 τὴν
2246 509 2625 616 μάχαιραν,
2670 503 3071 586 ὑποθέντος

653 664 729 712 τε
786 629 1040 735 ὥσπερ
1087 642 1243 720 ταῖς
1298 642 1444 714 τῶν
1491 634 1857 716 Ἰουδαίων
1911 638 2161 740 χερσὶν
2214 632 2464 714 ἑαυτὸν
2517 639 2646 712 τοῦ
2699 633 3068 730 Χριστοῦ,

655 755 882 835 καίτοι
938 755 1040 856 μὴ
1097 765 1352 840 παθεῖν
1406 758 1574 865 ἐξὸν
1627 762 1746 838 καὶ
1810 762 2179 861 διαδρᾶναι
2233 761 2433 865 ῥᾶον,
2493 753 2864 855 ἆνημὲρως
2925 750 3069 850 ὢη

588 887 635 954 d
659 880 1000 984 φέρονται
1062 889 1211 966 τοῖς
1273 888 1543 984 θυμοῖς,
1607 887 1727 964 καὶ
1790 890 1886 967 εἷς
1949 883 2234 988 ἄμαχον
2296 880 2546 983 ὥσπερ
2602 874 3068 958 ἀνακαίονται

656 1002 953 1106 θράσος,
993 1007 1069 1085 οἵ
1103 1039 1181 1086 τε
1222 1014 1663 1111 στρατιῶται
1717 1004 1860 1086 σῦν
1915 1013 2018 1116 τῷ
2073 1012 2544 1108 καθηγεῖσθαι
2599 997 2912 1106 λαχόντι
2950 997 3064 1077 καὶ
3085 1024 3120 1086 5

657 1135 714 1207 οἱ
773 1125 918 1208 σὺν
980 1129 1219 1215 αὐτοῖς
1276 1129 1614 1241 ὑπηρέται.
1699 1132 1977 1212 εἴκοντα
2048 1130 2124 1211 δὲ
2189 1130 2328 1231 ἤδη
2386 1127 2571 1232 πρὸς
2615 1132 2768 1207 πᾶν
2821 1125 3066 1202 ὁτιοῦν

655 1251 896 1336 αὐτοῖς
946 1251 1230 1339 ἑλόντες
1292 1254 1422 1334 τὸν
1473 1255 1764 1358 Κύρων,
1823 1261 2115 1355 δεσμοῖς
2170 1255 2304 1354 μὲν
2360 1253 2773 1347 ἐντείνουσι,
2829 1248 3064 1328 καίτοι

656 1373 775 1455 διὰ
821 1383 1035 1456 τοῦτο
1082 1374 1263 1480 πρὸς
1311 1378 1496 1479 ἡμᾶς
1546 1379 1970 1487 ἀφιγμένον,
2005 1380 2122 1459 ἵνα
2166 1384 2455 1476 δεσμῶν
2499 1378 2684 1477 ἡμᾶς
2719 1368 3062 1480 ἐξέληται

657 1500 1113 1599 διαβολικῶν,
1169 1505 1288 1582 καὶ
1348 1504 1430 1583 ἐκ
1494 1510 1643 1584 τῶν
1713 1508 1842 1602 τῆς
1911 1504 2261 1607 ἁμαρτίας
2323 1499 2668 1605 ἀπολύσῃ
2731 1496 3054 1601 βρόχων·

659 1621 1176 1725 ἀποκομίζουσι
1219 1626 1296 1706 δὲ
1345 1664 1511 1732 προς
1540 1628 1808 1719 “Anam
1848 1625 2132 1734 πενθερὶν
2161 1625 2337 1706 ὄντα
2377 1629 2488 1707 τοῦ
2527 1622 2860 1729 Καίιίφα,
2901 1618 3063 1700 ὅθεν
3087 1645 3146 1688 1⁰

656 1781 813 1832 πως
847 1748 1016 1848 ἡμῖν
1054 1748 1327 1830 ἔπεισιν
1342 1751 1539 1910 Ηῆδη
1538 1760 1746 1851 νοεῖν,
1782 1751 1892 1833 ὅτι
1926 1759 2054 1832 τοῦ
2090 1750 2275 1830 κατὰ
2309 1745 2640 1853 Χριστον
2671 1749 3060 1846 ἀνοσιουρ·

657 1996 878 2077 αὐτοῦ
931 2031 1011 2077 τε
1054 2030 1240 2077 κατα
1283 1999 1368 2079 τὸ
1413 1999 1598 2085 εἰκὸς
1646 1997 2279 2104 μεμισθαρνηκότα
2332 2034 2462 2080 τον
2513 1994 2880 2099 προδότην
2933 1989 3064 2091 τὴν

656 2122 1242 2227 συλληψομένην
1286 2121 1413 2202 τὸν
1455 2123 1789 2227 Χριστὸν
1837 2125 2212 2233 ἐξαιτῆσαι
2259 2122 2575 2223 πληθύν.
2663 2120 2859 2226 αὐτῷ
2903 2151 3058 2197 τοι·

657 2252 930 2349 γαροῦν
984 2244 1487 2348 ἀποκομίζεται
1540 2250 1833 2357 πρώτῳ.
1903 2247 2124 2328 ἐδόκει
2161 2246 2306 2352 γὰρ
2338 2254 2487 2331 τοῖς
2521 2244 2915 2336 Ἰουδαίοις,
2950 2241 3062 2321 καὶ
3083 2266 3143 2326 15

654 2369 895 2451 αὐτοῖς
951 2369 1118 2469 ἡμῖν
1154 2371 1526 2477 ἀποδεῖξαι
1580 2371 2010 2475 πράγμασιν
2050 2372 2312 2472 ἀληθὲς
2369 2371 2694 2475 ὑπάρχον
2749 2366 2892 2467 ἤδη
2948 2367 3062 2445 καὶ

656 2491 894 2595 παρὸν
975 2491 1153 2598 ὅπερ
1226 2495 1606 2600 ἐφαίνοντο
1682 2496 2014 2599 λέγοντες
2086 2495 2204 2576 διὰ
2275 2499 2401 2597 τῆς
2475 2502 2604 2576 τοῦ
2680 2491 3064 2598 προφήτου

661 2619 908 2718 φωνῆς
951 2627 997 2664 “
1024 2616 1393 2720 Δήσωμεν
1432 2620 1561 2702 τὸν
1607 2622 1898 2721 δίκαιον,
1939 2621 2049 2702 ὅτι
2105 2621 2567 2727 δύσχρηστος
2621 2618 2791 2719 ἡμῖν
2826 2617 3059 2697 ἐστί’

661 2737 1125 2844 δύσχρηστος
1175 2776 1321 2846 γαρ
1366 2743 1589 2830 ὅντως
1627 2745 2073 2831 Ἰουδαίοιςς
2028 2782 2119 2848 ην
2156 2780 2198 2826 ο
2235 2743 2582 2849 Χριστὸς,
2620 2745 2777 2848 οὐχι
2815 2749 3056 2821 τοιοῦ·
3203 2755 3204 2844 ξ

2298 2878 2329 2894 ἢ

661 2897 785 2949 τος
850 2863 1192 2970 ὑπάρχων
1254 2902 1487 2965 αυτος,
1551 2872 1724 2949 ἀλλ’
1783 2871 2067 2972 ἐπείπερ
2123 2904 2358 2954 αυτοις
2413 2868 2565 2976 ἕξιν
2620 2866 2874 2972 ἔχουσι
2932 2864 3062 2965 τὴν
3085 2899 3150 2940 20
3203 2877 3204 2964 j

320 3003 577 3064 1021A
606 3017 643 3058 8
663 2990 1269 3098 φιλαμαρτήμονα
1333 3027 1449 3072 και
1508 2992 1923 3098 φιλήδονον,
1983 2992 2184 3073 ουδὲν
2243 2992 2464 3073 ἐδόκει
2526 2998 2672 3072 τῶν
2740 2991 3064 3095 α’ρίστωυ

657 3115 1035 3221 εισφέρειν,
1072 3114 1206 3216 τὴν
1262 3116 1441 3219 ὑπὲρ
1484 3115 1706 3217 νόμον
1756 3114 2215 3218 δικαιοσύνην
2246 3117 2770 3220 εἰσηγούμενος,
2809 3118 2930 3194 καὶ
2981 3111 3063 3194 τὸ

657 3240 913 3319 δοκοῦν
981 3240 1204 3324 ὅντως
1273 3247 1378 3349 τῷ
1456 3241 1822 3351 φιλαρέτῳ
1888 3246 2055 3349 Θεῷ
2127 3246 2564 3344 περιστολῆς
2629 3274 2824 3324 τινος
2898 3242 3064 3345 δίχα

655 3365 1068 3463 παρατιθεις
1105 3367 1203 3446 εἷς
1239 3365 1656 3465 ἐπίγνωσιν,
1695 3369 1778 3446 οὐ
1814 3364 2148 3465 τοιαύτην
2183 3365 2471 3470 ἔχοντος
2508 3373 2635 3445 τοῦ
2674 3362 2900 3461 νόμου
2934 3362 3065 3464 τὴν

655 3483 844 3582 ὁδὸν,
911 3484 1030 3564 διὰ
1089 3490 1302 3567 σκιᾶς
1362 3485 1438 3565 δε
1507 3496 1803 3587 μᾶλλον
1866 3492 1985 3569 καὶ
2047 3488 2487 3590 αἰνιγμάτων
2546 3488 2884 3591 πλαγίως
2950 3491 3060 3568 καὶ
3087 3511 3149 3569 ²5

656 3605 871 3709 μόλις
919 3606 1005 3688 τὸ
1048 3606 1368 3713 πεφυκὸς
1405 3613 1715 3718 ὠφελεῖν
1749 3620 1896 3698 τοῖς
1945 3613 2414 3715 ἀκροωμένοις
2460 3612 3054 3716 παρασημαίνον-

550 3779 555 3783 ·
660 3769 808 3818 τος.
890 3732 1108 3836 ὅνπερ
1156 3733 1284 3814 οὖν
1325 3732 1598 3838 τρόπον
1632 3745 1783 3822 τοῖς
1828 3736 1960 3837 μὲν
1994 3738 2120 3817 οὖν
2154 3736 2287 3837 τὴν
2319 3736 2498 3844 ὄψιν
2532 3738 3063 3839 λελωβημένας

660 3856 1128 3963 δύο-χρηστόν
1180 3892 1337 3943 πως
1392 3860 1550 3940 ἐστὶ
1606 3869 1736 3940 τοῦ
1791 3861 2001 3960 ἡλίου
2049 3859 2135 3940 τὸ
2192 3868 2369 3967 φῶς,
2434 3863 2768 3962 οὐδεμίαν
2826 3861 3062 3946 αὖτόῖς

656 3983 998 4082 ἐμποιοῦν
1044 3981 1181 4081 τὴν
1228 3979 1506 4083 ὄνησιν,
1552 3983 2181 4088 παραποδιζούσης
2230 3989 2328 4069 εἷς
2375 3993 2589 4067 τοῦτο
2638 3990 2763 4085 τῆς
2817 3985 3064 4083 νόσου,

656 4112 806 4190 τοῖς
864 4104 940 4185 δὲ
993 4103 1127 4205 τὴν
1186 4106 1338 4213 ἕξιν
1390 4108 1903 4208 κεκακωμένοις
1975 4107 2070 4188 τὰ
2127 4115 2275 4189 τῶν
2322 4109 2738 4208 ἐδεσμάτων
2796 4108 3066 4212 ὑγιεινὰ
3091 4136 3156 4196 30

661 4229 1261 4336 δυσχρηστότερά
1295 4265 1452 4318 πως
1488 4239 1636 4313 τῶν
1676 4233 1936 4337 ἑτερων
1973 4229 2150 4313 εἶναι
2183 4239 2393 4333 δοκεῖ,
2431 4236 2654 4315 καίτοι
2690 4234 3067 4342 προξενεῖν

735 4531 785 4589 7.
821 4515 1103 4572 ἔντείνουσι
1128 4517 1195 4573 Ε.
1219 4518 1506 4575 ἐκπίνουσι
1530 4519 1636 4577 Ed.
1868 4538 1955 4590 24.
1991 4525 2205 4578 τοιαῦτα
2229 4522 2294 4578 Ε.
2533 4538 2623 4594 3ο.
2659 4521 2717 4577 δέ
2739 4523 2836 4593 τὴν
2858 4542 2971 4582 om.
2997 4525 3064 4583 B.

658 4587 1049 4661 κεκακωμένοις]
1070 4589 1156 4643 καὶ
1179 4588 1489 4659 κακωμίνοις
1507 4591 1575 4647 Ε.
