3269 5166
559 335 677 393 652

638 512 709 571 iii.
735 515 852 574 556
907 513 1095 570 cordis
1137 512 1500 571 stabilitatem
1527 512 1703 573 habe·

637 630 767 670 mus
795 612 870 669 iii.
904 615 1022 671 559
1091 611 1165 668 ad
1192 610 1479 671 Creatoris
1506 611 1705 668 volun-

638 717 814 767 tatem
849 709 1168 768 stabilimur
1196 709 1270 766 ib.
1343 719 1703 785 peecatorum

637 808 894 866 remissio
916 807 991 864 iii.
1019 810 1132 865 561
1187 816 1444 865 mortuos
1471 806 1707 864 suscitat

637 905 898 965 Christus
928 905 1001 963 iii.
1033 907 1171 964 563.

558 1002 801 1080 Spiritus
831 1002 1077 1061 Sanctus
1105 1003 1226 1060 sine
1255 1002 1388 1072 Quo
1419 1001 1557 1059 nihil
1584 1001 1704 1059 effi-

637 1120 765 1159 cere
807 1119 1105 1177 possumus
1148 1103 1267 1160 813
1304 1120 1337 1158 c
1406 1099 1703 1166 illuminat,

635 1199 776 1257 alios
818 1199 1018 1275 magis,
1062 1199 1203 1255 alios
1245 1197 1431 1256 minus
1466 1199 1584 1256 828
1613 1198 1652 1253 d
1674 1216 1708 1254 e

640 1296 907 1357 scientiae
974 1297 1258 1372 perfectae
1320 1296 1390 1353 ad
1477 1305 1707 1355 sanctos

640 1395 794 1453 Fons
851 1397 968 1454 838
1019 1413 1114 1452 ac
1207 1394 1461 1452 omnium
1517 1412 1705 1451 rerum

637 1493 912 1551 bonarum
942 1490 1243 1550 Plenitudo
1275 1494 1386 1550 841
1422 1511 1456 1548 a
1510 1510 1544 1548 a
1564 1490 1708 1547 Filio

638 1599 928 1649 creaturae
983 1590 1167 1660 datus,
1224 1607 1337 1646 non
1395 1597 1586 1646 antem
1644 1595 1710 1645 ut

639 1688 895 1745 ministro
953 1690 1071 1745 910
1127 1687 1165 1745 b
1207 1705 1256 1752 c,
1322 1687 1394 1744 cf.
1448 1686 1528 1743 iii.
1586 1689 1704 1745 553

639 1786 927 1861 quomodo
949 1785 1152 1860 accipit
1172 1786 1298 1859 Ipse
1321 1783 1515 1852 Filius,
1536 1804 1710 1861 quum

639 1882 797 1941 Deus
825 1890 913 1940 est
942 1885 1055 1941 931
1083 1901 1116 1940 e
1171 1882 1374 1958 accipit
1402 1890 1465 1941 ut
1496 1882 1708 1947 Homo,

638 1980 756 2038 Sibi
799 1988 990 2038 tamen
1019 1980 1117 2041 dat
1145 1982 1257 2039 991
1293 1981 1351 2054 d,
1380 1983 1498 2040 992
1528 1999 1580 2048 e,
1636 1980 1711 2038 iii.

643 2081 780 2145 379,
815 2081 932 2138 380
1008 2078 1254 2155 Spiritus
1296 2078 1571 2150 salutaris,
1599 2078 1636 2136 i.
1660 2097 1710 2136 e.

641 2175 887 2254 Spiritus
929 2175 1142 2236 Christi
1187 2177 1301 2247 Qui
1336 2186 1425 2236 est
1451 2176 1712 2236 salutaris

647 2279 801 2335 1005
830 2275 869 2333 b
910 2276 1023 2333 Pax
1043 2275 1257 2335 Christi
1283 2280 1436 2335 1092
1467 2275 1507 2333 d
1547 2276 1713 2350 Aqua

638 2373 859 2431 vivifica
899 2392 934 2430 a
972 2373 1114 2430 Filio
1156 2373 1367 2431 donata
1398 2372 1462 2430 M
1506 2376 1579 2431 61
1625 2372 1706 2447 [p.

640 2470 813 2544 279],
843 2469 914 2528 cf.
955 2468 1020 2528 M
1049 2474 1126 2529 67
1160 2470 1240 2545 [p.
1274 2472 1445 2546 290].

556 2565 799 2645 Spiritus
847 2566 1092 2626 Sanctus
1143 2566 1302 2626 Deus
1344 2567 1456 2639 Qui
1495 2571 1559 2626 τὰ
1599 2567 1710 2626 Dei

551 2725 558 2732 ,
638 2674 904 2741 operatur
950 2669 1104 2727 1102
1138 2685 1172 2724 a
1226 2686 1400 2742 quum
1443 2668 1539 2743 qui
1579 2665 1708 2725 Deo

635 2764 887 2839 loquitur
941 2763 1176 2840 Spiritui
1231 2765 1479 2840 loquitur
1533 2763 1598 2824 M
1626 2768 1705 2823 68

642 2860 729 2939 [p.
758 2858 903 2942 292]
959 2862 1076 2932 Qui
1116 2863 1211 2920 ubi
1253 2863 1330 2921 ibi
1366 2863 1598 2921 libertas
1639 2861 1706 2921 M

639 2962 712 3018 91
754 2959 836 3035 [p.
862 2961 1031 3032 337],
1064 2963 1140 3020 92
1175 2962 1255 3036 [p.
1285 2962 1453 3036 340].

551 3056 801 3134 Spiritus
844 3057 1091 3116 Sanctus
1117 3059 1274 3117 Deus
1315 3059 1554 3134 ideoque
1587 3078 1703 3115 non

636 3154 888 3227 visibilis,
916 3156 1137 3214 etiamsi
1176 3157 1322 3214 Eum
1352 3156 1492 3214 vidit
1518 3157 1577 3214 in
1606 3176 1702 3214 co·
1752 3173 1757 3206 ε

636 3253 863 3312 lumbae
931 3253 1134 3323 forma,
1205 3254 1464 3312 animalis
1532 3254 1702 3327 mitis,

638 3351 835 3410 similis
914 3352 1054 3410 Jesu
1139 3351 1291 3409 mitis
1366 3352 1705 3428 humilisque

639 3451 829 3519 corde,
886 3450 1147 3527 Baptista
1206 3453 1319 3508 147
1365 3468 1400 3506 a
1425 3449 1464 3507 b
1535 3449 1707 3508 efficit

638 3547 1090 3606 Incarnationem
1124 3551 1240 3607 366
1263 3567 1295 3605 e
1352 3556 1617 3624 operatur
1646 3546 1703 3605 in

637 3643 818 3710 nobis,
839 3663 954 3702 non
983 3655 1171 3703 autem
1202 3643 1391 3712 servili
1421 3646 1596 3703 modo
1625 3646 1702 3703 iii.

640 3743 777 3806 363,
836 3746 953 3802 364
1037 3744 1321 3816 quomodo
1390 3763 1423 3802 e
1492 3743 1702 3819 Spiritu

634 3840 751 3896 nati
796 3858 990 3898 sumus
1037 3846 1151 3901 147
1181 3860 1231 3906 e,
1267 3845 1382 3899 148
1411 3861 1445 3898 a
1513 3861 1547 3899 a
1580 3842 1703 3899 Deo

638 3937 826 3995 solum
869 3939 1049 4005 datus,
1094 3957 1194 4014 per
1229 3939 1532 4014 Apostolos
1574 3948 1701 3996 tan-

637 4054 807 4110 quam
876 4036 1233 4095 invocatores
1300 4056 1415 4095 non
1477 4037 1705 4095 datores

640 4137 755 4194 169
786 4153 835 4201 e,
866 4135 940 4192 cf.
973 4137 1093 4196 989
1120 4135 1158 4193 b
1179 4155 1229 4193 c.

554 4231 801 4307 Spiritus
850 4231 1096 4290 Sanctus
1151 4234 1364 4291 bonum
1411 4233 1703 4308 proprium

634 4331 927 4405 incognita
955 4350 1299 4407 cognoscere
1319 4331 1560 4407 largitur
1586 4335 1700 4391 115

633 4446 666 4484 c
736 4428 1092 4487 characteres
1133 4447 1268 4487 suos
1307 4429 1367 4486 in
1413 4429 1702 4487 hominem

632 4543 666 4579 a
694 4524 876 4598 prima
912 4525 1195 4584 creatione
1230 4526 1550 4602 obsignavit
1583 4532 1698 4588 122

1386 331 1711 390 INDEX
1792 331 2161 390 RERUM.

2366 349 2640 389 uultus
2686 350 2963 391 ΒΔΝΟΤΙῘ.

1887 533 1920 571 c
2014 513 2367 571 characteres
2420 531 2456 569 a
2506 520 2747 587 peceato
2804 511 2962 587 prius

1885 611 2184 669 adulterati
2236 611 2311 669 ib.
2360 611 2400 667 d
2485 610 2693 667 deinde
2750 609 2957 667 oblite-

1886 708 2013 776 rati,
2074 709 2149 767 ib.
2207 727 2239 766 e
2315 726 2418 783 per
2472 707 2579 765 Dei
2637 707 2960 765 misericor-

1886 807 2036 863 diam
2100 806 2357 863 renovati
2425 806 2519 870 ib..
2577 805 2648 865 cf.
2709 809 2866 864 1097
2927 825 2960 862 e

1887 904 2012 961 Deo
2067 903 2227 976 Filio,
2275 904 2462 979 quoad
2515 903 2713 969 homo,
2772 904 2961 978 primo

1886 1001 2067 1069 datus,
2096 1010 2333 1061 naturae
2374 1002 2446 1060 ab
2486 1001 2591 1059 1110
2630 1009 2961 1077 assumptae

1884 1107 2114 1157 nostrae
2194 1099 2380 1176 grath
2470 1103 2585 1159 123
2643 1100 2682 1156 d
2708 1119 2761 1166 e,
2842 1103 2958 1159 124

1888 1196 2135 1273 Spiritus
2162 1197 2437 1256 Veritatis
2478 1217 2622 1273 quae
2664 1206 2755 1256 est
2788 1195 2956 1256 Chri-

1886 1304 2008 1354 stus
2041 1299 2155 1355 126
2178 1295 2236 1363 b,
2269 1298 2386 1355 810
2415 1315 2448 1353 a
2512 1295 2675 1353 Illius
2702 1294 2958 1371 operatio

1886 1392 2087 1453 eadem
2114 1412 2181 1450 ac
2210 1392 2425 1451 Christi
2449 1397 2563 1452 126
2594 1413 2629 1451 a
2649 1414 2683 1452 c
2700 1394 2738 1450 d
2782 1392 2961 1468 Spiri-

1887 1500 1979 1549 tus
2007 1490 2295 1549 filiationis
2322 1491 2400 1549 ib.
2430 1492 2485 1548 d.

1808 1589 2049 1664 Spiritus
2078 1588 2275 1646 Sancti
2303 1588 2707 1646 donationibus
2748 1589 2807 1646 in
2846 1587 2961 1645 lae-

1887 1687 2013 1744 titia
2059 1686 2386 1762 deliciisque
2430 1687 2680 1762 pascitur
2728 1695 2958 1744 saneto·

1889 1803 2019 1842 rum
2047 1803 2207 1842 mens
2237 1788 2350 1844 281
2386 1803 2417 1841 e
2476 1802 2578 1859 per
2604 1783 2794 1853 Quem
2824 1782 2965 1840 Vita

1893 1886 2011 1943 824
2053 1901 2087 1939 c
2179 1900 2299 1958 per,
2356 1881 2708 1940 circumcisio
2761 1885 2880 1940 327
2923 1880 2963 1937 d

1891 1981 2099 2038 virtute
2134 1981 2330 2045 fretus,
2373 1980 2568 2038 scribit
2608 1980 2679 2037 D.
2710 1978 2963 2055 Oyrillus

1896 2082 2011 2138 333
2046 2079 2083 2136 d
2159 2079 2329 2154 pleni,
2378 2086 2439 2136 ct
2492 2077 2732 2135 aliorum
2785 2076 2965 2134 corda

1890 2177 2054 2235 donis
2122 2176 2348 2234 Divinis
2415 2176 2653 2251 irrigare
2718 2183 2965 2250 possunt

1895 2278 2013 2335 469
2037 2294 2069 2332 c
2124 2275 2370 2333 Sanetus
2410 2284 2469 2335 et
2503 2274 2746 2332 amissus
2774 2282 2834 2330 et
2860 2292 2965 2348 per

1889 2372 2180 2434 Christum
2223 2373 2427 2431 iterum
2465 2372 2721 2431 redditus
2753 2375 2865 2431 471
2900 2371 2960 2439 d,

1892 2473 2008 2529 472
2056 2490 2168 2536 ae,
2224 2470 2300 2532 iii.
2348 2474 2465 2530 593
2560 2488 2733 2545 puros
2788 2468 2964 2527 corde

1888 2569 2169 2628 illuminat
2198 2568 2387 2645 Seque
2413 2569 2627 2630 revelat
2655 2570 2776 2628 828
2805 2568 2867 2626 b.

1807 2665 2051 2744 Spiritus
2092 2666 2337 2726 Sanetus
2375 2669 2609 2735 donum,
2637 2686 2785 2743 aqua
2812 2666 2960 2728 vivi-

1889 2766 1997 2824 fica
2052 2775 2313 2823 naturam
2369 2766 2676 2824 humanam
2719 2764 2961 2840 frugife-

1886 2882 2018 2922 rens
2050 2866 2167 2922 180
2188 2864 2245 2935 d,
2293 2867 2407 2923 182
2437 2864 2496 2931 d,
2530 2866 2648 2923 875
2690 2863 2731 2921 b
2768 2882 2802 2920 c
2884 2862 2959 2922 cf.

1890 2966 2007 3024 324
2026 2962 2262 3038 &typus
2280 2962 2464 3021 oleum
2485 2962 2670 3029 250b,
2690 2961 2763 3019 cf.
2787 2964 2907 3022 356
2929 2981 2963 3019 c

1886 3079 1988 3135 per
2014 3061 2335 3120 intellectus
2366 3061 2672 3136 puritatem
2710 3059 2959 3135 diligen-

1886 3158 2135 3234 tiamque
2178 3159 2517 3218 indefessam
2544 3167 2803 3218 retentus
2835 3161 2907 3217 81
2923 3161 2951 3215 1

1888 3275 1923 3313 a
2016 3256 2309 3332 Apostolis
2363 3256 2712 3314 necessarius
2768 3265 2831 3314 et
2884 3256 2960 3314 ad

1886 3362 2224 3430 potestatem
2254 3364 2313 3413 et
2339 3356 2411 3413 ad
2440 3355 2771 3431 sapientiam
2800 3357 2959 3415 1095

1887 3451 1981 3509 hie
2014 3461 2077 3510 ut
2122 3452 2403 3528 primitiae
2440 3453 2604 3511 nobis
2648 3472 2753 3529 per
2788 3452 2956 3513 Chri·

1886 3557 2037 3608 stum
2086 3550 2253 3607 datus
2299 3550 2479 3608 Totus
2520 3550 2742 3609 dandus
2776 3551 2857 3609 ibi
2893 3554 2959 3607 M

1887 3650 1964 3707 92
2013 3648 2134 3704 init.
2166 3649 2243 3705 97
2278 3650 2356 3723 [p.
2379 3644 2543 3728 351].

1803 3745 2050 3824 Spiritus
2089 3745 2285 3804 Sancti
2326 3746 2511 3822 gratia
2539 3750 2657 3806 276
2688 3766 2737 3812 ο,
2769 3751 2889 3807 302
2921 3748 2960 3805 d

1886 3851 1974 3902 est
1999 3844 2100 3901 Dei
2130 3843 2337 3902 Vultus
2366 3844 2466 3901 lux
2498 3849 2615 3905 302
2644 3844 2682 3901 d
2751 3863 2957 3901 conso·

1883 3942 2021 4000 latio
2062 3945 2179 4001 314
2210 3961 2243 4000 e
2311 3941 2433 4001 Sibi
2475 3961 2583 4000 nos
2626 3943 2749 4000 unit
2797 3946 2957 4002 1000

1885 4039 1923 4097 b
1942 4058 1974 4096 c
2027 4039 2296 4098 revelatio
2327 4042 2444 4100 348
2466 4041 2504 4099 b
2559 4041 2754 4099 Verba
2779 4041 2955 4099 locuti

1887 4135 2083 4196 Sancti
2125 4140 2240 4198 368
2275 4157 2311 4201 a
2390 4157 2494 4213 per
2533 4138 2723 4207 Quem
2763 4139 2959 4197 omnia

1884 4235 2009 4294 Deo
2036 4236 2185 4296 Patri
2215 4236 2600 4294 reconciliavit
2625 4236 2803 4294 Filius
2834 4239 2954 4296 840

1886 4333 1922 4390 b
1946 4352 1994 4392 e.

1804 4429 2078 4506 Spiritum
2096 4430 2371 4489 Sanctum
2399 4432 2615 4507 accepit
2645 4440 2710 4490 nt
2734 4432 2952 4500 Homo,

1883 4529 2038 4587 dedit
2069 4537 2129 4588 ut
2160 4528 2330 4596 Deus,
2352 4528 2615 4588 Christus
2644 4535 2764 4589 472
2788 4531 2882 4589 bd
2900 4550 2950 4595 e.
