3269 5166
167 340 297 407 xix.
325 360 440 429 30.
732 341 848 407 IN
908 343 976 407 S.
1021 341 1063 405 J
1077 341 1538 409 OANNEM.
1629 343 1824 409 LIB.
1874 344 2034 410 XII.
2501 350 2588 413 97

169 539 379 608 τορος
443 504 579 606 τὴν
640 504 916 614 ψυχὴν,
979 508 1099 587 ἵνα
1168 509 1287 585 καὶ
1353 506 1574 606 ἡμεῖς,
1637 507 1871 613 ἀρχὴν
1936 508 2290 607 λαβόντες
2351 514 2446 595 ὡς
2510 515 2586 592 ἐν

170 629 393 736 ἐκείνῃ
459 633 579 710 καὶ
636 632 721 711 δι’
779 631 1066 733 ἐκείνης,
1118 629 1462 734 λαμπρὰς
1514 629 1791 736 ἔχωμεν
1845 630 1974 718 τάς
2029 635 2348 733 ἐλπίδας,
2408 639 2649 740 ἀρα-(1

168 749 395 854 ρᾶτως
455 756 877 854 διακείμενοι
938 757 1055 834 καὶ
1120 754 1694 853 πεπιστευκότες,
1761 755 1875 836 ὅτι
1933 755 2064 839 τὸν
2120 763 2250 859 τῆς
2309 759 2586 864 σαρκὸς

173 876 679 978 ὑπομείναντες
729 878 1115 960 θάνατον’
1077 913 1154 959 εν
1190 912 1446 983 χερσιν
1482 877 1800 979 ἐσόμεθα
1838 885 2049 979 Θεοῦ,
2088 884 2206 962 καὶ
2254 882 2449 964 πολὺ
2495 884 2584 984 δὴ

114 1022 147 1082 5
173 1001 338 1080 λίαν
381 1003 463 1081 ἐν
501 1003 869 1102 ἀμείνοσιν
911 1003 1097 1105 ἤπερ
1139 1001 1317 1103 ἦμεν
1349 999 1531 1101 μετὰ
1575 1001 1870 1108 σαρκός.
1951 1001 2061 1085 διὸ
2113 1009 2229 1086 καὶ
2266 1009 2307 1087 5
2344 1006 2587 1115 σοφὸς

173 1123 337 1223 ἡμῖν
371 1124 797 1207 ἐπιστέλλει
839 1132 1137 1211 Παῦλος
1183 1125 1293 1206 ὅτι
1348 1134 1669 1230 κρεῖττον
1715 1126 1799 1208 τὸ
1848 1131 2214 1211 ἀναλῦσαι
2269 1137 2385 1212 καὶ
2440 1131 2585 1213 σὺν
2672 1151 2805 1201 Phil.
2833 1152 2867 1201 i·

174 1251 479 1358 Χριστῷ
517 1247 719 1330 εἶναι.
2619 1284 2624 1289 ·
2678 1230 2757 1281 '³'

166 1491 289 1559 ‘sse
358 1493 433 1562 δὲ
508 1494 921 1578 ἐξέπνευσεν,
971 1496 1235 1584 ἐσχίσθη
1307 1497 1383 1564 τὸ
1457 1497 1930 1574 καταπέτασμα
1988 1501 2102 1564 τοῦ
2164 1503 2322 1563 ναοῦ
2386 1500 2582 1575 μέσον

938 1622 1072 1691 ἀπὸ
1126 1623 1382 1689 ἄνωθεν
1435 1624 1567 1688 ἕως
1623 1624 1826 1689 κάτω.
2609 1712 2645 1755 e

85 1834 153 1876 ιο
279 1795 367 1875 Tb
405 1796 486 1874 ἐν
522 1799 629 1905 τῷ
666 1802 815 1904 ναῷ
855 1793 1392 1903 καταπέτασμα
1428 1793 1644 1895 ὀθόνη
1682 1828 1788 1879 τις
1826 1791 1916 1894 ἦν
1953 1793 2325 1896 καθιεμένη
2363 1801 2577 1895 διαμ-

177 1912 330 2024 πὰξ
360 1923 459 2004 εἷς
496 1918 676 1999 αὐτὸ
713 1928 839 2000 τοῦ
876 1920 1073 2001 οἴκου
1109 1918 1194 2001 τὸ
1232 1921 1701 2019 μεσαίτατον,
1740 1922 1856 1999 καὶ
1894 1919 2396 2023 συσκιάζὸυσά
2432 1955 2588 2006 πως

181 2036 265 2118 τὰ
315 2043 670 2148 ἐσωτέρω,
726 2047 845 2124 καὶ
896 2042 1219 2145 βάσιμον
1255 2043 1502 2149 ὥσπερ
1540 2042 1740 2152 μόνῳ
1783 2048 2066 2124 τιθεῖσα
2119 2049 2224 2151 τῷ
2280 2045 2595 2149 ἀρχιερεῖ

180 2163 304 2265 τὴν
356 2169 701 2274 ἐνδοτέρω
754 2168 1055 2271 σκηνήν.
1134 2171 1217 2250 οὐ
1275 2169 1419 2273 γὰρ
1475 2167 1564 2268 δὴ
1611 2174 1762 2253 τοῖς
1821 2165 2207 2249 ἐθέλουσιν
2267 2168 2587 2253 ἀνίπτοις

185 2292 406 2395 ἐφεῖτο
458 2296 691 2374 ποσὶν
744 2295 859 2374 ἐπὶ
912 2292 998 2374 τὸ
1056 2293 1205 2374 ε”σω
1271 2292 1687 2379 διάττοντας
1749 2291 1843 2372 τά
1911 2290 2083 2396 ἅγια
2146 2298 2294 2372 τῶν
2362 2294 2590 2396 ἁγίων

102 2446 163 2506 15
187 2414 617 2521 ἀφυλάκτως
686 2418 884 2522 ὁρᾶν.
979 2417 1548 2522 ἀναγκαιοτάτην
1608 2416 1684 2498 δὲ
1750 2416 2047 2525 σφόδρα
2111 2412 2245 2515 τὴν
2309 2418 2387 2497 ἐκ
2443 2423 2591 2496 τῶν

190 2541 843 2640 καταπετασμάτων
879 2540 1225 2643 διατομὴν
1267 2544 1385 2624 καὶ
1442 2543 1482 2623 5
1523 2547 1826 2628 Παῦλος
1874 2541 2044 2643 ἡμῖν
2080 2538 2464 2628 ἐπιδεικνὺς
2506 2542 2585 2622 ἐν

190 2670 280 2771 τῷ
308 2666 485 2770 πρὸς
510 2668 904 2770 Ἐβραίους
923 2667 1065 2775 ἔφη
1094 2665 1466 2772 γράμματι
1514 2678 1556 2715 “
1583 2666 1827 2767 Σκηνὴ
1865 2666 2008 2771 γὰρ
2033 2665 2582 2770 κατεσκευάζετο
2607 2675 2644 2715 ⁸
2658 2661 2833 2785 11?qu
2836 2659 2924 2785 [ἒ

191 2790 301 2889 “ἡ
352 2793 632 2897 πρώτη,
671 2791 824 2891 ἥτις
877 2793 1166 2896 λε’γεται
1224 2793 1417 2894 ἁγία·
1490 2789 1673 2890 μετά
1708 2790 1785 2872 δὲ
1832 2790 1916 2873 τὸ
1972 2789 2298 2895 δεύτερον
2353 2826 2576 2871 κατα·
2680 2816 2790 2863 ²·4·

193 2921 230 2957 “
260 2916 598 3015 πέτασμα
648 2916 884 3017 σκηνὴ
930 2918 975 3017 ἡ
1023 2916 1377 3019 λεγομένη
1423 2913 1595 3017 ἅγια
1643 2916 1888 3018 ἁγίων,
1938 2923 2264 3020 χρυσοῦν
2313 2914 2587 3020 ἔχουσα

113 3065 174 3109 ²0
194 3044 232 3080 “
265 3039 742 3143 θυμιατήριον,
786 3044 903 3121 καὶ
958 3038 1091 3140 τὴν
1129 3036 1441 3134 κιβωτὸν
1491 3042 1619 3137 τῆς
1678 3038 2019 3140 διαθήκης
2071 3048 2583 3140 περικεκαλυμ-

196 3168 234 3204 “
264 3163 471 3264 με’νην
524 3162 889 3246 πάντοθεν
941 3165 1242 3272 χρυσίῳ,
1300 3166 1376 3244 ἐν
1434 3159 1482 3271 ᾗ
1539 3161 1866 3264 στάμνος
1919 3162 1964 3263 ἡ
2021 3167 2263 3268 χρυσῆ
2314 3162 2589 3267 ἔχουσα

199 3290 237 3328 “
268 3283 346 3365 τὸ
405 3289 670 3387 μάννα,
737 3293 855 3369 καὶ
920 3294 996 3369 αὶ
1066 3286 1342 3373 πλάκες
1417 3292 1545 3388 τῆς
1619 3287 1959 3389 διαθήκης
2032 3288 2149 3368 καὶ
2210 3286 2253 3388 ἡ
2317 3287 2587 3392 ῥάβδος

201 3414 239 3453 “
269 3409 547 3515 Ἀαρων
609 3412 655 3513 ἡ
713 3410 1246 3514 βλαστήσασα.
1248 3411 1289 3438 ”
1367 3413 1538 3492 ἀλλ’
1602 3422 1649 3460 “
1678 3417 1775 3498 εἰς
1842 3447 1975 3510 μεν
2038 3409 2170 3511 τὴν
2228 3410 2543 3515 πρώτην,
2542 3411 2582 3438 ”
2676 3422 2756 3472 lb·
2779 3420 2893 3472 6-8·

202 3536 392 3633 φησι,
428 3547 472 3584 “
502 3534 786 3637 σκηνὴν
831 3538 1147 3617 εἰσίασιν
1182 3542 1248 3617 οἱ
1300 3541 1494 3640 ἱερεῖς
1529 3534 1659 3620 τὰς
1706 3537 2034 3639 λατρείας
2079 3537 2591 3659 ἐπιτελοῦντες,

125 3675 183 3734 ²5
205 3663 241 3699 “
274 3664 362 3743 εἷς
407 3662 480 3742 δὲ
522 3660 660 3762 τὴν
697 3661 1032 3765 δευτέραν
1077 3658 1297 3760 μόνος
1333 3663 1374 3741 5
1422 3656 1788 3767 ἀρχιερεὺς
1844 3657 2052 3766 ἅπαξ
2100 3667 2227 3740 τοῦ
2269 3661 2588 3740 ἐνιαυτοῦ

206 3783 353 3861 “οὖ
407 3820 625 3891 χωρις
683 3786 1009 3883 αἵματος,
1072 3820 1113 3866 ο
1163 3783 1567 3892 προσφέρει
1613 3782 1793 3887 ὑπέρ
1847 3817 1925 3864 τε
1980 3784 2233 3863 εαυτοῦ
2283 3784 2398 3862 καὶ
2443 3788 2588 3862 τῶν
2613 3788 2656 3854 b

208 3910 245 3947 ‘⁶
277 3915 395 3987 τοῦ
457 3917 641 3990 λαοῦ
701 3909 1196 4012 ἀγνοημάτων,
1258 3917 1471 3990 τοῦτο
1532 3910 1923 4010 δηλοῦντος
1986 3914 2114 3987 τοῦ
2173 3905 2588 4004 Πνεύματος

208 4033 246 4070 “
278 4038 395 4110 τοῦ
441 4033 718 4138 Ἀγίου,
771 4029 989 4136 μήπω
1045 4037 1602 4141 πεφανερῶσθαι
1639 4029 1773 4132 τὴν
1810 4037 1955 4110 τῶν
1993 4030 2217 4133 ἁγίων
2260 4027 2448 4127 ὁδὸν,
2486 4028 2590 4108 ἔτι

209 4158 247 4195 “
279 4157 395 4253 τῆς
447 4159 736 4261 πρώτης
798 4161 1075 4259 σκηνῆς
1128 4156 1437 4263 ἐχούσης
1490 4153 1836 4238 στάσιν.”
1920 4153 2010 4256 ἦν
2065 4154 2197 4255 μὲν
2260 4151 2406 4257 γὰρ
2462 4156 2589 4233 οὐκ

132 4292 194 4350 3⁰
214 4273 620 4385 ἀμφίλογον,
656 4281 765 4363 ὅτι
809 4288 966 4367 ταῖς
1002 4282 1318 4387 πρώταις
1364 4289 1493 4363 τοῦ
1539 4289 1714 4363 ναοῦ
1757 4278 2004 4385 θύραις
2039 4275 2591 4384 περιτετάνυστο

226 4465 329 4573 ΗΒ·
359 4452 483 4527 ἥπερ
508 4459 571 4514 Ε.
786 4460 839 4525 8,
864 4477 918 4532 9.
957 4460 1106 4516 Haec
1131 4468 1314 4515 extant
1336 4459 1392 4515 in
1419 4460 1476 4515 F.
1508 4458 1641 4532 [sub
1667 4457 1919 4514 asterisco
1943 4455 2158 4513 exhibet
2182 4454 2354 4511 versio
2380 4454 2595 4526 Syriaca

227 4527 620 4676 3οθηθψῑῗᾶιὲιγεέν
646 4602 712 4657 E
736 4600 1038 4671 ἀμφίβολον
1060 4530 1249 4658 fflwn
1743 4546 1826 4585 12.
1865 4530 2045 4599 ὥσπερ
2071 4537 2411 4598 assumptum
2440 4543 2505 4579 ex
2532 4521 2597 4577 E.

300 4695 428 4744 VOL.
460 4701 558 4746 111.
1381 4704 1421 4745 Ο
