3269 5166
220 337 300 402 xi.
327 358 388 423 3.
604 339 714 403 IN
764 338 896 405 ΕΡ.
941 339 996 405 Ι.
1050 338 1178 405 ΑΒ
1232 338 1821 405 CORINTHIOS.
1900 340 2074 406 LIB.
2118 340 2238 406 IV.
2478 341 2604 406 281

220 532 396 580 στον
437 500 695 607 ἔχοντα
730 501 863 603 τὴν
898 504 1110 608 τρίχα
1142 498 1571 609 προσῄεσαν
1606 507 1712 610 τῷ
1746 506 1934 610 Θεῷ,
1972 506 2353 608 μονονουχὶ
2390 537 2607 583 κατα-
2662 450 2767 516 [6²
2791 450 2918 516 M.]

220 623 511 724 βοῶσης
563 628 832 732 ἀμφοῖν
865 629 996 726 τῆς
1031 625 1350 732 φύσεως·
1424 625 1814 731 δεδώρηται
1868 624 2011 730 γὰρ
2056 629 2261 729 ἀνδρὶ
2313 624 2444 726 μὲν
2478 624 2610 726 τὴν

219 748 643 852 παρῤησίαν,
682 753 872 830 αἰδοῖ
919 748 995 831 δὲ
1047 749 1131 830 τὸ
1167 749 1462 853 γύναιον
1508 750 1909 831 συστέλλει
1961 749 2145 853 πρὸς
2193 750 2604 847 εὐκοσμίαν.

218 870 448 972 ἐπειδὴ
504 871 583 953 δὲ
635 870 726 973 ἦν
761 872 1162 954 ἀκόλουθον
1200 881 1584 975 λογισμοῖς
1636 871 1890 958 αὐτοὺς
1947 875 2355 975 ἀναγκαίοις
2398 875 2602 954 ἐκδυ-

166 1012 197 1074 5
219 1001 487 1075 σωπεΐν
544 995 643 1081 ε’ίς
695 1031 779 1100 γε
834 994 918 1076 τὸ
974 998 1121 1076 δεῖν
1184 994 1481 1077 ἑλέσθαι
1546 1003 1839 1102 φρονεῖν
1893 992 1942 1075 ἂ
1997 995 2160 1102 χρὴ,
2223 1000 2340 1076 καὶ
2401 994 2615 1077 οἱονεί

219 1149 370 1197 τινα
428 1119 842 1222 βραβευτὴν
899 1127 1028 1200 τοῦ
1091 1120 1408 1269 ἑκατέρῳ
1475 1120 1874 1222 πρέποντος·
1936 1118 2065 1200 τὸν
2128 1123 2257 1216 τῆς
2320 1117 2608 1225 φύσεως
2632 1142 2709 1194 Of.
2737 1142 2867 1193 infra
2892 1160 2943 1208 p.

218 1249 573 1323 ποιεῖσθαι
620 1241 873 1344 νόμον,
913 1250 1243 1346 πειρᾶται
1290 1244 1332 1322 5
1373 1249 1674 1327 Παῦλος
1722 1245 1799 1323 ἐκ
1850 1251 1978 1324 τοῦ
2025 1249 2340 1348 φυσικοῦ
2391 1238 2612 1339 νόμου
2639 1213 2749 1268 ’δ’
2778 1222 2836 1273 ²⁵
2861 1226 2936 1273 ΒΨ

219 1371 456 1445 πεῖσαι
513 1373 804 1471 φρονεῖν
858 1362 907 1446 ἃ
960 1365 1120 1473 χρὴ,
1178 1369 1296 1446 καὶ
1348 1400 1622 1447 ανεισιν
1676 1368 1793 1447 ἐπὶ
1850 1364 1981 1466 τὴν
2041 1369 2118 1445 ἐν
2176 1369 2427 1468 ἀρχαῖς
2482 1371 2613 1444 τοῦ

221 1489 596 1593 ἀνθρώπου
660 1492 977 1590 ποίησιν.
1071 1489 1402 1597 κεφαλὴν
1467 1487 1718 1569 ἐνθάδε
1794 1495 1985 1595 φησὶ
2060 1486 2145 1568 τὸ
2210 1489 2612 1593 ἀρχέτυπον

136 1647 201 1688 10
222 1611 508 1712 κάλλος,
565 1613 651 1694 οῦ
707 1614 840 1714 τὴν
892 1611 1131 1694 εἰκόνα
1198 1612 1891 1694 καταπλουτούντων
1946 1611 2477 1712 ὠνομασμένων
2531 1610 2607 1689 ἕ-

220 1769 486 1818 καστον
522 1739 733 1823 νοοῖτ’
762 1733 854 1817 ἂν
891 1734 1196 1835 εἰκότως,
1224 1739 1341 1816 καὶ
1378 1736 1695 1837 οὐσιῶδη
1725 1771 1882 1820 πως
1916 1733 2045 1816 τὸν
2082 1739 2207 1834 τῆς
2245 1735 2612 1838 εὐγενείας,

219 1860 332 1940 εἴτ’
383 1861 510 1941 οὖν
558 1860 809 1965 ἑτέρως
864 1859 1239 1967 ὁμοφυΐας,
1287 1860 1934 1964 διακληρώσασθαι
1985 1857 2275 1961 τρόπον.
2360 1856 2613 1960 γέγονε

219 1983 340 2082 μὲν
384 1983 529 2087 γὰρ
591 1986 633 2064 5
686 1990 970 2087 πρῶτος
1017 1984 1414 2088 ἅνθρωπος,
1456 1982 1829 2064 τουτέστιν
1863 1981 2127 2080 Ἀδὰμ,
2169 1983 2321 2062 κατ’
2381 1980 2615 2061 εἰκόνα

220 2109 328 2186 καὶ
356 2108 709 2205 ὁμοίωσιν
737 2112 950 2188 Θεοῦ·
1008 2108 1232 2191 οὕτως
1268 2105 1411 2210 γάρ
1447 2140 1590 2186 που
1630 2109 1864 2210 φησὶν
1901 2108 1941 2186 5
1979 2112 2123 2186 τῶν
2162 2106 2356 2186 ὅλων
2393 2107 2604 2205 δημι-

135 2256 199 2318 15
220 2229 467 2334 ουργός
504 2242 552 2280 “
569 2229 748 2312 Ὅτι
782 2232 859 2311 ἐν
884 2227 1097 2311 εἰκόνι
1127 2236 1318 2311 Θεοῦ
1355 2231 1663 2330 ἐποίησα
1693 2229 1821 2309 τὸν
1848 2229 2299 2326 ἅνθρωπον.”
2359 2229 2615 2308 οὐκοῦν
2638 2251 2766 2302 Gen.
2791 2250 2858 2300 ix.
2878 2250 2925 2301 6.

218 2350 434 2461 ἀνδρὶς
482 2359 519 2451 ἦ
578 2351 858 2462 κεφαλῗι
904 2362 935 2437 o‘
974 2352 1277 2464 Χριστδς,
1314 2352 1711 2458 ἀρχέτυπος
1760 2350 1890 2451 μὲν
1935 2356 2033 2436 ὡς
2079 2350 2288 2449 Θεὸς,
2325 2351 2618 2459 φύσεως

221 2476 291 2558 δὲ
337 2476 531 2589 νόμῳ
585 2482 713 2578 τῆς
760 2478 924 2558 καθ’
975 2477 1162 2577 ἡμᾶς
1197 2478 1314 2556 καὶ
1352 2476 1677 2576 ὁμοειδὴς
1713 2474 1832 2555 ὅτε
1866 2477 2183 2583 πέφηνεν
2219 2475 2617 2580 ἅνθρωπος,

222 2602 435 2684 καίτοι
491 2601 684 2688 Θεὸς
738 2599 840 2682 ὧν
898 2604 940 2682 5
991 2601 1251 2704 Λόγος,
1311 2603 1427 2681 καί
1482 2609 1662 2703 γοῦν
1717 2598 1868 2680 υἱὸν
1921 2600 2171 2681 ἑαυτὸν
2235 2600 2618 2703 ἀνθρώπου

223 2725 765 2830 κατονομάζεται
798 2733 1174 2829 πανταχοῦ
1211 2723 1438 2804 καίτοι
1472 2722 1607 2822 τὴν
1636 2726 1714 2804 ἐκ
1743 2728 1935 2804 Θεοῦ
1963 2722 2251 2828 Πατρὸς
2279 2724 2617 2826 γέννησιν

137 2878 203 2920 ¹0
223 2849 621 2955 ὢτόρῤητον
672 2849 884 2955 ἔχων·
969 2849 1222 2952 γέγονε
1276 2845 1536 2929 λοιπὸν
1592 2848 1748 2927 κατ’
1810 2847 2042 2928 εἰκόνα
2095 2850 2212 2927 καὶ
2271 2849 2618 2946 ὁμοίωσιν

223 2974 600 3078 ἀνθρώπου
661 2972 1031 3054 τουτέστιν
1083 2970 1325 3070 Ἀδὰμ
1383 2972 1428 3072 ἡ
1487 2971 1693 3074 γυνὴ,
1752 2972 2094 3127 ε”κφυλοςΑ
2130 2971 2204 3050 δὲ
2268 2972 2615 3067 οὐδαμῶς,

224 3098 540 3203 ὃμοφυῆς
581 3096 657 3178 δε
692 3105 983 3196 μᾶλλον
1019 3099 1137 3178 καὶ
1175 3095 1496 3197 ὁμοειδὴς
1532 3098 1750 3205 αὐτῳ·
1814 3100 1931 3177 καὶ
1969 3103 2179 3176 τοῦτο
2216 3093 2428 3179 αὐτὸς
2456 3099 2618 3175 διω-

224 3221 626 3324 μολόγηκεν
670 3225 983 3372 ἐναργως
1032 3222 1073 3300 5
1116 3218 1516 3375 προπάτωρ
1555 3219 1777 3318 Ἀδὰμ
1824 3219 2071 3371 φήσας
2127 3229 2173 3266 “
2200 3224 2439 3299 Τοῦτο
2491 3226 2618 3298 νῦν
2640 3242 2720 3292 Ib
2744 3242 2797 3293 ii
2826 3257 2906 3304 23

227 3346 571 3427 “ὀστοῦν
605 3347 684 3426 ἐκ
729 3350 873 3426 τῶν
909 3346 1152 3425 ὀστῶν
1200 3378 1341 3444 μου
1396 3346 1513 3423 καὶ
1563 3343 1771 3452 σὰρξ
1815 3347 1893 3422 ἐκ
1930 3348 2056 3443 τῆς
2093 3339 2366 3447 σαρκός
2409 3343 2613 3441 μου,”

144 3487 207 3548 ²5
227 3471 333 3549 καί
364 3503 457 3549 τα
494 3470 687 3577 εξῆς.

46 3657 47 3662 1
324 3593 625 3692 Ἐπειδὴ
681 3594 769 3674 δε’
811 3626 993 3678 τινες
1046 3590 1347 3696 γενητὸν
1402 3592 1703 3694 λέγουσι
1759 3590 1886 3672 τὸν
1925 3590 2131 3690 Υἰὸν,
2192 3594 2290 3674 ὡς
2348 3594 2465 3671 καὶ
2523 3590 2618 3669 τὰ

228 3715 438 3798 λοιπὰ
476 3719 867 3816 κτίσματα,
902 3714 1024 3814 ὧν,
1053 3720 1305 3822 φησὶν,
1336 3718 1494 3797 ἐστὶ
1532 3715 1818 3823 κεφαλὴ
1856 3717 1895 3795 5
1924 3713 2270 3820 Χριστός·
2334 3714 2617 3820 κεφαλὴ

229 3838 363 3944 γὰρ
402 3841 667 3929 roe-nbc
712 3836 941 3952 ἀνδρὶς
991 3850 1022 3922 o‘
1062 3840 1366 3951 Χριστός·
1438 3844 1964 3940 διενθυμεῖσθαι
2020 3844 2130 3919 δεῖ
2175 3841 2295 3918 καὶ
2346 3835 2490 3942 πρό
2536 3872 2619 3938 γε

294 4030 343 4082 9.
379 4013 957 4105 δξθόδε-ἆρχέτ-ωτον]
983 4016 1040 4071 δὲ
1063 4016 1164 4070 ὅδε
1185 4014 1301 4069 τὸ’
1269 4013 1564 4086 αρχέτυπον
1585 4014 1732 4106 λέγει
1760 4014 1833 4069 Η.
2077 4029 2267 4084 10-13
2295 4011 2620 4084 οὗ-Ἀδᾶμ]

231 4081 287 4137 οὗ
309 4085 479 4140 καθἰὖ
447 4086 705 4156 ὁμοίωσιν
786 4085 994 4158 γένηταί
1013 4107 1143 4140 τινα.
1308 4107 1361 4140 νε
1383 4086 1479 4154 μὲν
1499 4083 1591 4140 οὖν
1613 4088 1644 4139 ὁ
1666 4085 1832 4156 Ἀδὰμ
1860 4085 1937 4140 Η.
2212 4101 2297 4138 10.
2332 4087 2623 4139 καταπλου-

231 4153 445 4210 τούντον
466 4158 539 4211 Α.
568 4156 699 4211 Mai.
812 4156 1014 4211 endum
1038 4165 1101 4211 ut
1122 4107 1425 4212 νίἔηοαταπ
1424 4159 1629 4211 λουτεῖν
1650 4161 1770 4210 τῶν.
2005 4172 2088 4222 14.
2124 4153 2625 4237 οὕτως-ἄνθρωπον

232 4240 335 4278 om.
362 4224 438 4281 Η.
648 4240 733 4297 17.
767 4228 852 4282 καὶ
874 4227 1109 4297 ὁμοειδὴς
1132 4243 1241 4281 om.
1271 4226 1346 4282 H.
1564 4227 1650 4281 18.
1687 4229 1717 4280 ὁ
1740 4233 2080 4349 assumptum
2104 4242 2170 4279 ex
2194 4225 2263 4279 A.
2288 4224 2473 4279 deest
2460 4242 2517 4278 m
2546 4223 2621 4278 Η.

232 4297 589 4363 γοῦν-καίτοι
612 4306 889 4369 assumpta
911 4315 977 4352 ex
1009 4296 1085 4352 H.
1358 4314 1446 4385 ἐς).
1482 4298 1691 4368 Ilm-pac
1714 4313 1822 4351 om.
2201 4311 2290 4350 20.
2326 4297 2512 4349 λοιπὸν
2534 4311 2622 4349 aa·

234 4380 348 4418 mm
389 4375 505 4422 tum
537 4384 603 4421 ex
632 4368 706 4423 Η.
815 4365 1263 4457 καί-τουτέστιν]
1290 4371 1384 4421 τοῦ
1412 4367 1487 4422 H.
1774 4382 1860 4421 21.
1855 4294 2032 4435 Ηέκφυ
1924 4364 2361 4452 κφυλος-αὐτῷ]
2388 4365 2624 4505 dms·

235 4435 314 4487 καὶ
374 4437 582 4526 μαιδὴς
614 4439 752 4511 αὐτῷ
787 4439 1017 4508 ἓκφυλος
1049 4438 1106 4493 δὲ
1141 4438 1374 4526 οὐδαμῶς
1403 4437 1475 4492 H.
1549 4437 1741 4493 Statim
1780 4437 1863 4491 καὶ
1898 4436 2213 4504 τοῦτο-ἐξῆ
2218 4458 2243 4493 ς
2275 4453 2386 4491 om.
2566 4433 2624 4487 ui

234 4500 356 4559 haee
390 4528 527 4562 ουτω
556 4510 763 4578 κεφαλὴ
795 4510 1036 4581 γυναικὸς
1070 4511 1101 4562 ὁ
1134 4507 1279 4577 ἆνὴρ.
1304 4508 1489 4577 ἀνδρὸς
1510 4508 1566 4562 δε
1603 4510 1633 4561 ὁ
1656 4508 1901 4577 Χριστὸς,
1936 4510 2030 4561 τοῦ
2065 4507 2122 4562 δε
2158 4509 2390 4576 Χριστοῦ
2426 4506 2456 4557 ὁ
2493 4453 2624 4561 Sed:

235 4588 410 4629 eorum
434 4578 554 4633 loco
577 4578 811 4635 exhibet.
1099 4578 1255 4650 26-p.
1280 4579 1401 4642 282,
1427 4597 1480 4644 4.
1514 4577 1792 4647 Ἐπειδὴ-
1803 4578 1902 4648 ἐρῶ
1926 4584 2265 4633 accesserunt
2288 4594 2353 4631 ex
2382 4573 2457 4630 H.

314 4677 451 4726 vot..
486 4680 586 4726 111.
1386 4680 1426 4725 Ο
1457 4684 1492 4726 Ο
