3269 5166
231 316 365 382 xxi.
398 317 544 382 1—6.
624 315 741 382 IN
807 319 875 387 S.
922 316 1437 384 JOANNEM.
1526 318 1723 383 LIB.
1769 318 1933 385 XII.
2023 319 2232 384 CAP.
2277 319 2336 384 Ι.
2513 319 2640 384 157

190 554 211 573 ,
236 483 467 562 καίτοι
512 477 593 563 δι’
632 483 793 578 ’ὅλης
829 483 1322 570 κεκοπιακότες
1366 483 1484 578 τ’ἧς
1531 487 1784 571 νυκτός.
1859 484 2121 589 πρωίας
2166 481 2238 566 δὲ
2282 480 2397 578 ἤδη
2446 518 2636 586 γενο-

235 606 452 714 μένης,
509 608 916 716 ἀρξαμένου
986 609 1060 688 δὲ
1128 609 1265 710 ἤδη
1322 613 1725 714 διαχεῖσθαι
1781 608 2025 716 φωτὸς
2079 613 2196 688 καὶ
2253 611 2381 708 τῆς
2435 607 2644 707 ἡλίου

236 736 492 832 βολῆς,
531 733 687 826 ἔστη
720 735 971 827 Ἰησοῦς
1021 734 1133 813 ἐπὶ
1188 733 1292 814 τὶν
1343 733 1689 836 αἰγιάλὸν.
1771 738 1838 812 οἱ
1874 731 1950 814 δέ
1987 734 2114 812 οὐκ
2162 729 2436 836 ᾔδεσαν
2475 730 2638 830 μὲν,

238 854 350 936 ὅτι
398 891 539 958 περ
587 855 799 942 αὐτός
844 858 1025 938 ἐστι.
1102 860 1521 960 διερωτῶντι
1569 854 1800 958 γεμὴν
1850 860 1967 936 καὶ
2016 856 2303 957 λε’γοντι
2353 853 2453 955 μὴ
2503 850 2646 956 ἀρά

170 1005 210 1066 5
238 1013 309 1060 τι
347 985 494 1059 τῶν
531 987 628 1065 εἰς
674 981 1024 1085 τραπέζης
1079 981 1481 1062 τελούντων
1531 982 1774 1086 χρείαν
1810 981 1984 1061 εἵσω
2039 979 2289 1082 γε’γονε
2346 979 2647 1059 δικτύων

239 1104 501 1200 αὐτοῖς,
572 1104 775 1185 οὐδὲν
837 1103 923 1184 τὸ
985 1102 1332 1207 παράπαν
1396 1104 1763 1211 εἰληφέναι
1830 1103 2083 1209 φασίν.
2160 1100 2313 1182 εἶτα
2377 1099 2647 1181 κελεύει

242 1232 559 1307 καθεῖναι
592 1226 665 1310 τό
702 1223 957 1310 δίκτυον
993 1237 1087 1315 εἰς
1122 1227 1281 1335 με’ρη
1317 1231 1427 1309 τσῧ
1461 1232 1702 1309 πλοίου
1740 1224 1834 1308 τὶ
1871 1221 2087 1334 δεξιαί·
2168 1231 2236 1306 οἰ
2271 1224 2360 1305 δέ
2389 1224 2648 1304 Καίτοι

244 1349 364 1430 διὰ
423 1350 673 1437 νυκτὸς
732 1351 912 1453 ὅλης
971 1352 1267 1437 εἰκαίους
1333 1385 1412 1432 τε
1474 1355 1593 1431 καὶ
1659 1349 2043 1452 ἀνονήτους
2102 1345 2650 1447 δαπανήσαντες

244 1474 530 1573 πόνους,
591 1477 704 1558 ἐπὶ
771 1475 867 1584 τῷ
941 1485 1043 1585 σῷ
1106 1478 1351 1584 ῥήματι
1425 1476 1997 1578 σαγηνεύσομεν,
2056 1474 2317 1579 φασίν.
2416 1471 2501 1552 οὗ
2559 1470 2648 1570 δὴ
2673 1485 2718 1550 d

140 1635 165 1674 1
178 1633 221 1676 ο
246 1597 628 1702 δρωμένου,
672 1598 806 1701 τὴν
849 1607 997 1680 τῶν
1051 1599 1501 1681 ἀνελκόντων
1548 1597 1766 1704 ἰσχὺν
1819 1596 2136 1701 ἐβιάζετο
2191 1593 2451 1678 λοιπὸν
2502 1601 2650 1675 τῶν

242 1725 744 1824 τεθηραμένων
777 1721 862 1805 τὸ
896 1722 1143 1826 βαρύς.

359 1850 589 1928 Ταυτὶ
643 1846 779 1945 μὲν
832 1849 958 1929 οὖν
1011 1849 1182 1948 ἡμῖν
1233 1850 1274 1928 ὃ
1324 1847 1716 1932 θεσπέσιος
1766 1843 2321 1951 Εὖαγγελιστὴς
2374 1843 2640 1953 ἐξηγή-

242 2000 461 2050 σατο·
541 1969 780 2072 ἐπειδὴ
819 1971 893 2051 δὲ
942 1973 1202 2066 ἀρτίως
1257 1971 1615 2074 ἐλέγομεν,
1658 1975 1755 2056 ὡς
1792 1969 1910 2052 διὰ
1955 1970 2381 2074 πράγματος
2433 1973 2644 2073 ἐναρ-

245 2095 610 2198 γεστάτου
642 2129 721 2176 τε
758 2097 927 2176 λίαν
963 2099 1080 2176 καὶ
1116 2094 1631 2192 τετελεσμένου
1678 2131 1859 2177 κατα
1892 2093 2236 2195 ἀλήθειαν
2270 2104 2643 2197 πεπληρο-

142 2254 219 2316 15
248 2220 568 2326 φόρηκεν
617 2255 658 2300 ο
698 2219 956 2322 Σωτὴρ
1003 2254 1169 2304 τους
1219 2220 1465 2322 ἁγίους
1515 2218 2063 2304 ἀποστόλους
2023 2254 2131 2299 οτι
2175 2218 2264 2319 δὴ
2312 2217 2652 2318 μελλοιεν

246 2343 552 2423 ἔσεσθαι
622 2342 808 2425 κατὰ
878 2342 1011 2445 τὴν
1083 2344 1302 2423 αὐτοῦ
1376 2341 1628 2450 φωνὴν
1691 2345 1913 2428 ἁλιεῖς
1986 2342 2409 2446 ἀνθρώπων,
2476 2341 2651 2448 φερε

246 2465 736 2567 μεθιστάντες,
794 2470 890 2551 ὡς
958 2465 1086 2566 ἔνι,
1159 2472 1400 2552 καλῶς
1459 2472 1555 2552 εἰς
1620 2467 1962 2566 ἀληθείας
2018 2466 2346 2567 δήλωσιν
2402 2464 2494 2546 τὰ
2554 2468 2651 2550 ὧς

247 2594 327 2673 ἐν
361 2592 566 2700 τύπῳ
609 2592 1160 2696 πεπληρωμένα,
1196 2598 1344 2675 τοῖς
1397 2600 1527 2674 τοῦ
1585 2597 1923 2695 Σωτῆρος
1979 2590 2227 2694 λόγοις
2276 2588 2647 2694 μαρτυρή-

246 2750 498 2815 σωμεν
562 2715 696 2817 τὴν
757 2714 1121 2817 ἀλήθειαν,
1180 2716 1453 2797 ἕκαστα
1508 2714 1585 2796 δὲ
1639 2722 1786 2797 τῶν
1840 2714 2243 2819 γεγονότων
2311 2713 2496 2795 κατά
2568 2749 2652 2816 γε

142 2878 223 2920 20
249 2840 336 2921 τὸ
400 2842 767 2945 ἐγχωροῦν
828 2838 1361 2946 διαπτύξαντες,
1423 2845 1862 2942 παραθῶμεν
1923 2847 2074 2923 τοῖς
2138 2837 2655 2944 ἐντευξομένοις

251 2964 549 3068 θεωρίας
600 2967 1075 3061 πνευματικῆς
1130 2996 1214 3041 ου
1261 2963 1574 3065 μετρίας,
1620 2997 1717 3047 ως
1772 2965 2066 3070 ἐγῷμαι,
2105 2961 2235 3044 τάς
2284 2961 2646 3067 ἀφορμάς·

252 3096 299 3135 “
322 3088 551 3167 Δίδου
604 3084 750 3190 γὰρ
805 3090 1025 3193 σοφῷ
1080 3083 1439 3190 ἀφορμὴν,
1492 3089 1608 3165 καὶ
1664 3087 2099 3237 ‹r‹><l)m·1·‹spos·¹
2141 3083 2373 3165 εσται·
2453 3119 2646 3186 γνω·
2745 3092 2900 3144 Prov.
2925 3109 2998 3143 ¹¹·

252 3210 478 3314 “pase
531 3213 797 3318 δικαίῳ,
853 3213 970 3290 καὶ
1031 3207 1443 3311 προσθήσει
1505 3218 1636 3289 τοῦ
1692 3209 2099 3315 δέχεσθαιῗ
2175 3205 2370 3308 οἶμαι
2417 3209 2656 3288 τοίνυν
2746 3173 2797 3226 ⁹

255 3333 369 3414 ὅτι
417 3368 503 3413 το
557 3332 675 3414 διὰ
723 3367 976 3418 νυκτος
1021 3331 1158 3431 μὲν
1195 3330 1372 3432 ολης
1409 3332 1742 3412 ἁλιεῦσαι
1778 3366 1942 3416 τους
1977 3331 2327 3433 μαθητὰς,
2361 3330 2464 3432 μὴ
2513 3329 2659 3431 μὴν

145 3490 225 3551 ²5
253 3457 443 3536 ἑλεῖν
488 3491 561 3537 τι
600 3463 995 3556 παντελῶς,
1035 3457 1335 3541 εἰκαίους
1390 3455 1467 3536 δὲ
1521 3458 1932 3555 ἀνατλῆσαι
1985 3454 2269 3554 πόνους,
2325 3455 2660 3558 σημαίνει
2684 3504 2721 3545 a
2745 3489 2897 3546 1114
2917 3487 3010 3545 Α,

252 3614 325 3660 τι
362 3589 705 3672 τοιοῦτον,
747 3580 857 3661 ὅτι
891 3587 1039 3664 τοῖς
1076 3586 1221 3660 τῶν
1259 3579 1740 3685 ἀρχαιοτέρων
1777 3580 2241 3661 διδασκάλων
2278 3579 2654 3681 κηρύγμα·

254 3738 384 3784 σιν
439 3701 687 3785 οὐδένα
739 3703 824 3784 τὸ
878 3702 1225 3806 παράπαν
1268 3701 1885 3803 ἀναπεπεισμένον
1931 3702 2352 3806 εὑρήσομεν,
2389 3705 2508 3783 καὶ
2562 3709 2661 3787 εἰς

252 3828 341 3909 τὸ
401 3827 685 3913 τελείως
758 3826 1069 3933 ἀρέσκον
1140 3833 1244 3935 τῷ
1307 3832 1476 3934 Θεῷ
1541 3827 2189 3929 σεσαγηνευμένον,
2253 3825 2302 3927 ἢ
2367 3827 2661 3928 ὀλίγους

256 3956 534 4054 κομιδῆ.
615 3954 690 4033 ἐν
751 3952 893 4061 ἴσῳ
949 3950 1026 4032 δὲ
1081 3953 1185 4059 τῷ
1238 3954 1486 4052 μηδενὶ
1535 3948 1621 4031 τὸ
1676 3950 1976 4055 σφόδρα
2011 3947 2291 4056 βραχὺ,
2351 3948 2527 4030 ὅταν
2580 3951 2660 4030 ἐκ

148 4118 231 4177 30
254 4083 548 4158 πολλοῦ
603 4075 934 4175 μα’λιστα
994 4072 1475 4175 λαμβάνηται.
1563 4073 1800 4159 πολὺς
1859 4072 1936 4155 δὲ
2002 4073 2090 4174 δὴ
2151 4074 2318 4153 λίαν
2375 4075 2416 4153 ὃ
2476 4071 2662 4153 κατὰ

252 4207 508 4282 πᾶσαν
550 4200 685 4301 τὴν
721 4198 1131 4300 οἰκουμένην
1164 4196 1546 4302 ἅνθρωπος
1591 4205 1854 4278 νοεῖται
1900 4194 2341 4300 πρεπόντως.
2412 4197 2490 4277 τί
2534 4196 2663 4276 οὖν

318 4493 574 4571 span-q]
607 4500 667 4559 -1-
698 4497 730 4548 ὁ
754 4493 820 4550 Ε.
1226 4493 1414 4565 17.ὦς
1436 4491 1529 4546 alt.
1553 4500 1898 4565 asumptum
1920 4509 1988 4547 ex
2013 4490 2082 4547 Ε.
2484 4498 2571 4556 25.
2609 4505 2663 4539 τι

246 4577 595 4639 asumptum
620 4583 687 4620 ex
714 4564 779 4620 E.
1167 4579 1256 4634 30.
1291 4562 1355 4633 δὴ
1378 4579 1489 4619 om.
1515 4561 1583 4618 E.
