3269 5166
604 341 736 406 206
834 340 916 405 Β.
956 337 1344 406 CYRILLI
1396 338 1938 404 ALEXANDR.
1995 339 2561 405 FRAGBOENTA
2629 339 2740 405 vii.
2773 340 2873 418 16,
2905 339 3007 404 18.

290 440 402 507 [²²
426 440 549 505 E]
604 502 828 588 κότως
865 510 974 585 Οὐ
1004 503 1146 610 γῖιρ
1181 506 1214 585 ὃ
1252 501 1419 585 θίλω
1471 508 1655 585 τοῧτο
1708 502 2020 609 πράσσω,
2058 509 2230 584 ἀλλ’
2265 507 2298 586 3
2333 504 2524 612 μισῶ
2570 507 2758 585 τοῦτο
2805 502 3008 584 ποιῶ·

604 631 703 713 ὡς
748 627 971 708 πόσοι
1019 628 1329 714 ποσάκις
1379 625 1874 724 τεθαυμάκασι
1920 628 2052 725 μὲν
2085 628 2218 728 τὴν
2265 628 2706 731 ἐγκράτειαν,
2749 631 2868 708 καὶ
2915 628 3011 727 δὴ

606 754 724 831 καὶ
783 750 1086 852 μελέτης
1149 757 1277 852 τῆς
1340 758 1435 836 εἷς
1495 749 1718 851 αὐτὴν
1781 751 2191 858 ἀρξάμενοι,
2253 757 2401 837 τοῖς
2474 757 2603 852 τῆς
2671 758 3010 855 μυσαρᾶς

368 905 455 961 23
485 902 580 960 1.
607 875 863 976 ἡδονῆς
918 878 1307 977 νενίκηνται
1361 874 1690 977 κέντροις,
1730 879 1847 956 καὶ
1901 874 2356 960 ὀκλάσαντος
2410 877 2649 961 αὐτοῖς
2703 883 2832 955 τοῦ
2882 883 3013 955 νοῦ

604 1033 787 1102 προς
835 1033 922 1079 το
975 1007 1231 1105 χεῖρον,
1263 998 1703 1102 ἐνηργῆκασι
1757 999 1890 1097 τὴν
1927 1000 2297 1103 ἁμαρτίαν,
2336 1001 2725 1155 κατηφείας
2778 996 3012 1102 γεμὴν
3039 1025 3078 1085 5

601 1158 784 1224 μετα
837 1131 1050 1204 τοῦτο
1102 1121 1617 1223 μεμεστωνται·
1674 1122 1952 1207 τούτοις
1992 1121 2084 1202 ἂν
2116 1123 2376 1225 πρέποι
2428 1128 2544 1203 καὶ
2581 1122 2788 1220 μάλα
2822 1121 3008 1202 εἰκό-

602 1283 743 1334 τως
813 1251 1195 1354 μονονουχὶ
1253 1250 1372 1327 καὶ
1435 1246 1863 1346 ἀβουλήτως
1937 1245 2394 1347 ἡσθηνηκόσι
2455 1281 2542 1327 το
2617 1247 2847 1353 φάναι
2919 1245 3013 1345 δὴ

264 1394 407 1444 Infit
425 1409 530 1445 ver·
601 1374 828 1455 πάλιν
891 1384 934 1421 “
963 1376 1150 1455 Νυνὶ
1209 1372 1286 1453 δὲ
1349 1369 1577 1451 οὐκέτι
1641 1367 1785 1471 ἐγω
1849 1368 2368 1474 κατεργάζομαι
2439 1369 2636 1469 αὐτο,
2711 1369 2887 1450 ἀλλ’
2962 1371 3013 1470 ἡ

269 1473 987 1578 1ῐ7“οικοῦσα
1038 1499 1116 1576 ἐν
1168 1498 1322 1595 ἐμοὶ
1376 1494 1750 1597 ἁμαρτία.”

502 1758 574 1815 16
641 1748 714 1817 Εἰ
767 1751 841 1818 δὲ
892 1754 930 1820 ὃ
985 1753 1061 1818 οὐ
1116 1755 1311 1833 θέλω,
1363 1756 1554 1826 τοῦτο
1604 1750 1800 1830 ποιῶ,
1855 1752 2154 1838 σύμφημι
2203 1753 2301 1835 τῷ
2354 1751 2538 1834 νόμῳ
2589 1752 2693 1817 ὅτι
2749 1752 2974 1822 καλός.
3045 1777 3120 1819 10

710 1923 997 2024 Ἐνίησι
1039 1921 1267 2004 πάλιν
1309 1926 1437 2021 τῆς
1491 1920 1790 2025 θεωρίας
1843 1919 1930 2001 τὸ
1988 1920 2276 2026 ἀκριβὲς
2329 1926 2421 2027 τῇ
2478 1929 2605 2002 τοῦ
2663 1923 3012 2022 σώματος

601 2049 843 2155 φύσει,
879 2049 998 2128 καὶ
1049 2054 1196 2128 τῶν
1243 2046 1546 2127 ἐνόντων
1601 2046 1795 2152 αὐτῷ
1845 2051 2174 2151 φυσικῶς
2234 2044 2825 2149 άῤῥωστημάτων
2876 2047 3012 2147 τὴν

476 2270 486 2280 ·
601 2172 900 2271 δύναμιν
962 2171 1544 2252 κατασκέπτεται.
1636 2170 1718 2250 αἵ
1781 2204 1857 2249 τε
1922 2168 2070 2272 γὰρ
2134 2168 2400 2276 ὀρέξεις
2465 2175 2541 2249 αἱ
2614 2167 2798 2273 πρὸς
2859 2179 3013 2252 πᾶν

601 2297 837 2378 ὁτιοῦν
891 2295 1455 2399 ἀποκομίζουσαι
1509 2300 1658 2373 τῶν
1704 2299 1980 2391 παθῶν,
2017 2296 2132 2372 καὶ
2188 2296 2317 2393 τῆς
2365 2290 2770 2448 φιληδόνου
2826 2295 3013 2399 ζωῆς

599 2420 692 2501 τὰ
741 2418 1182 2525 ἐγκλήματα,
1216 2416 1458 2522 πηγὴν
1494 2418 1745 2523 ἔχουσι
1781 2417 1914 2517 τὴν
1947 2415 2213 2518 σάρκα·
2273 2419 2392 2497 καὶ
2440 2416 2621 2520 πρός
2659 2453 2744 2520 γε
2794 2427 3012 2500 τοῦτο
3044 2448 3114 2508 15

264 2555 316 2608 S·
338 2556 489 2609 ³⁸0*
475 2572 542 2608 nv.
601 2544 788 2647 ἡμᾶς
840 2548 1140 2644 ἐμπεδοῖ
1174 2542 1411 2646 λέγων
1447 2549 1577 2624 τοῦ
1617 2541 2021 2644 Σωτῆρος
1991 2575 2030 2620 ο
2066 2540 2390 2642 μαθητής
2428 2551 2471 2589 “
2497 2541 2738 2622 Πόθεν
2774 2542 3005 2625 πόλε-

606 2681 807 2770 “μοι
842 2672 920 2750 ἐν
956 2672 1121 2769 ὑμιν
1156 2702 1272 2748 και
1305 2665 1528 2748 πόθεν
1563 2662 1825 2769 μάχαι·
1806 2727 1828 2763 ,
1901 2667 2029 2745 οὐκ
2065 2667 2478 2763 ἐντεῦθεν,’
2441 2701 2518 2746 εκ
2555 2672 2701 2746 τῶν
2733 2668 3015 2767 ἡδονῶν

606 2794 885 2893 “ὑμῶν
918 2799 1063 2874 τῶν
1096 2790 1680 2895 στρατευομένων
1721 2791 1799 2869 ἐν
1833 2796 1980 2873 τοῖς
2014 2787 2313 2889 μέλεσιν
2353 2791 2619 2889 ὖμῶν·’
2577 2854 2598 2886 ,

351 3039 698 3123 18sqq.T‹⁸>
754 3040 875 3130 Γὰρ
929 3040 1142 3106 Θέλειν
1198 3036 1590 3128 παράκειταί
1652 3059 1784 3118 μοι,
1835 3036 1911 3103 τὸ
1968 3034 2039 3101 δὲ
2098 3037 2595 3125 κατερι-άζεσθαι
2647 3036 2721 3104 τὸ
2781 3038 3012 3121 καλὸν,

1567 3163 1686 3250 οὐχ
1738 3162 2043 3251 εὑρίσκω.
3041 3186 3122 3226 20

714 3332 805 3412 Τὶ
860 3329 1001 3436 ybs)
1037 3328 1243 3411 θέλειν
1287 3331 1477 3433 φησὶ
1533 3327 1959 3433 παράκειταί
2012 3362 2149 3430 μοι,
2204 3326 2278 3406 τό
2334 3323 2405 3405 δὲ
2466 3325 3014 3435 κατεργάζεσθαι

601 3469 674 3550 τὶ
727 3469 941 3549 καλὶν
979 3465 1070 3547 οὔ·
1145 3468 1263 3545 καὶ
1310 3463 1401 3545 τὰ
1440 3463 1634 3571 ἑξῆς·
1706 3468 1805 3547 εἶς
1860 3461 2228 3568 ἀπόδειξιν
2262 3468 2393 3541 τοῦ
2450 3470 3015 3564 κατηγορεῖσθαι

598 3590 731 3690 τὴν
768 3591 1011 3694 σάρκα
1060 3593 1303 3673 δεινῶς
1355 3590 1759 3668 ὠδίνουσαν
1802 3588 1878 3665 ἐν
1913 3588 2127 3689 ἑαυτῇ
2177 3583 2310 3684 τὴν
2346 3586 2725 3688 ἁμαρτίαν,
2761 3620 3008 3690 παρα-

599 3715 876 3823 δέχεται
911 3719 1171 3819 σοφῶς
1213 3712 1299 3792 τὸ
1349 3716 1833 3814 παρακεῖσθαι
1881 3708 2013 3809 μὲν
2049 3710 2218 3809 ἡμῖν
2253 3707 2339 3790 τὸ
2382 3708 2682 3810 ἀγαθὸν,
2719 3710 2822 3810 μὴ
2861 3706 3012 3810 μὴν

597 3839 701 3921 ἔτι
755 3843 873 3920 καὶ
930 3835 1014 3919 τὸ
1070 3836 1426 3918 δύνασθαι
1486 3835 1961 3937 διαπεραίνειν
2014 3832 2213 3912 αὐτό·
2304 3832 2806 3936 καταβιάζεται
2860 3832 3010 3936 γὰρ
3041 3863 3122 3924 ²5

596 3970 694 4048 εἷς
748 3962 1159 4063 ἀβούλητον
1208 3957 1561 4062 ἐκτροπὴν
1617 3960 1734 4037 καὶ
1789 3958 1924 4061 οὐχ
1976 3955 2229 4037 ἑκόντα
2283 3954 2412 4037 τὸν
2470 3964 2662 4038 νοῦν.
2744 3957 3012 4038 οὐκοῦν

673 4187 724 4225 2.
759 4169 953 4224 πολλοὶ
975 4168 1231 4223 πολλάκις
1254 4167 1324 4222 Α.
1585 4179 1638 4234 3.
1675 4163 1759 4218 καὶ
1782 4180 1892 4218 om.
1916 4161 1986 4216 A.
2245 4159 2297 4215 6.
2332 4161 2463 4232 μετὰ
2487 4164 2642 4216 τοῦτο
2665 4178 2852 4217 assum
2912 4180 3012 4218 um

599 4258 666 4295 ex
689 4239 758 4294 A.
1091 4238 1145 4293 8.
1183 4236 1286 4307 ἑγὼ
1309 4235 1480 4291 οὐκέτι
1502 4235 1715 4290 inverso
1739 4232 1928 4288 ordine
1953 4233 2022 4287 A.
2382 4248 2406 4286 1
2420 4248 2466 4287 1.
2500 4229 2744 4319 Ἐνίησι]
2763 4238 2824 4296 -Ι-

606 4326 689 4377 14.
724 4313 828 4363 τῶν
847 4309 1027 4364 παθῶν
1049 4325 1159 4363 om.
1185 4307 1254 4361 A.
1739 4317 1823 4374 15.
1860 4299 2056 4393 σάρκα]
2084 4302 2260 4374 pergit
2284 4301 2369 4356 καὶ
2391 4301 2893 4372 numu-mardorum
2914 4307 3012 4358 τοῦ

596 4378 899 4449 πνεύματος,
923 4373 1870 4466 καὶᾶνθίλκουσιπρὸςτδαὶσχίο,
1894 4370 2477 4444 καιτοιφιλελεῦθερον
2502 4371 3012 4429 ὅντατῦννοῦνκαὶ

599 4454 927 4539 καυχώμενον
948 4448 1027 4505 ὄπ’
1052 4447 1229 4520 ἀρετῇ,
1252 4448 1334 4502 διὸ
1359 4449 1442 4501 καὶ
1465 4445 1538 4502 εἷς
1560 4445 1830 4513 ἀπόδειξιν
1852 4445 1930 4511 (v.
1950 4443 2043 4514 22)
2066 4443 2137 4498 A.
2466 4458 2554 4498 22.
2589 4441 2687 4533 τὰ]
2710 4445 2773 4498 τὸ
2799 4444 3010 4516 Higue.

600 4538 687 4594 23.
911 4516 1567 4646 ἐταισοφῦς]λε’γειΑ.
1840 4528 1929 4586 25.
1964 4515 2159 4570 τὸοω.
2193 4514 2258 4568 Α.
2535 4513 2622 4570 26.
2656 4515 3009 4587 capon-ij.

599 4592 687 4647 ἂν
876 4590 1056 4647 13.Ed
