3269 5166
829 322 1075 386 RESP.
1118 321 1246 386 AD
1289 322 1459 389 ΤΙΒ.
1509 321 2040 391 SOCIOSQUE.
2498 326 2625 391 585

223 488 443 568 αὐτοῦ
479 495 612 567 τοῦ
639 492 841 586 Υἱοῦ,
868 494 1024 572 πῶς
1062 489 1189 568 οῦκ
1226 486 1368 569 οἶδε
1404 488 1496 568 τὰ
1530 491 1608 568 ἐν
1643 495 1747 596 τῷ
1785 492 1939 598 ἰδίῳ
1980 491 2262 595 Πατρίς
2322 498 2629 572 πολλῶν
2679 499 2689 504 ’

220 619 606 714 τοιγαροῦν
662 616 757 695 εἷς
810 613 1115 693 ἀτοπίαν
1161 615 1446 693 ἐννοιῶν
1490 619 1983 693 συνωθουσῶν
2036 614 2167 697 τὸν
2209 617 2451 716 ἀμαθῆ
2510 620 2628 697 καὶ

219 735 578 834 κίβδηλον
631 734 912 815 ἐκείνων
966 733 1213 834 λόγον,
1251 738 1639 838 ἀναγκαῖον
1695 739 1929 817 ἐλθεῖν
1987 740 2101 818 ἐπὶ
2153 738 2288 838 τὴν
2342 744 2616 820 οἷκονο·
2652 780 2688 820 c

215 858 417 956 μίαν,
459 857 687 965 φάναι
740 893 840 955 τε,
898 857 1009 939 ὅτι
1066 859 1454 966 πεφόρηκε,
1492 858 1622 959 μὲν
1681 859 1721 939 ὁ
1773 861 2197 962 Μονογενὴς
2252 871 2383 943 τοῦ
2431 868 2626 944 Θεοῦ

155 1005 190 1064 5
219 980 466 1084 Λόγος
520 981 701 1080 μετὰ
754 987 882 1083 τῆς
937 980 1488 1086 ἀνθρωπότητος
1543 985 1661 1062 καὶ
1714 981 1953 1063 πάντα
2008 984 2103 1064 τὰ
2136 988 2407 1086 αὐτῆς,
2458 989 2620 1092 δίχα

215 1101 446 1205 μόνης
487 1107 859 1209 ἁμαρτίας.
922 1106 1469 1208 ἀνθρωπότητος
1525 1105 1601 1186 δὲ
1655 1106 1939 1209 με’τροις
1984 1107 2244 1208 πρέποι
2300 1108 2392 1189 ἂν
2431 1109 2616 1191 εἰκό-

215 1264 362 1313 τως
419 1233 537 1309 καὶ
584 1229 671 1310 τὸ
708 1232 993 1331 ἀγνοεῖν
1027 1229 1121 1309 τὰ
1174 1228 1506 1329 ἐσόμενα·
1586 1231 1841 1310 οὐκοῦν
1897 1232 2059 1311 καθ’
2101 1229 2142 1311 ὃ
2191 1231 2322 1331 μὲν
2365 1239 2625 1313 νοεῖται

216 1352 432 1451 Θεὸς,
470 1349 615 1433 οἶδε
668 1353 907 1434 πάντα
961 1353 1108 1433 ὅσα
1158 1356 1275 1433 καὶ
1311 1355 1352 1433 ὁ
1392 1352 1678 1456 Πατήρ·
1758 1354 1927 1433 καθ’
1969 1352 2011 1433 ὃ
2057 1354 2287 1456 γεμὴν
2341 1357 2621 1460 ἅνθρω·

215 1511 356 1561 πος
395 1478 437 1555 ὃ
472 1474 704 1574 αὐτὸς,
742 1479 869 1557 οὐκ
919 1477 1331 1558 ἀποσείεται
1378 1476 1462 1557 τὸ
1516 1480 1634 1557 καὶ
1681 1480 2039 1577 ἀγνοῆσαι
2085 1482 2344 1578 δοκεῖν,
2386 1478 2503 1560 διὰ
2538 1478 2622 1562 τὸ

119 1634 191 1674 ιο
214 1604 307 1706 τῇ
354 1596 853 1702 ἀνθρωπότητι
896 1599 1198 1702 πρέπον.
1280 1597 1534 1703 ὥσπερ
1572 1599 1647 1680 δὲ
1686 1597 1899 1685 αὐτὸς
1936 1598 2038 1681 ῶν
2071 1602 2117 1700 ἡ
2153 1601 2446 1683 πάντων
2481 1602 2621 1705 ζωὴ

213 1727 335 1802 καὶ
397 1723 691 1821 δύναμις
750 1723 1030 1830 τροφὴν
1087 1722 1361 1828 ἐδέχετο
1419 1719 1861 1821 σωματικὴν,
1926 1725 2054 1805 οὐκ
2117 1725 2474 1829 ἀτιμάζων
2535 1725 2621 1808 τὸ
2646 1744 2690 1806 d

213 1849 346 1943 τῆς
403 1847 769 1931 κενώσεως
823 1850 1103 1948 μέτρον,
1139 1848 1677 1950 ἀναγέγραπται
1735 1846 1812 1927 δὲ
1864 1850 1983 1927 καὶ
2028 1851 2270 1929 ὑπνῶν
2326 1853 2443 1931 καὶ
2492 1885 2617 1931 κο-

213 1969 515 2067 maiam,
571 1971 759 2050 οὕτω
813 1974 930 2050 καὶ
984 1967 1224 2050 πάντα
1277 1966 1476 2055 εἰδὼς
1535 1968 1668 2068 τὴν
1722 1976 1814 2076 τῇ
1871 1968 2370 2074 ἀνθρωπότητι
2434 1973 2611 2077 πρέ-

211 2126 510 2175 πουσαν
544 2093 841 2194 ἄγνοιαν
877 2094 1005 2174 οὐκ
1051 2096 1339 2201 ἐρυθριᾷ
1392 2093 1826 2195 προσνέμων
1863 2094 2118 2203 ἑαυτῷ·
2190 2096 2438 2197 γε’γονε
2475 2096 2619 2200 γὰρ

117 2251 186 2308 ¹5
214 2217 440 2296 αὐτοῦ
492 2216 733 2296 πάντα
786 2214 879 2296 τὰ
933 2220 1059 2316 τῆς
1114 2215 1695 2319 ἀνθρωπότητος,
1738 2218 1907 2322 δίχα
1961 2215 2184 2318 μόνης
2239 2219 2610 2321 ἁμαρτίας.

210 2336 455 2439 ἐπειδὴ
511 2339 587 2419 δὲ
645 2339 737 2419 τά
802 2338 978 2443 ὑπὲρ
1030 2339 1318 2424 ἑαυτοὺς
1379 2341 1647 2440 ἤθελον
1711 2344 1778 2419 οἱ
1834 2343 2151 2440 μαθηταὶ
2213 2340 2617 2442 μανθάνειν,

209 2458 621 2561 σκήπτεται
654 2463 1034 2567 χρησίμως
1070 2495 1154 2542 το
1190 2461 1291 2562 μὴ
1329 2461 1580 2543 ειδέναι
1610 2461 1792 2542 καθὸ
1829 2464 2225 2566 ἅνθρωπος,
2249 2466 2374 2545 καί
2402 2472 2614 2572 φησι,

208 2583 394 2685 μηδὲ
455 2583 711 2669 αὐτοὺς
767 2586 1020 2666 ειδεναι
1074 2582 1241 2672 τοῦς
1301 2585 1482 2667 κατὰ
1546 2620 1675 2665 τον
1739 2586 2043 2687 οὐρανὸν
2107 2588 2316 2674 ὄντας
2373 2591 2614 2692 ἁγίους
2639 2636 2674 2678 e

209 2709 681 2811 ἀγγέλους,”
649 2743 764 2788 ινα
816 2707 918 2809 μὴ
974 2716 1342 2792 λυπῶνται
1388 2711 1483 2794 ὡς
1530 2707 1632 2810 μὴ
1671 2709 2136 2817 θαῤῥηθέντες
2190 2710 2275 2791 τὸ
2327 2713 2610 2815 μυστ-ήσ-

106 2878 182 2918 20
206 2866 391 2936 ριον.

2636 2986 2673 3024 a
2699 2972 2838 3028 390
2865 2972 2950 3031 A.

207 3062 383 3145 Πρὸς
425 3064 562 3132 τοὺς
603 3062 892 3145 λέγοντας
933 3065 1025 3127 ὅτι
1070 3066 1261 3131 Ζδικῶς
1306 3066 1340 3128 ὁ
1384 3066 1583 3147 Λόγος
1605 3066 1865 3146 ,ἐνεργεῖ
1902 3066 2008 3130 τὰς
2051 3064 2390 3144 θεοσημίας,
2440 3062 2613 3129 οὐδὲν
2639 3055 2731 3122 E'·

692 3171 836 3256 πρὸς
865 3178 1038 3239 τοῦτο
1070 3175 1325 3260 ἐχούσης
1353 3178 1458 3254 τῆς
1487 3174 1660 3256 ἁγίας
1689 3172 1865 3236 αὐτοῦ
1894 3172 2131 3253 σαρκός.

1145 3377 1196 3435 Ε
1217 3376 1274 3434 Π
1300 3374 1404 3434 ῙΛ
1420 3376 1476 3434 Τ
1494 3376 1541 3435 Σ
1563 3377 1590 3434 I
1613 3375 1683 3435 Σ.

313 3517 512 3604 Τοὺς
578 3517 654 3598 δὲ
718 3518 1088 3620 λε’γοντας,
1147 3517 1258 3597 ὅτι
1337 3517 1421 3597 οὐ
1488 3517 1630 3623 χρὴ
1703 3523 2121 3599 κοινοποιεῖν
2179 3515 2311 3618 τὴν
2369 3515 2611 3623 σάρκα

278 3705 499 3780 num]
525 3711 752 3779 χριστοῦ
776 3715 833 3763 Γ.
916 3706 1101 3779 πατρί]
1124 3714 1182 3768 -Ι-
1207 3710 1237 3761 6
1260 3708 1369 3763 υἱός
1391 3724 1445 3761 ιι.
1523 3706 1629 3764 Pro
1633 3708 1826 3796 *παι-ρι’,
1845 3707 2038 3776 legisse
2059 3707 2307 3777 πνεύματι
2324 3708 2537 3764 videtur
2553 3718 2611 3769 Γ.

518 3800 606 3833 κεν
647 3779 720 3833 D.
723 3795 779 3834 n.
869 3777 1062 3833 Statim
1108 3779 1204 3847 μὲν
1244 3795 1351 3832 om.
1402 3795 1459 3831 n.
1565 3781 1661 3832 τοῦ
1708 3782 1845 3833 θεοῦ
1888 3780 2058 3849 Λόγος
2102 3778 2207 3833 hoc
2255 3778 2442 3833 ordine
2480 3781 2550 3836 A.
2553 3798 2611 3836 n.

196 3851 255 3906 6.
287 3852 454 3937 μόνης
509 3855 570 3913 -Ι-
600 3851 692 3918 τῆς
715 3848 819 3904 Ed.
845 3848 1271 3919 repugnantibus
1294 3849 1364 3901 A.
1370 3848 1422 3902 D
1429 3865 1502 3901 ..ιι
1589 3848 1691 3903 ἀνθ
1687 3851 1987 3918 ρωπότητος
2003 3848 2117 3916 aa„
2122 3847 2255 3905 ‚hoc
2279 3848 2466 3903 ordine
2481 3851 2549 3904 A.
2552 3867 2609 3906 ιι.

192 3942 569 4081 Ξνρθῖἴπότητι
591 3920 794 4077 πρέποξ
799 3921 1281 4044 Ῑιῗιοαῗιῖῑιὶῐίιιιιξῃέἳι.
1269 3936 1335 3972 ex
1360 3917 1598 4070 Anba-:zm
1619 3869 1918 4044 Εὲῗθῖῖξίἲὲ
1939 3917 2056 4043 3⁶
2084 3917 2302 4079 ὃιιΑιίιίἰς]
2326 3991 2356 4042 6
2379 3935 2530 4045 0623:
2544 3941 2611 4044 ἷιῃ

191 4062 409 4123 πάντων
432 4059 537 4129 ζωὴ
562 4069 615 4114 et
638 4058 852 4142 ἐδέχετο
874 4057 1187 4145 copmanh-
1192 4057 1296 4113 hoc
1320 4057 1509 4112 01·de
1533 4060 1601 4113 A.
1604 4075 1661 4112 n.
2035 4074 2119 4112 11.
2155 4080 2248 4113 ουκ
2269 4060 2527 4128 ἀτιμάζων
2548 4062 2610 4114 τὸ

194 4133 294 4201 τῆς
317 4133 587 4185 κενύσεως
609 4129 715 4185 hoc
738 4129 926 4184 ordine
948 4128 1018 4184 A.
1043 4130 1105 4183 τὸ
1127 4130 1219 4197 τῆς
1241 4130 1505 4185 κενώσεως
1527 4129 1619 4182 οὐκ
1642 4128 1897 4197 ἀτιμάζων
1921 4128 2025 4183 Ed.
2425 4145 2609 4200 31

190 4202 560 4271 ἆνθροπότητι
581 4200 890 4268 πρέπουσαν
912 4199 1016 4254 hoc
1038 4197 1227 4253 ordine
1251 4198 1319 4253 A.
1323 4215 1379 4251 n.
1594 4212 1679 4266 15.
1714 4199 1899 4254 ἑαυτοῦ
1922 4215 1978 4253 n.
2083 4199 2214 4267 μόνη
2218 4196 2268 4269 ς]
2302 4205 2361 4263 4
2388 4201 2477 4267 *⁷⁸7⁸
2502 4151 2609 4253 Ed.

190 4270 632 4397 hocugunntibus
657 4272 725 4324 A.
731 4270 784 4325 D
790 4287 864 4325 ..n
970 4268 1003 4323 ἆ
1001 4269 1219 4339 μαρτίας
1244 4267 1356 4322 dos.
1380 4287 1436 4324 n.
1693 4268 1775 4324 16.
1811 4269 2000 4339 ἤθελον
2023 4269 2073 4321 οἱ
2094 4269 2316 4338 μαθηταὶ
2337 4268 2611 4355 μανθάνειν

329 4339 528 4396 ordine
550 4340 600 4395 A
645 4340 836 4409 ἤθελον
858 4351 983 4410 post
1001 4290 1275 4425 μανθάνειν
1297 4338 1597 4408 transponit
1621 4337 1727 4393 Ed.
1888 4339 1974 4393 18.
2011 4339 2140 4393 κατὰ
2144 4340 2254 4423 *τὸν
2276 4339 2345 4393 A.
2369 4335 2477 4391 κατ’
2503 4336 2609 4393 Ed.

193 4428 287 4468 21.
326 4418 370 4466 E
395 4411 452 4465 in
477 4429 593 4483 mg.
617 4410 836 4482 reposui
860 4427 889 4464 e
915 4417 973 4463 Γ.
997 4406 1054 4462 Δ
1081 4408 1296 4463 exhibet
1319 4410 1369 4462 A
1393 4427 1506 4479 mg.
1801 4424 1886 4462 22.
1921 4410 2052 4479 πρὸς
2074 4410 2231 4463 τοῦτο
2255 4405 2481 4487 ἔχοῦσης
2503 4406 2611 4461 hoc

190 4481 386 4537 ordine
411 4481 481 4537 A.
726 4496 815 4551 23.
851 4483 1094 4541 επιλνσις
1117 4486 1173 4533 Γ.
1249 4478 1314 4535 In
1339 4480 1392 4533 A
1416 4478 1577 4533 hodie
1599 4496 1713 4533 non
1736 4479 1933 4548 legitur
1956 4479 2198 4549 margine
2221 4476 2607 4533 consarcinato.

191 4550 600 4623 ...pamm

279 4656 426 4703 vot..
458 4656 564 4702 111.
1377 4657 1421 4717 4
1451 4655 1487 4697 r
