3269 5166
216 354 540 443 xviii.7—9.
630 357 746 422 IN
805 358 871 423 S.
918 355 1429 422 JOANNEM.
1521 354 1712 421 LIB.
1761 354 1882 420 XI.
1974 354 2374 421 CARXII.
2507 358 2591 421 21

213 517 482 629 θανάτῳ
541 526 982 626 παραδοῦναι
1043 528 1290 619 σῶμα,
1358 521 1475 600 ἵνα
1538 523 1658 601 καὶ
1720 523 2231 619 ἀκολουθῆσαν
2304 524 2394 624 τῇ
2465 527 2594 599 τοῦ

209 645 571 731 ἑνωθέντος
632 647 824 755 αὐτῷ
888 644 1135 749 Λόγου
1193 645 1359 749 ζωῇ,
1414 649 1506 750 τῇ
1565 651 1712 724 τῶν
1778 642 2142 743 σωμάτων
2197 640 2595 748 ὁδοποιήσῃ

209 768 416 873 φύσει
471 768 555 849 τὸ
609 770 959 850 δύνασθαι
1020 768 1278 850 λοιπὸν
1336 771 1453 848 καὶ
1504 775 1652 849 τῶν
1708 776 1836 849 τοῦ
1887 767 2200 849 θανᾶτου
2255 802 2595 848 κατανεα-

206 892 547 974 νιεύεσθαι
581 892 900 999 βρόχων.
973 892 1269 999 ἀπαρχὴ
1321 891 1465 996 γὰρ
1503 900 1651 972 τῶν
1688 892 2214 993 κεκοιμημένων
2246 894 2287 971 ὁ
2331 891 2593 995 Κύριος
2623 927 2659 970 ο

145 1038 178 1101 5
203 1019 311 1095 καὶ
343 1016 795 1121 πρωτότοκος
831 1020 908 1097 ἐκ
948 1025 1235 1119 νεκρῶν,
1266 1015 1644 1117 λειοτάτην
1671 1014 1924 1120 ὥσπερ
1960 1024 2109 1102 τοῖς
2143 1018 2304 1117 μεθ’
2345 1013 2596 1096 ἑαυτὸν

200 1143 565 1221 ἀποτελῶν
630 1141 749 1222 διὰ
813 1146 938 1241 τῆς
1018 1143 1199 1225 ἰδίας
1263 1140 1737 1226 ἀναστάσεως
1805 1141 1937 1241 τὴν
2010 1146 2109 1226 εἶς
2174 1142 2597 1246 ἀφθαρσίαν

144 1310 151 1317 ·
200 1265 627 1369 ἀναδρομήν.
728 1265 1063 1373 ὑπεξάγει
1137 1272 1519 1368 τοιγαροῦν
1593 1274 1724 1346 τοῦ
1792 1265 2199 1366 παραυτίκα
2269 1261 2597 1346 κινδύνου

199 1388 354 1474 τοὺς
410 1389 762 1491 μαθητὰς,
818 1391 1011 1498 αὐτῷ
1071 1389 1159 1489 δὴ
1212 1388 1507 1493 πρέπειν
1566 1386 1727 1470 τότε
1785 1388 2117 1488 μάλιστα
2179 1389 2309 1469 τὸν
2365 1386 2597 1470 ἆθλον

205 1512 407 1614 εἰδὼς,
441 1517 563 1596 καὶ
621 1517 754 1618 οὐχ
809 1512 1048 1619 ἑτέρου
1082 1512 1273 1598 τινὸς
1320 1513 1535 1616 ἔργον
1590 1512 1724 1613 τὴν
1764 1519 1909 1593 τῶν
1945 1514 2110 1593 καθ’
2149 1513 2334 1613 ἡμᾶς
2369 1515 2590 1593 ἐπαν·

115 1672 184 1716 10
207 1635 506 1741 όρθωσιν
565 1639 1014 1747 ἀποφαίνων,
1072 1640 1240 1718 ἀλλ’
1296 1640 1516 1738 αὐτῆς
1571 1640 1689 1718 καὶ
1743 1635 1964 1738 μόνης
2020 1642 2149 1737 τῆς
2197 1643 2342 1718 τῶν
2401 1636 2597 1717 ὅλων

201 1763 731 1857 βασιλευούσης
784 1764 1060 1846 οὐσίας.

308 1890 727 1992 Περιτρέπει
787 1884 1017 1989 γεμὴν
1075 1889 1115 1966 ὁ
1173 1885 1413 1994 σοφὸς
1472 1884 2028 1989 Εὐαγγελιστὴς
2083 1891 2180 1971 εἷς
2235 1885 2600 1993 ἀπόδειξιν

204 2011 447 2115 ἐναργῆ
484 2017 619 2114 τῆς
656 2013 864 2091 οἱονεὶ
900 2009 1220 2092 καθόλου
1255 2014 1371 2091 καὶ
1409 2012 1891 2113 γενικωτᾶτης
1926 2009 2273 2110 ἐσομένης
2312 2015 2600 2117 φειδοῦς

206 2139 292 2219 εἷς
340 2135 501 2222 τοὺς
556 2135 1001 2240 προσιόντας
1056 2137 1251 2244 αὐτῷ
1305 2134 1422 2215 διὰ
1475 2137 1791 2219 πίστεως
1841 2134 1925 2215 τὸ
1985 2141 2289 2239 μερικῶς
2348 2168 2423 2214 τε
2482 2136 2601 2213 καὶ

120 2285 181 2346 15
208 2262 422 2346 ῑδικῶς
480 2267 581 2347 εἰς
630 2258 795 2345 τοὺς
849 2259 1204 2344 συνόντας
1259 2260 1452 2369 αὐτῷ
1510 2262 1595 2340 τὸ
1655 2269 2043 2361 τηνικαῦτα
2105 2259 2593 2362 γεγενημένον.
2621 2274 2665 2338 d

206 2385 673 2490 παρηγγύησε
722 2384 888 2488 γὰρ,
925 2389 1179 2493 φησὶν,
1219 2387 1506 2492 ἀφεῖναι
1554 2382 1719 2470 τοὺς
1761 2383 2109 2485 μαθητὰς,
2145 2385 2257 2465 ’ἵνα
2297 2381 2605 2493 πληρωθῇ

208 2517 235 2589 ὁ
276 2512 476 2614 λόγος
536 2515 607 2593 ’ὃν
662 2506 840 2591 εἶπεν
891 2508 988 2591 ’ὅτι
1047 2510 1152 2597 οὓς
1205 2505 1468 2597 ἔδωκάς
1525 2546 1644 2616 μοι
1701 2515 1817 2591 οὐκ
1865 2509 2214 2591 ἀπώλεσα.
2263 2509 2336 2617 ἐξ
2389 2506 2601 2590 αὐτῶν

209 2630 438 2718 οὐδένα.
516 2635 634 2716 ὅτι
689 2634 834 2738 γὰρ
884 2637 1002 2716 καὶ
1052 2642 1197 2716 τῶν
1252 2634 1434 2734 μετὰ
1489 2643 1718 2715 ταῦτα
1773 2636 2122 2741 φείσεται,
2159 2641 2314 2717 πῶς
2370 2635 2594 2741 ἀμφί-

204 2762 467 2859 βολον,
558 2759 652 2841 τὸ
708 2758 852 2863 γὰρ
907 2762 982 2840 ἐν
1042 2761 1318 2862 ὀλίγοις
1382 2761 1465 2840 οὗ
1522 2757 1956 2866 ῥᾳθυμηθὲν,
2011 2766 2166 2844 πῶς
2232 2755 2322 2840 ἂν
2380 2793 2598 2839 κατα-

129 2918 192 2960 20
210 2885 574 2987 φρονηθείη
613 2882 836 2990 τυχὸν
883 2886 959 2965 ἐν
993 2886 1290 2965 πλείοσι
1324 2917 1346 2982 ;
1409 2886 1525 2965 καὶ
1563 2886 1603 2963 ὁ
1644 2881 1866 2992 φειδὼ
1903 2882 2270 2983 τοσαύτην
2304 2917 2600 2983 πεποιη-

208 3007 395 3102 μένος
447 3016 543 3095 εἰς
601 3006 1117 3111 εὐαριθμήτους
1174 3013 1448 3113 κομιδῇ,
1504 3016 1663 3092 πῶς
1716 3007 1805 3088 ἀν
1861 3004 2234 3107 ἀλογήσαι
2289 3010 2407 3087 καὶ
2454 3015 2602 3088 τῶν

210 3130 368 3234 ὑπὲρ
421 3134 660 3241 φύσιν
713 3130 848 3232 τὴν
906 3134 1259 3235 ἀριθμοῦ;
1328 3136 1600 3214 πολλοὶ
1659 3131 1802 3233 γὰρ
1862 3133 2032 3210 λίαν
2092 3135 2157 3210 οἱ
2212 3164 2600 3212 πεπιστευ-

209 3254 410 3341 κότες.
493 3265 590 3343 εἷς
648 3255 886 3337 εἰκόνα
924 3258 1161 3339 τοίνυν
1197 3266 1326 3338 τοῦ
1364 3254 1842 3359 γενικωτάτου
1893 3254 2102 3361 δέχου
2155 3252 2240 3335 τὸ
2290 3255 2598 3358 μερικὸν,

2691 899 2712 934 ι
2726 886 2839 935 Gor.

2685 966 2769 1000 xv.
2794 965 2874 1002 20.

210 3383 312 3460 καὶ
346 3383 426 3462 δι’
463 3379 568 3462 ὧν
604 3382 699 3462 οὐ
733 3380 1080 3473 βούλεται
1117 3380 1538 3462 κινδυνεύειν
1583 3380 1772 3464 ὅλως
1822 3378 1989 3466 τοὺς
2033 3380 2287 3460 ἑαυτοῦ
2339 3383 2599 3483 γνωρί-

130 3532 191 3593 ²5
210 3536 385 3603 μους,
420 3509 592 3587 ποία
630 3540 742 3590 τις
782 3504 990 3586 ε”σται
1027 3511 1144 3586 καὶ
1191 3504 1393 3606 πόση
1444 3505 1628 3585 κατὰ
1677 3512 1824 3584 τῶν
1871 3504 2089 3585 αὐτὸν
2126 3503 2593 3585 ἀποκτεινάν-

213 3659 339 3707 των
390 3631 593 3778 ὀργὴ,
652 3634 1136 3733 περιαθρῆσαι
1187 3631 1388 3736 ῥᾶον.
1469 3664 1509 3709 ο
1563 3663 1708 3734 γαρ
1758 3626 2284 3730 ἀνεθέλητον”
2236 3663 2404 3734 εχει,
2443 3637 2598 3714 πῶς

214 3753 352 3856 οὐχὶ
399 3754 692 3838 πάντως
749 3761 994 3852 μισεῖ·
974 3815 995 3847 ,
1076 3787 1240 3836 τους
1299 3750 1376 3832 δε
1433 3759 1577 3833 τῶν
1637 3750 1807 3855 παρ’
1866 3754 2084 3833 αυτοῦ
2139 3755 2597 3851 μισουμένων
2624 3781 2933 3839 alolssA.

215 3874 494 3976 ἐργάτας
561 3912 679 3958 οτι
745 3875 965 3979 πικρά
1035 3911 1142 3961 τις
1208 3880 1325 3955 καὶ
1389 3874 1857 3975 ἀτελεύτητος
1920 3875 2279 3984 ε’κδεξεται
2338 3879 2596 3979 κρίσις,

216 4004 352 4084 πῶς
385 3998 470 4080 ἂν
506 4003 611 4104 εἴη
654 3997 990 4080 λοιπὸν
952 4037 999 4100 η
1033 3998 1256 4081 πόθεν
1291 4002 1765 4106 ἀμφίβολον·
1745 4059 1767 4096 ,

1031 4243 1082 4282 2.
1119 4231 1221 4282 τῶν
1244 4236 1587 4299 assumptum
1611 4245 1678 4282 ex
1704 4226 1769 4283 E.
