3269 5166
616 340 703 405 88
1232 341 1313 407 Β.
1362 342 1786 408 CYRILLI
1847 342 2438 409 ALEXANDR.
2635 346 2768 409 xix.
2799 362 2907 431 23,
2937 363 3037 423 24.

617 511 908 610 πρῶτον
943 503 1074 605 μὲν
1110 505 1229 586 ἵνα
1264 507 1758 609 γινώσκωμεν,
1799 508 1909 589 ὅτι
1946 508 2135 594 Θεὸς
2171 509 2354 590 κατὰ
2391 508 2621 617 φύσιν
2659 509 3035 616 ὑπάρχων,

619 635 766 709 τῶν
811 627 1116 710 ἔσεσθαι
1168 629 1595 731 μελλόντων
1630 630 1993 735 ἠγνόησεν
2030 632 2255 731 οὐδὲν,
2291 630 2443 713 εἶτα
2496 631 2679 738 πρὸς
2726 633 3034 727 τούτοις,

283 770 544 827 1063Δ.
561 785 599 827 ιι
618 750 735 834 ἵνα
788 753 1241 854 πιστεύωμεν
1296 756 1516 836 αὐτὸν
1569 759 1863 858 ἀληθῶς
1922 752 2098 838 εἶναι
2157 756 2286 838 τὸν
2339 757 3034 863 προκεκηρυγμένον,

266 2647 291 2715 ,¹
320 2634 437 2687 Cor.

262 2718 296 2754 1.
316 2715 394 2767 13.

272 3373 438 3425 Exod.

271 3441 361 3490 xii.
386 3454 439 3505 4.

618 874 737 956 διὰ
791 884 1098 958 πολλῶν
1143 877 1344 960 ὅσων
1386 886 1532 961 τῶν
1581 883 1689 963 ἐπ’
1730 882 1925 990 αὐτῷ
1978 882 2509 981 τετελεσμένων
2554 882 2670 963 ἐπὶ
2725 878 2860 981 τὴν
2903 885 3034 982 τῆς

618 1000 959 1101 ἀληθείας
992 1001 1387 1106 ἐπίγνωσιν
1421 1006 1967 1110 ποδηγούμενοι.
3059 1043 3098 1103 5

730 1131 825 1207 Εἰ
861 1125 937 1207 δὲ
974 1131 1086 1207 δεῖ
1113 1161 1183 1208 τι
1219 1126 1444 1209 πάλιν
1481 1131 1596 1210 καὶ
1650 1133 1766 1212 ἐπὶ
1815 1137 1907 1236 τῇ
1955 1138 2101 1212 τῶν
2139 1131 2434 1232 ἱματίων
2472 1136 2772 1237 διανομῇ
2817 1166 3022 1234 περι·

616 1250 1124 1359 σκεψαμένους
1161 1258 1399 1352 εἰπεῖν,
1440 1251 1481 1335 ὃ
1519 1259 1639 1335 καὶ
1673 1253 1962 1352 βλάβος
1997 1255 2129 1357 μὲν
2165 1256 2346 1337 οἴσει
2382 1262 2758 1340 παντελῶς
2795 1255 3028 1351 οὐδὲν,

613 1375 860 1477 ὀνήσει
916 1376 993 1458 δὲ
1046 1375 1238 1485 τάχα
1289 1374 1458 1463 τοὺς
1510 1378 2070 1488 ἐντευξομένους,
2107 1382 2245 1485 ἐρῶ
2301 1378 2390 1482 δὴ
2446 1383 2564 1461 καὶ
2616 1388 2854 1462 τοῦτο.
2934 1387 3032 1464 εἶς

612 1500 946 1606 τέσσαρα
993 1502 1173 1607 με’ρη
1223 1499 1316 1582 τὰ
1366 1511 1495 1584 τοῦ
1542 1508 1879 1607 Σωτῆρος
1928 1504 2282 1590 διελόντες
2334 1501 2597 1605 ἱμάτια,
2635 1505 3032 1608 ἀμέριστον

614 1635 922 1728 τηροῦσι
984 1624 1113 1706 τὸν
1173 1627 1316 1725 ἕνα,
1380 1630 1509 1727 τῆς
1575 1626 1964 1734 ἀφράστου
2026 1628 2298 1735 σοφίας
2363 1637 2493 1710 τοῦ
2560 1634 3029 1730 Μονογενοῦς
3065 1664 3134 1704 ιο
3241 1652 3242 1689 ὲ

614 1750 1091 1851 διοικουμένης
1156 1750 1408 1853 ὥσπερ
1472 1786 1541 1831 τι
1603 1756 1721 1832 καὶ
1790 1751 1906 1833 διὰ
1975 1752 2232 1835 τούτου
2303 1760 2604 1853 σημεῖον
2667 1758 3030 1854 μυστικῆς
3241 1748 3242 1753 ¹

611 1875 1034 1974 οἰκονομίας,
1070 1875 1159 1955 δι’
1199 1875 1282 1977 ἧς
1329 1875 1590 1975 ἔμελλε
1626 1874 1719 1956 τὰ
1755 1875 2088 1980 τέσσαρα
2125 1881 2253 1978 τῆς
2289 1877 2696 1976 οἰκουμένης
2731 1877 3019 1957 ἀνασώ-

608 1997 862 2102 ζεσθαι
898 1998 1099 2103 με’ρη.
1174 2001 1601 2103 ἐμερίσαντο
1637 1998 1783 2104 γὰρ
1821 2001 2041 2081 οἱονεί
2078 2034 2233 2085 πως
2284 2003 2403 2081 καὶ
2439 2002 2842 2104 ἀμερίστως
2877 2003 3026 2108 ἔχει

538 2138 583 2205 b
606 2119 699 2202 τὰ
735 2123 1069 2226 τέσσαρα
1106 2126 1234 2222 τῆς
1271 2123 1679 2225 οἰκουμένης
1722 2124 1901 2227 με’ρη
1951 2123 2037 2207 τὸ
2088 2123 2294 2229 ἅγιον
2332 2124 2557 2209 ὅντως
2605 2133 2732 2206 τοῦ
2770 2125 3026 2230 Λόγου

604 2246 1049 2350 περίβλημα,
1106 2248 1439 2328 τουτέστι
1494 2246 1578 2328 τὸ
1634 2254 1855 2347 σῶμα
1910 2251 2151 2330 αὐτοῦ.
2248 2247 3023 2353 κατακερματιζόμενος
3051 2288 3078 2328 1
3091 2285 3127 2346 5

602 2369 746 2476 γὰρ
789 2373 865 2453 ἐν
903 2378 1050 2457 τοῖς
1103 2373 1269 2452 καθ’
1311 2371 1453 2470 ἕνα,
1495 2375 1612 2452 καὶ
1662 2369 1796 2471 τὴν
1833 2372 2144 2454 ἑκάστου
2194 2370 2448 2480 ψυχὴν
2485 2373 2798 2477 ἁγιάζων
2831 2376 3024 2476 μετὰ

598 2503 727 2576 τοῦ
765 2495 1107 2596 σώματος
1146 2493 1264 2576 διὰ
1312 2500 1439 2597 τῆς
1492 2494 1670 2580 ἶδίας
1706 2496 1981 2602 σαρκὸς
2028 2500 2067 2578 ὁ
2111 2496 2554 2599 Μονογενὴς,
2594 2497 3022 2603 ὁλοκλήρως

602 2623 719 2701 καὶ
767 2622 1170 2724 ἀμερίστως
1219 2622 1295 2700 ἐν
1332 2618 1528 2704 ὅλοις
1579 2622 1782 2701 ἐστὶν
1821 2619 1915 2706 εἷς
1968 2619 2311 2729 ὑπάρχων
2346 2627 2709 2728 πανταχῆ·
2788 2626 3013 2724 μεμέ-

598 2779 846 2850 ρισται
881 2743 1026 2850 γὰρ
1060 2747 1388 2844 οὐδαμῶς
1432 2743 1615 2824 κατὰ
1663 2743 1794 2846 τὴν
1830 2754 1958 2827 τοῦ
1998 2748 2305 2827 Παύλου
2343 2745 2619 2854 φωνήν.
2681 2748 3023 2849 τοιαύτην

600 2869 771 2969 ἡμῖν
802 2878 932 2951 τοῦ
969 2870 1123 2950 κατ’
1164 2866 1383 2949 αὐτὸν
1415 2870 1818 2972 μυστηρίου
1855 2868 1987 2970 τὴν
2024 2871 2325 2971 δύναμιν
2364 2873 2479 2951 καὶ
2529 2870 2574 2970 ἡ
2625 2880 2752 2953 τοῦ
2789 2872 3018 2972 νόμου
3049 2905 3130 2945 20

599 2991 1054 3102 καταγράφει
1118 2991 1320 3074 σκιά.
1424 2991 1756 3074 διετύπου
1817 2992 1962 3099 γὰρ
2024 2994 2533 3093 λαμβάνεσθαι
2597 2994 2726 3076 τὸν
2783 2996 3018 3097 ἀμνὸν

602 3116 788 3198 κατὰ
830 3118 959 3199 τὸν
995 3119 1188 3226 αὐτῷ
1242 3116 1612 3221 πρέποντα
1668 3118 1936 3223 καιρὸν,
1975 3117 2489 3218 λαμβάνεσθαι
2537 3117 2625 3198 δέ
2659 3156 2836 3220 πως,
2877 3124 3018 3229 οὐχ

544 3274 583 3320 ο
607 3240 891 3350 ἑκάστῳ
946 3239 1131 3321 κατὰ
1186 3239 1517 3348 κεφαλὴν
1552 3242 1783 3343 ἀμνὸν
1818 3242 1961 3341 ἕνα,
1998 3245 2152 3325 κατ’
2192 3240 2387 3324 οἷκον
2425 3243 2500 3324 δὲ
2554 3251 2850 3344 μᾶλλον
2893 3252 3015 3327 καὶ

610 3363 794 3444 κατὰ
828 3362 1142 3464 πληθύν·
1214 3363 1687 3472 συλλήψεται
1724 3366 1890 3472 γὰρ,
1926 3370 2182 3474 φησὶν,
2223 3367 2528 3452 ἕκαστος
2560 3365 2686 3452 τὸν
2724 3372 3017 3472 γείτονα

610 3490 729 3568 καὶ
763 3485 890 3568 τὸν
912 3485 1235 3588 πλησίον
1263 3488 1500 3569 αὐτοῦ.
1542 3494 1658 3570 καὶ
1684 3492 2092 3596 μερίζεσθαι
2111 3491 2244 3594 μὲν
2266 3496 2452 3574 οὕτω
2479 3490 2886 3576 κεκέλευκεν
2914 3502 3013 3581 εἷς
3047 3529 3123 3589 25

607 3615 935 3699 πολλοὺς
980 3610 1107 3694 τὸν
1151 3609 1399 3712 ἀμνὸν,
1438 3615 1609 3694 ἀλλ’
1650 3615 1768 3696 ἵνα
1822 3615 1922 3717 μὴ
1973 3613 2202 3697 πάλιν
2238 3617 2327 3724 ἐξ
2372 3617 2568 3698 οἴκου
2602 3617 2783 3720 πρὸς
2816 3616 3016 3700 οἶκον

607 3737 1261 3837 ἀποκομισθέντων·
1296 3738 1514 3819 αὐτοῦ
1568 3745 1716 3818 τῶν
1759 3747 1984 3843 κρεῶν
2041 3739 2641 3845 καταμερίζεσθαί
2680 3777 2838 3828 πως
2893 3744 3016 3825 διὰ

683 3967 801 4023 1-3.
838 3948 1316 4018 ὅτι-πιστεύωμεν
1339 3948 1478 4018 (scil.
1503 3948 1572 4003 ab
1597 3971 1758 4019 -ωμεν
1781 3950 1847 4005 ad
1875 3974 2037 4020 -ωμεν
2057 3953 2388 4022 transiliens)
2412 3971 2521 4009 om.
2548 3953 2633 4023 El.
2788 3975 2842 4024 4.
2879 3955 3017 4013 ὅσον

606 4022 693 4092 El.
719 4022 850 4077 ὅσον
873 4038 938 4075 ex
963 4019 1104 4076 ὅσων
1128 4038 1294 4075 manu
1317 4018 1503 4075 eadem
1531 4019 1616 4088 E2.
1832 4021 1884 4077 6.
1922 4021 1985 4093 δὴ
2013 4023 2099 4092 Ε,.
2298 4026 2440 4096 8—19
2464 4025 2591 4080 citat
2617 4025 2756 4081 cod.
2784 4027 3013 4084 Coislin.

604 4093 773 4148 Paris.
803 4104 902 4175 ²¹7
932 4090 1206 4162 (bombyc.
1231 4109 1336 4146 see.
1362 4089 1494 4160 xiv.)
1520 4091 1614 4146 fol.
1643 4092 1740 4146 118
1767 4112 1817 4148 v.
2092 4113 2144 4166 9.
2181 4095 2439 4152 διελόντες
2460 4097 2525 4150 τὰ
2549 4100 2641 4150 τοῦ
2665 4100 2902 4165 Σωτῆρος
2925 4101 3013 4154 in-

603 4180 759 4219 verso
784 4161 971 4217 ordme
996 4178 1044 4214 a.
1073 4160 1209 4216 Cod.
1237 4160 1401 4216 Coisl.
1426 4161 1593 4217 invito
1620 4161 1785 4218 Cord.
2107 4183 2191 4222 11.
2229 4166 2576 4237 διοικουμένης
2598 4185 2647 4222 a.
2674 4167 2812 4223 Cod.
2840 4168 3011 4226 Coisl.

605 4233 773 4289 Cord.
799 4233 842 4288 F
864 4251 976 4303 mg.
1002 4232 1474 4302 διοικονομουμένης
1503 4232 1545 4287 F
1548 4273 1561 4286 .
1590 4233 1694 4289 Ed.
1803 4237 1958 4290 τοῦτο
1984 4233 2150 4290 Cord.
2493 4253 2575 4293 12.
2612 4237 2743 4309 μέρη
2770 4249 2893 4294 ante
2917 4244 3013 4310 τῆς

602 4313 965 4376 transponunt
988 4321 1037 4358 a.
1063 4301 1201 4357 God.
1230 4302 1394 4358 Coisl.
1423 4303 1587 4358 Cord.
1698 4305 2045 4374 διασώζεσθαι
2069 4305 2248 4362 iidem.
2511 4325 2594 4380 13.
2632 4309 2915 4379 ἐμερίσατο
2943 4312 3009 4367 Ε,

602 4377 686 4431 καὶ
708 4376 867 4431 οἱονεί
886 4396 997 4430 πως
1017 4374 1229 4428 inverso
1253 4373 1441 4428 ordine
1467 4372 1604 4429 Cod.
1632 4373 1798 4432 Coisl.
1928 4375 2036 4448 καὶ]
2066 4378 2112 4431 εἷ
2135 4380 2218 4432 καὶ
2242 4396 2291 4435 a.
2534 4396 2616 4446 14.
2653 4380 2893 4453 τέσσαρα
2916 4385 3012 4476 τῆς

598 4444 895 4516 οἷκουμένης
916 4444 1019 4498 hoc
1043 4442 1231 4499 ordine
1258 4444 1394 4499 cod.
1422 4443 1589 4499 Coisl.
1616 4445 1783 4504 Cord.
1878 4451 1971 4504 τοῦ
1998 4450 2167 4518 Λόγου
2191 4468 2300 4505 om.
2329 4449 2467 4504 Cod.
2489 4450 2655 4506 Coisl.
2825 4454 2908 4507 18.
2936 4476 3013 4511 εις

598 4535 707 4573 om.
735 4518 877 4573 Catt.
905 4513 1041 4570 Cod.
1070 4515 1236 4570 Coisl.
1344 4520 1610 4588 πανταχοῦ
1634 4535 1685 4574 a.
1902 4536 1985 4591 19.
2022 4523 2115 4575 τοῦ
2139 4538 2248 4578 om.
2277 4520 2414 4578 Cod.
2441 4521 2609 4579 Coisl.
2789 4539 2876 4594 ²5·
2916 4527 3012 4580 τὸν

595 4598 937 4662 assumptum
960 4605 1024 4643 ex
1052 4586 1118 4642 E.
