3269 5166
365 428 660 495 [tuM-J

344 1627 475 1693 Eph.
500 1628 569 1680 iv.
588 1639 634 1691 5.

344 2129 581 2182 sJudae

683 326 817 391 390
970 325 1049 391 Β.
1098 326 1478 392 CYRILLI
1528 325 2064 393 ALEXANDR.
2116 326 2674 393 FRAGMENTA
2893 328 2953 391 ii.
2974 348 3025 411 9.

683 487 816 589 τὴν
880 490 1123 598 δόξαν,
1176 498 1530 572 πλεῖστον
1583 490 1661 572 δὲ
1721 490 1903 571 ὅσον
1959 489 2282 598 ὀφλήσει
2339 492 2646 639 γέλωτα.
2721 499 2855 571 ποῦ
2906 490 3029 592 γὰρ

683 611 842 693 εἶπέ
887 647 1012 712 μοι
1070 614 1298 721 ψιλὸς
1353 615 1730 719 ιῖνθρωπος
1793 618 1837 694 ὁ
1905 614 2282 718 Χριστός;
2337 616 2514 696 πότε
2576 615 2652 695 δὲ
2712 616 2869 720 δίχα
2919 623 3031 694 τοῦ

682 738 1062 822 ἑνωθέντος
1112 739 1307 847 αὐτῷ
1364 746 1624 819 νοεῖται
1663 738 1958 842 Λόγου·
1935 800 1960 837 ,
2022 738 2183 818 ἔστι
2233 739 2380 843 γὰρ
2433 742 2512 819 ἐκ
2564 739 2829 842 μήτρας
2865 740 3026 837 Ἐμ-

679 860 1010 962 μανουὴλ
1073 867 1190 944 καὶ
1270 865 1356 945 οὐ
1430 864 1680 967 γε’γονε
1755 872 1968 943 τοῦτο
2056 862 2241 943 κατὰ
2312 862 2619 967 καιρούς.
2724 870 2869 948 πῶς
2927 864 3036 942 οὖν

680 986 898 1065 αὑτὸν
944 988 1342 1086 ἐπισκοπῆς
1396 1021 1475 1068 τε
1540 989 1658 1066 καὶ
1721 985 2006 1086 μνήμης
2058 987 2425 1092 ἦξιῶσθαί
2463 994 2655 1094 φασι
2693 984 2882 1090 παρὰ
2927 994 3037 1065 τοῦ
3057 1011 3086 1071 5

682 1114 874 1189 Θεοῦ
910 1110 1157 1212 Λόγου
1185 1143 1208 1210 3
1275 1108 1427 1191 εἶτα
1474 1110 1872 1195 διιστάντες
1918 1144 1996 1191 τε
2048 1115 2165 1190 καὶ
2209 1111 2624 1214 διορίζοντες
2658 1108 3039 1213 ὁλοτρόπως

681 1235 923 1315 ἁλοῖεν
962 1231 1051 1314 ἂν
1087 1237 1204 1316 καὶ
1254 1235 1393 1316 ἀνὰ
1440 1236 1684 1338 με’ρος,
1725 1236 1894 1336 ἡμῖν
1929 1231 2201 1336 γυμνὸν
2236 1244 2367 1315 τοῦ
2412 1236 2791 1319 ἑνωθέντος
2826 1232 3041 1335 Λόγου

681 1358 1066 1444 δεικνύντες
1134 1359 1370 1464 ἕτερον
1432 1358 1766 1463 Χριστον
1829 1361 1954 1438 καὶ
2009 1358 2213 1439 Υἰόν·
2291 1358 2531 1461 ἕτερον
2591 1359 2737 1462 γὰρ
2795 1356 3042 1459 ἀνάγκη

681 1489 999 1564 νοεῖσθαι
1052 1517 1179 1564 τον
1234 1487 1631 1583 ἐπισκοπῆς
1688 1480 1906 1563 αὐτον
1959 1485 2079 1562 καὶ
2131 1481 2414 1582 μνήμης
2466 1481 2824 1590 ἠξιωκότα
2871 1478 3044 1583 παρὰ

680 1604 809 1686 τὸν
863 1602 922 1714 ᾧ
978 1615 1204 1688 ταῦτα
1256 1608 1533 1687 &Bm-at
1584 1608 1754 1708 παρ’
1801 1608 2042 1686 αὐτοῦ·
2104 1612 2261 1690 πῶς
2314 1607 2441 1685 ουν
2500 1607 2605 1685 ἔτι
2657 1605 2916 1709 Κύριος
2961 1602 3044 1687 εἷς
3067 1641 3120 1681 ιο

679 1732 810 1829 μία
850 1764 927 1810 τε
973 1730 1217 1816 πίστις
1267 1736 1385 1812 καὶ
1436 1729 1514 1812 ἓν
1548 1731 1633 1811 τὸ
1683 1728 2070 1829 βάπτισμα
2103 1763 2124 1826 3
2189 1735 2247 1810 εἰ
2301 1729 2447 1833 γὰρ
2494 1732 2610 1810 καὶ
2667 1729 2909 1830 πολλή
2954 1762 3046 1812 τις

679 1861 824 1934 τῶν
859 1852 1154 1961 φύσεων
1187 1856 1232 1955 ἡ
1271 1853 1610 1962 διαφορὰ,
1656 1856 1826 1934 ἀλλ’
1866 1853 1908 1934 ὅ
1955 1889 2039 1957 γε
2090 1858 2219 1953 τῆς
2269 1854 2591 1938 ἑνῶσεως
2642 1853 2903 1958 τρόπος
2942 1853 3047 1931 ἕνα

680 1975 808 2057 τὸν
870 1977 960 2085 ἐξ
1017 1981 1291 2085 ἀμφοῖν
1354 1979 1614 2086 ἔδειξεν
1669 1977 1869 2058 Υὶόν.
1945 1981 2201 2058 οὐκοῦν
2254 1983 2316 2058 εὶ
2377 1976 2666 2077 μνήμης
2725 1978 3052 2085 ἦξιῶσθαί

680 2109 919 2208 φαμεν
976 2103 1193 2184 αὐτὸν
1249 2103 1448 2207 παρὰ
1512 2110 1641 2183 τοῦ
1697 2107 1888 2183 Θεοῦ
1946 2102 2214 2204 Λόγου,
2270 2104 2569 2208 ψυχικοὶ
2633 2102 2728 2203 δὴ
2790 2100 3049 2184 πάντως

677 2223 898 2325 ε’σμέν
946 2233 1226 2325 πνεῦμα
1277 2224 1379 2326 μὴ
1427 2225 1711 2330 ἔχοντες
1769 2223 1955 2307 καθὰ
2008 2220 2431 2327 γέγραπται·
2491 2226 2881 2330 διορίζομεν
2922 2224 3046 2326 γὰρ
3073 2262 3088 2299 1
3099 2260 3125 2317 5

673 2354 771 2433 εἷς
808 2351 936 2429 δύο
969 2348 1096 2430 τὸν
1131 2349 1277 2431 ἕνα.
1358 2356 1418 2429 εἶ
1464 2348 1541 2428 δὲ
1575 2348 1668 2450 ἦν
1700 2351 1777 2428 ἐν
1813 2352 2066 2453 ἀρχαῖς
2111 2347 2289 2452 ὅπερ
2337 2351 2497 2428 ἐστὶ
2553 2352 2677 2429 καὶ
2727 2349 2817 2456 ἐξ
2858 2352 3048 2447 αὐτῆς

671 2470 949 2576 μήτρας
981 2472 1476 2574 Ἐμμανουὴλ,
1529 2478 1589 2553 εὶ
1643 2471 1772 2553 τὸν
1819 2476 1948 2572 τῆς
1995 2471 2319 2556 ἑνῶσεως
2373 2471 2474 2572 μὴ
2518 2473 3046 2581 παραδεξόμεθα

672 2594 962 2699 τρόπον,
1010 2598 1262 2679 ἑαυτοῦ
1322 2597 1413 2699 δὴ
1460 2596 1748 2681 πάντως
1801 2599 1841 2677 ὃ
1897 2596 2138 2700 Λόγος
2197 2596 2779 2698 διαμεμνήσεται,
2823 2596 3049 2679 ἑαυτὸν

672 2719 944 2827 ἠξίωσε
980 2727 1107 2821 τῆς
1144 2724 1563 2822 ἐπισκοπῆς,
1601 2722 1854 2802 ἑαυτὸν
1890 2720 2364 2824 εὐεργετήσας
2407 2724 2683 2825 ὁρᾶται,
2722 2728 2836 2805 καὶ
2876 2734 3044 2803 πολ·

673 2844 815 2945 λὴν
868 2846 1036 2945 ἡμῖν
1083 2849 1159 2927 ἐν
1217 2847 1493 2931 τούτοις
1548 2846 1684 2947 τὴν
1741 2847 2045 2928 ἀτοπίαν
2101 2852 2451 2946 εἶσκομιεῖ
2498 2853 2647 2926 τῶν
2696 2851 2969 2928 ἐννοιῶν
3008 2844 3127 2944 ἡιο

674 2968 993 3069 δύναμις·
1079 2971 1163 3051 οὖ
1226 2969 1369 3074 γὰρ
1434 2968 1826 3073 ἀλλότριον
1887 2978 2017 3050 τοῦ
2080 2967 2330 3072 Λόγου
2393 2968 2479 3049 τὸ
2544 2977 2769 3071 σῶμα
2835 2972 3047 3064 αὐτοῦ,

673 3093 922 3178 ἄλλως
976 3129 1053 3175 τε
1107 3094 1216 3178 τίς
1270 3095 1411 3198 ἄρα
1464 3096 1668 3174 ἐστὶν
1703 3096 1745 3173 ὁ
1795 3099 2233 3175 κεκενῶσθαι
2280 3091 2675 3197 λεγόμενος
2711 3093 2907 3200 παρὰ
2938 3096 3048 3192 τῆς

674 3219 886 3321 ἁγίας
920 3221 1261 3325 γραφῆς;

787 3348 878 3422 Εἰ
927 3341 1058 3442 μὲν
1094 3343 1221 3422 οὖν
1252 3341 1379 3422 τὸν
1412 3344 1492 3423 ἐκ
1538 3346 1667 3442 τῆς
1714 3342 1925 3443 ἁγίας
1973 3343 2331 3445 παρθένου
2382 3344 2897 3446 γεγεννημένον
2928 3337 3047 3421 ἀνὰ

672 3463 886 3567 μέρος
921 3466 1090 3564 ἡμῖν
1128 3465 1476 3564 ἱστάντες,
1502 3464 1721 3547 αὐτὸν
1758 3468 2132 3566 ὑπομεῖναί
2163 3472 2354 3572 φασι
2390 3465 2523 3567 τὴν
2559 3467 2888 3566 κένωσιν,
2913 3471 3045 3547 πῶς
3070 3489 3128 3550 ²5

673 3588 978 3689 ἐκενῶθη
1027 3589 1568 3697 δεδοξασμένος,
1607 3590 1801 3694 εἴπερ
1845 3594 2006 3671 ἐστὶ
2056 3594 2221 3671 καθ’
2257 3592 2445 3691 ἡμᾶς
2493 3594 2852 3701 ἀνθρώπῳ
2896 3586 3046 3687 τιμὴ

674 3715 792 3792 καὶ
844 3714 1026 3821 δόξα
1079 3713 1164 3795 τὸ
1217 3716 1614 3815 ἐπισκοπῆς
1674 3714 2058 3821 ἀξιοῦσθαι
2103 3718 2221 3795 καὶ
2273 3714 2580 3816 μνήμης,
2625 3717 2939 3799 ἑνῶσεώς
2979 3746 3046 3793 τε

673 3846 912 3944 τυχεῖν
958 3842 1088 3938 τῆς
1143 3838 1324 3941 πρὸς
1371 3836 1586 3918 Θεόν’
1650 3844 1707 3918 εἶ
1767 3841 1827 3917 δ’
1881 3840 1987 3919 ἐπ’
2046 3840 2264 3920 αὐτοῦ
2324 3842 2606 3942 λέγοιεν
2660 3838 3045 3945 πεπράχθαι

672 3960 805 4061 τὴν
861 3962 1165 4043 κένωσιν
1216 3970 1346 4042 τοῦ
1406 3967 1887 4065 Μονογενοῦς,
1926 3961 2307 4044 κεκένωταί
2354 3998 2426 4043 τι
2479 3965 2760 4046 παθών·
2819 3961 2876 4073 ᾧ
2920 3960 3044 4065 γὰρ

674 4082 760 4165 τὸ
795 4093 1049 4167 παθεῖν
1085 4085 1522 4188 συμβέβηκε,
1557 4086 1818 4191 πρέποι
1871 4084 1961 4167 ἂν
2010 4095 2303 4187 μᾶλλον
2346 4092 2465 4169 καὶ
2518 4087 2604 4168 τὸ
2659 4093 2788 4189 τῆς
2841 4083 3038 4168 κενῶ·
3064 4110 3123 4170 30

674 4242 864 4293 σεως
923 4215 1192 4316 χρῆμα.
1283 4212 1733 4311 σεσῶσμεθα
1793 4212 2031 4293 τοίνυν
2099 4213 2183 4292 δι’
2253 4213 2543 4312 ἑαυτῶν,
2610 4212 2802 4316 εἴπερ
2864 4212 3043 4290 ἐστὶν

675 4332 1051 4434 ἅνθρωπος
1112 4337 1275 4417 καθ’
1335 4335 1519 4434 ἡμᾶς
1584 4336 1720 4440 οὐχ
1783 4338 2062 4421 ἑνωθεὶς
2127 4339 2289 4417 καθ’
2353 4335 2761 4418 ὑπόστασιν
2823 4340 2920 4442 τῷ
2973 4332 3042 4409 ἐκ

1379 4578 1468 4631 30.
1503 4562 1568 4616 τὰ
1591 4564 1682 4631 τῆς
1706 4566 1967 4622 κενώσεως
1991 4564 2231 4636 χρήματα
2258 4564 2350 4620 Cr.
