3269 5166
651 288 782 351 308
888 286 970 353 Β.
1012 282 1390 352 CYRILLI
1442 281 1976 347 ALEXANDR.
2033 282 2599 348 FRAGMENTA
2669 305 2771 347 xv.
2797 298 2874 369 35
2890 302 3008 365 sqq.

314 397 463 534 Βὶοιῖῗ.
478 396 604 533 Βξιιμ]
653 449 1094 554 μαρτυρήσει
1139 448 1376 551 λέγων
1410 448 1452 527 5
1489 447 1921 552 σοφώτατος
1960 451 2257 529 Παῦλος
2307 457 2354 494 “
2383 452 2474 526 Εἰ
2521 446 2596 526 δὲ
2641 444 2723 526 τὸ
2758 453 3009 541 πνεῦμα

322 561 397 597 ¹¹⁸
655 584 699 621 ‘⁶
733 580 862 653 τοῦ
903 574 1301 676 ἐγείραντος
1334 572 1626 669 Ἰησοῦν
1678 575 1858 650 οἰκεῖ
1892 572 1966 648 ἐν
2002 571 2194 667 ὑμῖν,
2237 573 2279 650 5
2335 570 2610 672 ἐγείρας
2653 571 2727 648 ἐκ
2771 571 3011 667 νεκρῶν

651 705 698 742 “
732 692 1063 797 Χριστὸν
1096 695 1388 794 Ἰησοῦν
1423 691 1847 796 ζωοποιήσει
1899 694 2018 772 καὶ
2070 689 2163 771 τὰ
2199 690 2427 792 θνητὰ
2478 691 2812 788 σώματα.
2836 693 3012 789 ὑμῶν

655 827 698 864 “
735 817 852 897 διὰ
896 826 1026 897 τοῦ
1061 820 1492 901 ἐνοικοῦντος
1539 816 1757 895 αὐτοῦ
1798 815 2216 915 Πνεύματος
2251 816 2327 894 ἐν
2365 816 2588 913 ὑμῖν.”
2648 814 2765 894 ὅτε
2799 815 3015 893 τοίνυν

652 940 913 1035 ἀνεβίω
960 939 1092 1038 μὲν
1128 941 1170 1019 5
1204 936 1531 1043 Χριστος
1576 937 1917 1038 πατήσας
1962 946 2092 1018 τοῦ
2139 935 2451 1018 θανάτου
2484 935 2570 1019 τὸ
2607 935 2878 1041 κράτος,
2914 938 3014 1015 καὶ
3036 961 3067 1022 5

651 1063 947 1165 γε’γονεν
1008 1063 1301 1169 ἀπαρχὴ
1364 1070 1510 1143 τῶν
1574 1061 2091 1162 κεκοιμημένων
2155 1065 2252 1147 ὡς
2320 1061 2697 1168 ἑψομένων
2752 1060 3018 1145 πάντως

650 1192 798 1270 τοῖς
845 1187 1118 1291 ἴχνεσιν
1154 1188 1393 1285 αὐτοῦ,
1428 1192 1584 1271 πῶς
1620 1187 1750 1265 οὐκ
1795 1183 2266 1285 ἀπόπληκτον
2301 1190 2554 1285 κομιδῆ
2606 1186 2692 1265 τὸ
2744 1182 2917 1263 κατά
2960 1216 3017 1263 τι

652 1317 830 1413 γοῦν
875 1309 1063 1394 ολως
1120 1308 1592 1414 ἐνδοιάζειν
1542 1343 1648 1388 ετι
1698 1312 1861 1412 περὶ
1913 1309 2000 1389 τὸ
2056 1313 2183 1407 τῆς
2237 1307 2711 1393 ἀναστάσεως
2763 1304 3019 1407 μυστή-

648 1466 855 1536 ριον;

831 1556 864 1635 ’ί
929 1591 1035 1641 τις
1100 1557 1337 1636 ἕλοιτο
1401 1562 1550 1642 τοῖς
1614 1559 1744 1655 τῆς
1808 1554 2137 1655 θεότητος
2201 1554 2431 1658 ἔργοις
2502 1552 3023 1658 περιεργότερον
3047 1591 3106 1633 ιο

649 1680 848 1764 ἐνιεὶς
894 1684 1022 1779 τῆς
1074 1683 1327 1761 ἑαυτοῦ
1375 1678 1684 1763 διανοιάς
1737 1677 1866 1759 τὸν
1911 1676 2299 1786 ὀφθαλμὸν
2343 1685 2734 1781 πειρᾶσθαι
2785 1712 3018 1782 περια-

653 1807 846 1906 θρεῖν
883 1806 1012 1903 τῆς
1055 1803 1364 1883 ἑκάστου
1397 1806 1842 1906 παραγωγῆς
1889 1800 2018 1882 τὸν
2053 1801 2324 1906 τρόπον
2358 1805 2475 1883 καὶ
2522 1807 2649 1901 τῆς
2699 1803 3026 1904 γενέσεως

312 1955 425 2005 ct·
411 1972 466 2005 ιιι
486 1955 537 2006 S.
651 1922 785 2026 τὴν
818 1925 1071 2031 ἀρχὴν,
1108 1923 1665 2034 καταλήξειεν
1617 1961 1711 2006 αν
1746 1927 2072 2023 οὐδαμῶς
2114 1925 2200 2006 τό
2253 1925 2412 2011 nm
2448 1924 2536 2027 δὴ
2591 1935 2805 2007 τοῦτο
2865 1924 3027 2007 ἀπό-

310 2021 461 2071 ³⁰⁸²
473 2022 568 2085 ³⁵8
583 2037 625 2071 θ’
650 2060 979 2149 πληκτον
1015 2049 1272 2151 λέγων.
1328 2056 1483 2134 πῶς
1529 2048 1676 2152 γὰρ
1729 2048 2023 2151 γε’γονεν
2058 2050 2100 2130 5
2137 2048 2454 2151 οὐρανὸς,
2491 2052 2569 2131 ἐκ
2602 2051 2816 2136 ποίας
2865 2052 3026 2149 υλης

648 2169 696 2273 ἢ
749 2171 1023 2270 πόθεν;
1085 2173 1299 2252 ποίαν
1352 2172 1492 2277 ἔχει
1544 2172 1678 2273 τὴν
1732 2174 1998 2275 ἕδραν;
2062 2177 2158 2274 γῆ
2214 2172 2291 2253 δὲ
2344 2180 2500 2258 πῶς
2553 2171 2601 2273 ἢ
2655 2173 2879 2255 πόθεν
2924 2176 3027 2253 καὶ
3052 2198 3109 2259 ¹5

647 2294 813 2378 ὅποι
859 2295 1033 2376 ποτὲ
1082 2295 1599 2399 διερήρεισταις
1662 2296 2001 2402 παρήχθη
2047 2297 2124 2378 δὲ
2175 2297 2369 2382 ὅπως
2406 2298 2446 2376 5
2495 2296 2707 2396 ἡλίου
2756 2297 3025 2389 κύκλος,

647 2418 927 2520 σελήνη
980 2422 1095 2499 καὶ
1138 2419 1378 2523 ἄστρα
1429 2423 1545 2501 καὶ
1594 2420 1690 2501 τὰ
1731 2420 1935 2525 ἕτερα
1983 2427 2129 2502 τῶν
2165 2418 2629 2520 κτισμάτωνς
2691 2428 2850 2506 πῶς
2888 2419 2961 2500 δὲ
2992 2420 3028 2498 5

311 2563 439 2617 Gen.
465 2564 516 2616 ii.
546 2574 591 2629 7·
650 2548 796 2623 τῶν
850 2541 1046 2622 ὅλων
1103 2542 1563 2648 Δημιουργός
1619 2553 1797 2651 χοῦν
1851 2545 1996 2626 ἀπὸ
2056 2548 2191 2648 γῆς
2257 2543 2514 2639 λαβὼν
2574 2544 2859 2627 ἔπλασε
2917 2540 3031 2624 τὸν

650 2665 1032 2769 ἄνθρωπον
1058 2698 1082 2764 3
1141 2674 1300 2754 πῶς
1347 2674 1443 2753 εἷς
1481 2669 1704 2749 ὀστέα
1748 2673 1866 2749 καὶ
1905 2676 2117 2772 νεῦρα
2152 2672 2270 2749 καὶ
2302 2670 2582 2772 σάρκας
2618 2670 2663 2768 ἡ
2704 2674 2804 2771 γῆ
2836 2701 3027 2767 μετε·

647 2788 1055 2888 πλάττετος
1118 2797 1178 2870 εἶ
1233 2791 1311 2872 δὲ
1364 2791 1560 2896 εἴπερ
1616 2792 1752 2898 οὐχ
1805 2792 2337 2894 εὑρεθησόμεθα
2394 2791 2524 2874 τὸν
2586 2796 2699 2899 ἐφ’
2764 2792 3032 2897 ἑκάστῳ
3053 2818 3114 2860 20

648 2918 796 2993 τῶν
842 2915 1337 3015 πεποιημένων
1387 2918 1777 2996 ἀποδοῦναι
1826 2914 2075 3017 λόγον,
2112 2914 2337 3022 ταύτῃ
2392 2920 2510 2996 καὶ
2562 2914 3033 3019 ἀναιρήσομεν

650 3035 761 3117 ὅτι
817 3040 935 3118 καὶ
974 3038 1362 3141 γεγόνασιν
1400 3037 1611 3137 ὅλως,
1649 3037 1815 3120 ὅποι
1848 3036 2024 3119 ποτὲ
2068 3039 2329 3119 λοιπὸν
2361 3040 2925 3139 ἐκτελευτήσειεν
2956 3033 3033 3116 ἂν

650 3161 695 3260 ἡ
735 3169 881 3240 τῶν
913 3163 1199 3242 ἐννοιῶν
1235 3160 1392 3261 ἤτοι
1429 3168 1709 3241 σκαιῶν
1744 3159 2276 3267 ἐγχειρημάτων
2310 3162 2655 3259 ἕκβασις;

765 3283 875 3363 Τὸ
920 3283 1104 3384 μετὰ
1149 3282 1282 3384 τὴν
1318 3289 1654 3386 Χριστοῦ
1690 3284 2099 3365 ἀνάστασιν
2134 3285 2632 3392 ἀμφιβάλλειν
2666 3290 2834 3392 περὶ
2865 3287 3029 3366 ἀνα-

651 3404 1008 3505 στάσεως,
1048 3407 1493 3503 δυσβουλίας
1546 3409 1708 3487 ἐστὶ
1764 3411 1879 3488 καὶ
1934 3411 2243 3507 ἀμαθίας
2297 3415 2415 3490 καὶ
2473 3409 2908 3513 ἀλαζονείας,
2957 3406 3031 3489 τὸ
3054 3422 3116 3486 ²5

652 3528 892 3631 λέγειν
944 3531 1061 3610 ἐπὶ
1114 3536 1260 3609 τῶν
1313 3538 1442 3610 τοῦ
1479 3536 1674 3610 Θεοῦ
1730 3531 1961 3634 ἔργων
2004 3529 2089 3611 τὸ
2143 3540 2321 3630 πῶς,
2357 3531 2560 3613 ἀλλὰ
2611 3533 2761 3634 μὴν
2795 3540 2908 3616 καὶ
2957 3531 3031 3612 τὸ

650 3651 889 3753 λε’γειν
941 3655 1122 3761 Ποίῳ
1182 3653 1456 3757 σάματι
1523 3655 1875 3762 ἐγείρονται
1946 3664 2002 3736 οἱ
2068 3661 2262 3763 νεκροὶ
2324 3659 2443 3736 καὶ
2502 3665 2715 3739 τοῦτο
2778 3660 3029 3759 εὔηθες·

650 3778 954 3877 εὔδηλον
991 3775 1133 3880 γὰρ
1172 3774 1277 3858 ὅτι
1316 3781 1420 3885 τῷ
1459 3779 1676 3884 αὐτῷ.
1750 3782 1866 3857 καὶ
1912 3776 2054 3880 γὰρ
2092 3781 2209 3858 καὶ
2247 3782 2287 3860 5
2324 3780 2591 3883 Κύριος
2634 3780 2770 3882 τὴν
2798 3782 3032 3862 ἑαυτοῦ

648 3900 892 4004 σάρκα
930 3901 1333 4001 ἀνέστησεν
1371 3902 1467 3985 ὡς
1503 3898 1613 3999 ἦν.
1683 3899 1919 4001 ἐπειδὴ
1957 3903 2040 3982 δέ
2068 3936 2252 3987 τινες
2289 3902 2594 4005 λέγουσι
2629 3907 3031 4007 προύπεῖναι

646 4022 781 4125 τὴν
844 4022 1117 4129 ψυχὴν,
1182 4025 1517 4124 τιμωρίας
1580 4022 1658 4103 δὲ
1721 4023 1950 4103 ἕνεκεν
2007 4026 2510 4126 ἐνδεσμεῖσθαι
2574 4033 2678 4137 τῷ
2739 4027 3029 4128 σώματι,
3051 4053 3113 4113 30

650 4162 1031 4239 ἀθετοῦσιν
1072 4193 1158 4238 ου
1207 4158 1429 4258 μόνον
1477 4193 1606 4239 τον
1650 4163 1779 4257 τῆς
1827 4162 2287 4267 δημιουργίας
2331 4163 2562 4267 λόγον
2605 4167 2769 4247 καθ’
2810 4199 2892 4245 ον
2930 4163 3031 4242 ἐπὶ

720 4378 774 4432 3.
813 4360 1120 4432 ζωοποιήσει
1144 4362 1423 4419 emendavi
1447 4372 1572 4435 poet
1598 4363 1806 4436 Migno.
1830 4366 2109 4438 ζωποιῆσει
2132 4368 2201 4424 Α.
2227 4367 2331 4424 Ed.
2765 4370 2911 4426 Haec
2933 4368 3031 4423 duo

651 4450 791 4558 auae
811 4443 1110 4521 sequuntur
1129 4433 1336 4489 scholia
1362 4434 1521 4491 nobie
1546 4435 1853 4507 suppeditat
1882 4436 1956 4492 H.
2310 4455 2396 4495 22.
2433 4440 2845 4511 ἐκτιλευτῆσειεν
2864 4456 3028 4497 emen·

690 4520 773 4558 avl
817 4502 1113 4575 ἐκτελευτης
1136 4526 1238 4561 ειεν
1265 4505 1400 4561 Cod.
1690 4522 1776 4574 24.
1815 4510 1908 4562 τοῦ
1930 4509 2088 4564 αυτοῦ
2112 4511 2359 4580 κυρίλλου
2382 4512 2670 4582 praemittit
2695 4511 2831 4568 Cod-
