3269 5166
239 273 340 338 xiv.
368 294 448 355 14.
679 275 787 339 IN
839 273 1360 339 EPIsToLAM
1411 272 1539 339 AD
1594 273 2065 340 ROMANos.
2449 273 2574 335 245
2631 375 2655 441 [
2764 374 2824 424 Μ
2866 373 2892 439 1

2677 384 2739 437 45
2828 410 2841 424 ·

554 488 720 560 Οἶδα
776 494 883 560 καὶ
935 495 1289 569 πέπεισμαι
1338 492 1410 558 ὲν
1468 492 1682 581 Κυρίῳ
1725 493 1941 560 Ἰησοῦ
1987 496 2202 562 κ.τ.λ.
2610 492 2762 569 Κεφ.
2797 484 2889 551 ιδ’-

2611 593 2682 647 14

322 662 412 746 02‘
441 701 489 747 ιι
538 675 657 747 καὶ
704 667 1103 772 πέπεισμαιί
1147 672 1382 772 φησιν
1426 667 1487 747 ἐν
1527 666 1736 776 Κυρίῳ
1769 668 1979 760 Ἰησοῦ
2028 664 2124 747 ’ότι
2173 660 2345 746 οὐδὲν
2382 661 2578 746 κοινόν

231 782 300 867 δι’
350 789 585 881 ἑαυτοῦ,
642 793 760 870 καὶ
816 789 910 870 τὰ
972 790 1167 897 ἑξῆς.
1259 788 1652 896 ἀξιόχρεως
1711 791 1752 870 6
1818 787 2089 939 μάρτυς
2155 787 2403 869 εἰδέναι
2459 789 2578 869 καὶ

228 919 560 993 πεπεῖσθαι
596 913 1214 1019 διισχυριζόμενος·
1270 912 1722 1016 προσεπάγει
1758 912 1835 992 δὲ
1863 910 1950 994 τό
1975 917 2086 994 Ἐν
2125 914 2333 1021 Κυρίῳ
2370 915 2578 1006 Ἰησοῦ

181 1068 209 1124 5
227 1033 376 1135 πρὸς
422 1038 500 1118 τὸ
556 1043 670 1117 καὶ
722 1037 825 1117 ἔτι
871 1034 1205 1142 μειζόνως
1259 1040 1744 1137 ἐμπεδοῦσθαι
1796 1070 1879 1117 το
1936 1034 2222 1135 ἄληθες,
2278 1035 2584 1116 ἕπεσθαί

223 1190 286 1236 τε
315 1168 448 1244 τοῖς
478 1160 946 1266 ἀκροωμένοις
990 1160 1122 1262 τὴν
1156 1162 1407 1242 πίστιν
1442 1162 1872 1259 ε’νδοιασμοῦ
1920 1193 2110 1243 τινος
2146 1158 2332 1263 δίχα·
2413 1161 2574 1238 δια·

2156 1291 2190 1308 Α

221 1281 526 1385 μέμνηται
583 1283 659 1366 δὲ
721 1283 1008 1370 πάντως
1068 1320 1212 1366 που
1266 1283 1621 1389 εἰρηκότος
1677 1292 1807 1365 τοῦ
1862 1288 2192 1386 Χριστου
2245 1293 2290 1330 “
2320 1283 2438 1362 Οὐ
2493 1280 2577 1363 τὸ
2602 1303 2652 1353 S
2671 1304 2862 1355 Matth

221 1407 852 1512 “εἰσπορευόμενον
905 1415 1002 1493 εἰς
1056 1409 1142 1489 τὸ
1198 1407 1442 1508 στόμα
1496 1414 1725 1489 κοινοῖ
1771 1407 1900 1488 τὸν
1943 1406 2387 1508 &nemon-’⁹
2461 1408 2579 1486 καὶ
2603 1385 2687 1420 xv
2710 1382 2786 1421 ¹¹

155 1585 168 1599 ·
220 1527 307 1608 ὅτι
335 1539 472 1612 πᾶν
505 1533 781 1631 ἔδεσμα
814 1539 1036 1638 χωρεῖ
1063 1530 1195 1632 μὲν
1229 1538 1324 1617 εἰς
1357 1529 1492 1633 τὴν
1527 1531 1827 1630 κοιλίαν,
1864 1528 2290 1629 ἐκπέμπεται
2339 1528 2415 1611 δὲ
2462 1564 2578 1611 και
2603 1563 2786 1630 Ib.17.

149 1687 204 1729 10
221 1657 298 1736 εἰς
327 1657 714 1761 ἀφεδρῶνα·
772 1661 891 1736 καὶ
925 1665 1137 1737 τοῦτο
1173 1656 1399 1762 φύσις
1431 1656 1623 1762 αὐτῷ
1660 1659 1778 1736 καὶ
1815 1653 2039 1759 χρεία.
2107 1655 2361 1735 οὐκοῦν
2398 1653 2580 1735 ὅσον

216 1773 324 1871 μὲν
354 1778 512 1878 ἧκεν
546 1787 648 1865 εἰς
697 1783 882 1861 ἰδίαν
916 1778 1167 1888 φύσιν,
1208 1816 1403 1862 noem
1438 1775 1485 1879 ἢ
1523 1780 1849 1880 βέβηλον
1888 1775 2059 1861 οὐδὲν
2102 1785 2248 1859 τῶν
2283 1778 2578 1859 τελούν-

215 1930 336 1979 των
364 1909 455 1987 εἰς
500 1903 804 2012 τροφὰς,
843 1914 888 1951 “
915 1902 1277 2008 ἁγιάζεται
1322 1937 1468 2007 γαρ
1505 1901 1622 1983 δια
1670 1901 1898 2004 λόγου
1932 1908 2123 1984 Θεοῦ
2179 1905 2297 1982 καὶ
2350 1902 2579 1982 ἐντεύ-
2610 1931 2632 1967 1
2653 1916 2782 1967 Tim.
2799 1918 2864 1968 iv·

217 2030 251 2067 “
279 2023 506 2129 &mm
573 2025 992 2128 μεμνήμεθα
1037 2026 1112 2106 δὲ
1150 2024 1258 2105 ὅτι
1296 2028 1413 2106 καὶ
1448 2026 1629 2128 πρὸς
1665 2060 1752 2106 το
1788 2022 1962 2106 εἶναι
2000 2026 2453 2128 παρενεγκὼν
2487 2023 2581 2104 τὰ
2606 1995 2654 2046 ⁵

212 2148 415 2228 πάντα
450 2150 662 2249 Θεὸς,
711 2149 890 2231 εἶδεν
934 2153 1169 2258 φησιν
1223 2185 1335 2230 οτι
1390 2160 1434 2197 “
1464 2149 1659 2229 καλὰ
1712 2149 1943 2252 λίαν,ᾼ’
2006 2153 2123 2230 καὶ
2179 2148 2580 2252 εὐλόγησεν
2608 2176 2734 2225 Gon.
2756 2175 2791 2226 i.
2815 2188 2895 2239 3¹·

146 2270 384 2354 15αὐτά.
457 2277 917 2358 ἐπαινοῦντος
965 2271 1193 2376 γεμὴν
1231 2278 1426 2353 Θεοῦ
1475 2275 1592 2354 καὶ
1642 2270 1788 2373 μὴν
1824 2275 1945 2352 καὶ
1990 2271 2582 2374 ἀπηυλογηκότος
2607 2300 2686 2352 lb.
2708 2302 2790 2354 28.

210 2392 284 2471 τὰ
323 2394 456 2476 ἴδια
491 2398 883 2496 κτίσματα,
918 2395 1024 2482 τίς
1061 2398 1103 2477 6
1140 2395 1364 2505 φάναι
1417 2402 1713 2494 τολμῶν
1747 2403 2136 2496 μολυσμοῦ
2185 2400 2301 2476 καὶ
2356 2402 2585 2497 βεβη-

209 2515 469 2608 λῶσεως
504 2520 690 2607 εἶναι
732 2519 1067 2630 πρόξενα,
1105 2523 1222 2602 καὶ
1264 2521 1393 2601 οὐκ
1435 2521 1653 2602 αὐτοῦ
1706 2518 2085 2622 ποιήσεται
2141 2520 2273 2622 τὴν
2308 2518 2576 2626 κατάῤ-

209 2642 393 2742 ρησιν
449 2656 582 2728 τοῦ
657 2644 1221 2749 παρενεγκόντος
1273 2650 1371 2730 εἰς
1431 2645 1790 2752 ὕπαρξινς
1872 2647 2126 2726 οὐκοῦν
2189 2643 2387 2726 κοινὶν
2446 2644 2581 2745 μὲν

209 2767 279 2868 τῇ
325 2769 539 2873 φύσει
605 2776 758 2850 τῶν
811 2767 1302 2869 πεποιημένων
1359 2776 1735 2854 παντελῶς
1803 2765 1994 2850 οὐδέν·
2076 2774 2133 2848 εἰ
2191 2767 2265 2849 δὲ
2322 2766 2411 2867 δή
2471 2801 2581 2852 τις

140 2909 191 2951 ²0
207 2886 389 2972 οἴοιτο
454 2896 664 2976 κοινὶν
722 2889 906 2973 εἶναι’
961 2929 1050 2991 τι,
1107 2893 1516 2974 κεκοίνωται
1575 2891 1695 2971 διὰ
1753 2901 1968 2973 τοῦτο
2026 2895 2144 2972 καὶ
2200 2888 2583 2991 νενόσηκεν

208 3012 384 3098 αὐτὸς
442 3021 539 3102 ὡς
598 3019 683 3099 ἐν
742 3017 884 3124 ἰδίᾳ
931 3016 1184 3122 γνωμῃ
1238 3013 1372 3116 τὴν
1425 3013 1876 3116 βεβήλωσιν·
1957 3014 2195 3097 πάντα
2248 3014 2378 3114 μὲν
2438 3013 2585 3117 γὰρ

205 3139 464 3241 καθαρὰ,
502 3146 743 3222 κοινοῖ
785 3138 859 3221 δὲ
913 3138 1042 3220 τὸν
1078 3138 1394 3221 ἄπιστον
1438 3139 1483 3238 ἡ
1534 3140 1657 3219 ε’πί
1700 3173 1895 3220 τισιν
1932 3138 2425 3241 ὀλιγοπιστία,
2462 3142 2583 3218 καὶ

205 3259 308 3339 οὐκ
353 3265 544 3345 αὐτοί
591 3298 743 3347 που
777 3262 1069 3347 πάντως
1112 3259 1163 3343 ἃ
1210 3262 1568 3362 νενόμικεν
1604 3259 1780 3343 εἶναι
1835 3260 2060 3343 κοινά.
2130 3260 2380 3365 ὥσπερ
2434 3260 2581 3367 γὰρ

204 3388 320 3466 τοῖς
360 3388 662 3473 τελείοις
709 3384 836 3467 τὸν
873 3394 1040 3466 νοῦν
1077 3384 1174 3471 εἷς
1211 3387 1252 3465 6
1301 3385 1524 3493 φύσει
1563 3385 1751 3471 Θεὸς
1801 3420 1920 3466 και
1972 3387 2272 3471 οὖδείς’
2236 3388 2345 3467 επ’
2386 3387 2581 3493 αὐτῷ

142 3501 238 3570 ²5
204 3535 417 3609 frepus,
451 3512 635 3592 ἀλλ’
679 3514 838 3591 οὔτε
894 3508 1190 3591 εἴδωλόν
1232 3544 1304 3590 τι
1353 3511 1552 3589 ἐστὶν
1601 3512 1679 3590 ἐν
1717 3508 1993 3618 κόσμῳ,
2030 3509 2462 3661 λελόγισται
2506 3510 2581 3591 δε
2612 3534 2634 3569 ¹
2657 3519 2772 3570 Cor.
2789 3519 2895 3571 'ffi-

207 3632 341 3731 ’sap’
374 3635 578 3716 οὐδὲν
633 3638 756 3714 καὶ
809 3634 895 3714 τὸ
947 3633 1443 3714 εἰδωλόθυτον·
1516 3635 1557 3712 6
1608 3633 1753 3736 γὰρ
1807 3634 2105 3715 εἴδωλον
2161 3636 2291 3714 οὐκ
2345 3632 2573 3733 εἰδως,
2606 3658 2695 3712 46
2721 3656 2818 3714 11.

206 3758 328 3837 πῶς
356 3792 445 3837 αν
480 3760 705 3859 εἰδείη
740 3792 826 3838 το
862 3756 1383 3853 εἶδωλόθυτονς
1436 3765 1581 3841 τοῖς
1617 3755 1847 3859 γεμὴν
1880 3757 2218 3856 οἰομένοις
2254 3756 2581 3845 πολλους

207 3865 346 3958 εἶναι
399 3882 627 3982 θεοὺς,
692 3883 898 3962 ἔσται
953 3915 1024 3963 τι
1077 3878 1366 3965 πάντως
1422 3884 1540 3961 καὶ
1604 3878 2098 3962 εἰδωλόθυτον·
2184 3884 2371 3963 οὕτω
2433 3890 2582 3968 τοῖς

208 4006 742 4088 πεπιστευκόσιν
778 4003 1112 4106 ἀβέβηλά
1158 4039 1235 4084 τε
1273 4001 1447 4085 εἶναι
1484 4007 1599 4085 καὶ
1652 4003 1933 4108 καθαρὰ
1985 4003 2078 4085 τὰ
2132 4005 2331 4109 παρὰ
2368 4011 2583 4101 Θεοῦ,

144 4136 194 4191 ³0
211 4126 404 4208 κοινὸν
438 4129 575 4230 μὲν
607 4132 706 4235 τῇ
744 4127 966 4236 φύσει
999 4135 1377 4212 παντελῶς
1409 4129 1633 4209 οὐδέν·
1691 4131 1953 4210 ἀνεῖται
2004 4129 2080 4210 δὲ
2132 4128 2422 4214 πάντως
2471 4128 2581 4211 ἐπ’

265 4370 804 4464 31ηο.Ἀξιόχρεως
825 4396 921 4442 μεν
944 4372 1036 4428 οὖν
1059 4376 1089 4427 6
1114 4374 1182 4427 A.
1381 4386 1443 4498 ¹7.
1479 4377 1573 4428 τοῦ
1595 4391 1706 4428 om.
1732 4375 1822 4428 A.-
2038 4388 2120 4445 15.
2157 4376 2258 4446 μὴν
2280 4372 2401 4446 alt.]
2427 4373 2491 4441 δὴ
2517 4374 2586 4427 A.

213 4434 527 4583 Questus·
543 4448 614 4500 A.
642 4446 1060 4517 επηυλογηκότος
1083 4442 1331 4498 emendat
1358 4445 1378 4513 (
1403 4453 1518 4498 orte
1542 4443 1688 4499 haud
1714 4444 1873 4515 male)
1903 4444 2109 4517 Migno.
2335 4459 2419 4516 17.
2454 4444 2582 4513 πρό-

215 4506 308 4570 &m
355 4535 401 4568 τι
422 4518 689 4588 πρόξενον
712 4515 780 4570 A.
1074 4515 1156 4571 18.
1194 4517 1593 4587 προενεγκόντος
1617 4516 1686 4570 Α.
