3269 5166
814 357 1058 421 RESP.
1108 355 1235 420 AD
1279 354 1452 420 TIB.
1502 353 2033 420 SOCIOSQUE.
2494 353 2620 416 58⁷

206 524 514 621 αἵματος
558 522 743 602 κατὰ
785 523 914 608 τὰς
970 521 1288 627 γραφάς·
1364 522 1497 620 τὴν
1551 523 1640 603 δέ
1676 556 1758 624 γε
1783 558 1786 561 ’
1816 525 2205 602 ἑνωθεῖσαν
2259 521 2451 630 αὐτῷ
2506 524 2623 601 καὶ

208 649 401 728 ἰδίαν
437 648 660 728 αὐτοῦ
694 647 1087 748 γενομένην
1122 645 1365 750 σάρκα
1402 646 1842 754 ἐψυχῶσθαί
1861 652 2102 752 φαμεν
2136 648 2347 752 ψυχῇ
2387 651 2616 753 νοερᾷ.

2649 842 2685 881 a
2728 829 2854 885 391
2881 829 2959 884 Δ.

214 908 381 990 Πρὸς
425 908 563 975 τοὺς
606 907 918 991 λέγοντας,
949 909 1042 973 ὅτι
1071 908 1176 973 οὐκ
1205 907 1515 991 ἀνελήφθη
1541 910 1692 988 μετὰ
1721 912 1823 987 τῆς
1856 909 2169 988 ἑνωθείσης
2204 909 2356 995 αὐτῷ
2388 909 2622 992 σαρκὸς,
2654 919 2730 983 ς’.

390 1021 462 1083 ἐν
489 1017 536 1105 ιῖ)
577 1020 675 1083 καὶ
702 1019 851 1101 πρὸς
885 1021 1022 1087 τοὺς
1050 1019 1363 1101 λέγοντας,
1393 1021 1486 1083 ὅτι
1514 1020 1584 1083 τὸ
1615 1021 1970 1103 ἀναληφθὲν
2001 1026 2173 1100 σῶμα
2208 1023 2280 1107 τῇ
2313 1023 2453 1106 ἁγίᾳ

147 1148 185 1203 5
1092 1130 1304 1212 Τριάδι
1334 1131 1748 1213 συγκέκραται.

1164 1312 1702 1371 ΕΠῙΛΎΣΙΣ.

317 1482 501 1564 Ὀτι
539 1483 613 1564 δὲ
665 1487 784 1564 καὶ
815 1482 1193 1589 ἀνελήφθη
1241 1482 1423 1584 μετὰ
1477 1487 1607 1582 τῆς
1664 1481 2049 1579 ἑνωθείσης
2104 1482 2297 1588 αὐτῷ
2354 1480 2629 1581 σαρκὸς

216 1614 377 1691 πῶς
439 1605 532 1687 ἂν
584 1606 977 1689 ἐνδοιάσειέ
1033 1640 1193 1703 τις;
1282 1605 1410 1688 τὸν
1473 1606 1617 1709 γὰρ
1673 1610 1752 1687 ἐκ
1809 1613 2077 1708 νεκρῶν
2131 1606 2628 1709 ἐγηγερμένον,
2655 1611 2696 1675 b

218 1731 441 1812 αὐτὸν
465 1732 801 1831 δηλονότι
838 1731 1018 1811 καθὸ
1058 1738 1318 1811 νοεῖται
1346 1733 1462 1809 καὶ
1493 1730 2239 1835 πέφηνεν-ἅνθρωπος,
2270 1728 2631 1809 κεκάθικεν

120 1891 193 1930 10
221 1857 261 1934 ὃ
303 1852 565 1958 Πατὴρ
624 1865 668 1901 “
694 1858 770 1934 ἐν
825 1854 1029 1962 δεξιᾷ
1080 1863 1210 1935 τοῦ
1267 1853 1527 1957 θρόνου
1585 1859 1713 1953 τῆς
1770 1853 2297 1955 μεγαλωσύνης
2355 1856 2429 1932 ἐν
2485 1860 2631 1936 τοῖς
2723 1868 2972 1964 &ly-viii·

220 1991 265 2026 “
308 1979 688 2085 ὖψηλοΐς,”
742 1989 784 2027 “
813 1978 1139 2079 ὑπεράνω
1181 1976 1428 2076 πάσης
1463 1980 1692 2081 ἀρχῆς
1728 1981 1845 2056 καὶ
1883 1977 2217 2084 ἐξουσίας
2254 1979 2372 2057 καὶ
2409 1975 2623 2057 δυνά·
2722 1946 2918 2063 {E'pffi’s

222 2114 268 2149 ιι
306 2137 490 2200 μεως
544 2106 662 2183 καὶ
705 2101 1114 2206 κυριότητος
1157 2104 1276 2181 καὶ
1322 2101 1593 2185 παντὸς
1644 2101 1993 2199 ὀνόματος
2040 2100 2629 2203 ὀνομαζομένου),
2725 2080 2803 2116 21.

223 2227 381 2334 ἥξει
409 2226 485 2308 δὲ
513 2229 699 2307 οὕτω
736 2225 921 2306 κατὰ
946 2225 1253 2329 καιρούς.
1311 2228 1428 2306 καὶ
1455 2226 1743 2327 ἀρκέσει
1770 2223 1951 2327 πρὸς
1988 2233 2200 2305 τοῦτο
2229 2230 2373 2304 τῶν
2408 2224 2634 2326 ἁγίων

223 2349 567 2452 ἀγγέλων
616 2351 661 2449 ἡ
718 2350 924 2453 φωνὴ
985 2358 1133 2434 τοῖς
1194 2348 1573 2446 θεωμένοις
1639 2347 1855 2429 αὐτὸν
1915 2350 2398 2444 ἀναβαίνοντα
2453 2348 2634 2447 μετὰ

123 2504 199 2563 15
225 2475 361 2574 τὴν
410 2476 488 2554 ἐκ
545 2480 811 2578 νεκρῶν
860 2475 1290 2570 ἀναβίωσιν,
1331 2473 1750 2577 ἀναφανδὸν
1795 2473 2174 2575 εἰρηκότων
2227 2485 2269 2521 “
2300 2473 2541 2558 Οὗτος
2593 2474 2634 2552 ὁ
2731 2473 2866 2520 Aeta
2885 2471 2974 2521 SS-

2728 2539 2830 2602 Ap.
2848 2537 2972 2589 i.11.

225 2609 272 2646 “
307 2601 594 2698 Ἰησοῦς
629 2601 670 2678 ὁ
703 2600 1142 2705 ἀναληφθεὶς
1181 2598 1307 2704 ἀφ’
1345 2600 1562 2695 ὑμῶν,
1594 2599 1818 2682 οὕτως
1855 2599 2228 2678 ἐλεύσεται
2257 2596 2339 2677 ὃν
2366 2597 2635 2700 τρόπον
2662 2627 2697 2669 0

228 2734 273 2771 “
310 2723 710 2804 ἐθεάσασθε
769 2721 1247 2825 πορευόμενον
1307 2721 1525 2805 αὑτὸν
1581 2728 1676 2806 εἱς
1742 2721 1869 2802 τὸν
1925 2723 2300 2825 οὐρανόν.”
2382 2730 2440 2802 εὶ
2501 2720 2637 2820 μὲν

226 2847 356 2927 οὖν
409 2852 477 2926 οἱ
530 2851 659 2945 τῆς
712 2846 1149 2951 ἀναλήψεως
1196 2847 1414 2926 αὐτοῦ
1465 2846 1839 2948 γεγονότες
1887 2849 2158 2947 θεωροὶ,
2197 2845 2471 2947 γυμνὸν
2507 2851 2638 2946 τῆς

226 2970 501 3073 σαρκὸς
537 2969 665 3050 τὸν
702 2970 947 3073 Λόγον
983 2969 1370 3062 τεθέανται,
1411 2971 1638 3053 οὕτως
1676 2967 1894 3048 αὐτὸν
1931 2971 2047 3048 καὶ
2084 2969 2135 3068 ἥ
2182 3003 2281 3047 ειν
2321 2971 2639 3049 ὑπονοεῖ-

122 3129 202 3170 20
226 3093 479 3174 τωσάν
510 3120 715 3177 τινες’
792 3100 852 3175 εἰ
887 3092 963 3174 δὲ
1004 3090 1614 3199 πεπληροφόρηκε
1651 3091 1815 3176 τοὺς
1854 3092 2099 3193 ἁγίους
2136 3089 2627 3189 ἀποστόλους,

228 3218 315 3297 τὸ
382 3218 834 3324 ψηλαφητὸν
893 3220 1131 3301 αὐτοῖς
1195 3218 1432 3324 δείξας
1488 3222 1728 3313 σῶμα,
1780 3216 1895 3295 καὶ
1951 3216 2174 3299 οὕτως
2235 3214 2635 3321 ἀνελήφθη·

229 3343 417 3422 οὕτω
464 3341 689 3422 πάλιν
725 3342 1121 3439 ἐλεύσεται,
1174 3346 1293 3421 καὶ
1349 3343 1476 3421 οὐκ
1532 3339 1620 3420 ἂν
1678 3339 2160 3447 διαψεύσαιτο
2208 3346 2353 3419 τῶν
2414 3342 2640 3443 ἁγίων

229 3464 657 3565 πνευμάτων
696 3468 736 3546 ὁ
775 3464 883 3547 ἐπ’
922 3468 1114 3573 αὐτῷ
1154 3464 1404 3566 λόγος.

304 3692 359 3745 3.
394 3674 595 3729 Totum
631 3674 735 3730 hoc
771 3675 1070 3745 capitulum
1108 3673 1236 3727 citat
1262 3672 1601 3743 Nicephorus
1632 3672 1690 3726 in
1716 3670 2077 3726 Antirrhetioo
2112 3680 2298 3726 contra
2324 3670 2644 3739 Eusebium,

233 3745 381 3811 (vide
420 3744 579 3816 Spicil
652 3746 767 3801 'um
794 3746 1133 3800 Solesmenne
1158 3745 1194 3798 i.
1220 3744 1290 3810 48
1349 3743 1466 3798 viro
1503 3743 1799 3796 clarissimo
1826 3743 1973 3797 Dom
2006 3741 2169 3810 Pitra,
2207 3742 2366 3797 hodie
2399 3761 2645 3798 reveren-

234 3815 461 3870 dissimo
499 3764 769 3870 Caffinali
809 3815 1279 3887 Bibliothecaeque
1363 3813 1599 3868 aticanae
1632 3812 2044 3867 Bibliotheeario
2079 3813 2307 3883 editum)
2346 3814 2450 3869 sub
2486 3816 2645 3869 titulo

234 3890 339 3940 Τοῦ
362 3887 522 3940 αὐτοῦ
545 3886 601 3940 ἐκ
638 3894 741 3941 τῶν
764 3884 1059 3941 ἐπιλύσεων
1092 3890 1196 3939 τῶν
1229 3884 1688 3954 προσενεχθεισῶν
1722 3882 1960 3939 πεῦσεων
1994 3887 2067 3956 τῷ
2104 3884 2242 3955 αὐτῷ
2279 3886 2512 3959 μακαρίῳ
2539 3892 2643 3940 Κυ-

233 3957 359 4026 ρίλλ
434 3958 575 4026 παρὰ
611 3958 843 4028 τιβερίου
880 3958 1117 4011 διακόνου
1153 3956 1236 4009 καὶ
1271 3959 1375 4009 τῶν
1407 3954 1672 4025 ἀδελφῶν,
1698 3953 1753 4008 ἐν
1789 3955 2096 4024 κεφαλαίοις
2133 3953 2222 4018 ιβ’,
2265 3954 2322 4008 ἐκ
2363 3959 2456 4009 τοῦ
2493 3954 2644 4010 ἕκτου

235 4048 289 4080 κε
410 4027 526 4081 alon
547 4029 680 4095 πρὸς
700 4028 820 4084 τοὺς
843 4036 944 4082 etc.
1093 4026 1142 4076 τ’
1165 4027 1221 4080 in
1245 4043 1356 4094 mg.
1384 4025 1600 4095 reposui
1623 4041 1687 4078 ex
1715 4025 1917 4078 ratione
1936 4033 1993 4086 Γ,
2014 4024 2106 4096 qui
2133 4024 2221 4079 hic
2244 4034 2420 4078 tamen
2446 4026 2645 4080 omittit

234 4097 448 4152 favente
483 4106 536 4151 et
573 4097 879 4168 Nioepboro
916 4114 1082 4167 supra
1104 4098 1195 4151 cit.
1232 4094 1269 4149 ε’
1296 4094 1512 4150 exhibet
1535 4096 1585 4148 A
1610 4112 1722 4164 mg.
1847 4096 1985 4167 αὐτῷ
2026 4094 2171 4148 A.D.
2199 4093 2426 4164 Niceph.
2456 4095 2645 4165 Migne

235 4169 394 4223 αὐτοῦ
420 4166 524 4222 Ed.
621 4167 842 4240 σαρκὸς]
875 4175 933 4229 -Ι-
965 4171 995 4221 ὁ
1020 4168 1250 4236 Χριστὸς
1275 4165 1503 4237 Niceph.
1568 4165 1759 4219 Statim
1787 4164 1842 4219 ἐν
1865 4161 1908 4237 ᾧ
1932 4164 2156 4220 accessit
2180 4181 2244 4217 ex
2268 4164 2397 4218 AJ'.
2415 4164 2644 4234 Niceph.

236 4238 287 4293 6.
328 4236 474 4292 edidi
498 4256 564 4293 ex
589 4240 638 4293 Α
662 4258 775 4310 mg.
801 4246 858 4294 Γ.
884 4240 1075 4309 κεφολ.
1101 4259 1182 4293 κα.
1210 4236 1314 4291 Ed.
1570 4253 1622 4305 9.
1663 4238 1852 4291 νοεῖται
1877 4237 1960 4290 καὶ
1983 4234 2214 4304 πέφηνεν
2234 4233 2339 4289 hoc
2363 4234 2551 4289 ordine
2577 4238 2643 4289 A.

236 4308 471 4379 Niceph.
577 4309 845 4380 ἅνθρωπος
903 4315 962 4373 4
991 4308 1145 4364 αὗτὸς
1168 4306 1398 4377 Niceph.
1572 4323 1654 4377 13.
1693 4328 1752 4360 τε
1813 4324 1873 4360 ro
1897 4305 1955 4360 δὲ
1982 4304 2210 4377 Niceph.
2384 4318 2468 4375 15.
2507 4304 2644 4375 είρη-

236 4382 404 4434 κότον
427 4379 555 4435 Α.Ῑ“.
583 4379 813 4451 Niceph.
877 4381 1082 4433 οῶντων
1108 4378 1179 4432 D.
1206 4375 1310 4431 Ed.
1484 4377 1567 4431 16.
1606 4375 1758 4432 οὗτος
1773 4324 1916 4431 {lice
1954 4376 2011 4431 h.
2183 4388 2266 4446 17.
2303 4377 2649 4444 πορευόμενον

235 4451 392 4505 αὐτὸν
416 4449 521 4505 hoo
543 4450 731 4505 ordine
750 4452 816 4506 Α.
967 4450 1047 4503 18.
1073 4449 1344 4520 γεγονότες
1369 4448 1553 4517 θεωροὶ
1571 4446 1675 4502 hoc
1699 4446 1886 4501 ordine
1955 4488 1969 4502 .
1991 4445 2219 4517 Nioeph.
2365 4461 2450 4498 21.
2476 4445 2647 4514 δείξας

238 4527 391 4588 σῶμα
415 4520 520 4575 hoe
543 4520 733 4575 ordine
758 4523 824 4576 A.
852 4518 1082 4589 Niceph.
1442 4534 1529 4588 23.
1566 4539 1694 4572 πνευ
1733 4519 1868 4574 άτων
1895 4518 2039 4573 Α.Ῑ).
2066 4514 2386 4587 πατίρωνβ)
2417 4513 2646 4586 Niceph.

238 4591 537 4661 Πνεῦματος
560 4590 740 4663 Ἀγίου
766 4600 820 4646 Γ.
848 4591 1163 4646 ἀποστόλων
1188 4587 1595 4644 mendosissime
1621 4540 1730 4644 Eis

1349 4694 1531 4757 422
