3269 5166
355 265 469 304 m

433 433 780 509 possidebat,
802 433 948 491 male
976 432 1197 509 optavit
1225 438 1301 493 97
1308 438 1507 493 5-977

433 531 746 589 voluntatis
775 532 1028 589 habenas
1057 531 1303 590 Satanae
1331 533 1509 590 tradi-

434 628 518 686 dit
552 633 707 688 1012
738 649 773 687 a
793 630 852 687 b.

348 726 582 785 Judicat
624 746 686 785 se
714 727 809 802 qui
852 746 970 785 non
1007 728 1164 786 venit
1208 728 1280 786 ad
1324 728 1508 786 lucem

437 829 553 884 155
584 845 617 884 c
636 827 674 883 d
691 845 741 885 e.

349 927 384 955 “
403 924 674 982 Judicare
703 924 1015 982 secundum
1045 943 1276 983 carnem
1297 925 1333 947 '⁹
1371 925 1508 1001 quid

434 1026 552 1081 512
578 1023 665 1080 de
706 1022 962 1099 judicare
984 1024 1293 1081 secundum
1318 1023 1508 1081 Deum

432 1121 509 1178 ib.
538 1120 594 1178 d.

350 1217 390 1275 J
396 1219 627 1276 udicant
673 1219 855 1277 malos
898 1218 937 1275 ii
979 1218 1077 1294 qui
1118 1219 1265 1277 bene
1310 1220 1508 1277 vivunt

431 1315 496 1374 M
529 1321 605 1376 55
644 1319 767 1393 [pp.
787 1320 927 1385 262,
960 1319 1048 1393 3].

350 1413 391 1472 J
398 1415 651 1474 udicatus
701 1416 823 1490 jam
879 1415 1221 1484 incredulae,
1273 1415 1393 1491 ipse
1448 1414 1508 1471 in

431 1515 678 1589 seipsum
736 1514 1078 1572 sententiam
1133 1514 1322 1571 ferens
1377 1532 1507 1571 cum

432 1612 581 1669 Eum
609 1612 728 1682 Qui
756 1631 871 1669 non
907 1612 1165 1687 judicare
1193 1611 1374 1669 voluit
1414 1630 1506 1669 re-

430 1719 591 1768 cuset
625 1714 740 1768 154
759 1729 815 1776 e,
854 1714 969 1768 155
1001 1729 1054 1767 a.

349 1807 563 1866 Judicii
620 1809 743 1866 dies
790 1812 866 1866 83
895 1827 946 1880 c,
1004 1812 1122 1866 234
1151 1827 1202 1875 e,
1269 1811 1420 1867 1111
1454 1827 1506 1874 e,

432 1906 505 1964 cf.
537 1908 678 1973 236,
710 1910 828 1964 237
859 1925 912 1972 e,
955 1909 1073 1965 293
1103 1906 1209 1973 be,
1252 1910 1369 1965 297
1402 1905 1507 1978 de,

435 2009 554 2063 814
583 2024 616 2062 e
705 2004 744 2061 J
750 2004 918 2062 udicii
960 2003 1070 2070 die,
1116 2003 1295 2079 plebis
1338 2004 1504 2061 obtu-

432 2104 578 2160 ratio
616 2103 938 2160 sacerdotes
979 2121 1096 2160 non
1133 2102 1400 2178 purgabit
1424 2102 1503 2160 iii.

435 2207 575 2260 473.

351 2299 636 2357 Judicium
677 2298 1074 2375 ignorantibus
1118 2299 1326 2365 mitius.
1371 2317 1507 2374 cog-

432 2398 797 2455 noscentibus
839 2397 1034 2454 durius
1065 2401 1181 2456 352
1214 2417 1265 2467 e,
1304 2402 1421 2457 353
1453 2416 1504 2467 a,

436 2500 552 2554 373
582 2514 635 2561 a,
668 2498 779 2553 411
816 2496 922 2553 ab.
965 2496 1101 2553 Vide
1127 2495 1325 2572 Plaga,
1357 2495 1505 2571 Sup-

430 2595 688 2670 plicium.

351 2693 389 2752 J
395 2702 688 2751 uramenta
739 2692 1052 2751 cavendum
1114 2696 1230 2751 724
1269 2693 1379 2760 bc,
1429 2692 1504 2752 iii.

436 2796 571 2850 44⁷.

351 2889 391 2947 J
398 2889 746 2948 ustificamur
782 2890 1081 2947 credentes
1119 2888 1178 2945 in
1213 2888 1505 2946 Christum

432 2997 496 3045 ut
523 2986 713 3046 Deum
741 3006 814 3045 cx
841 2988 967 3046 Deo
999 2990 1116 3045 508
1147 3006 1198 3054 e,
1232 2987 1302 3044 cf.
1327 2986 1396 3043 M
1427 2991 1505 3045 99

438 3086 686 3161 [p.355]
732 3084 1333 3143 confitentesVerbum
1364 3083 1504 3144 Oar-

430 3202 560 3241 nem
590 3183 804 3241 factum
831 3182 908 3241 iii.
939 3187 1080 3242 401.

348 3281 638 3338 Justificat
692 3299 800 3338 nos
849 3280 1099 3357 Sanguis
1149 3281 1385 3339 Domini
1427 3280 1504 3339 iii.

433 3383 569 3438 398.

901 3544 952 3600 L

352 3674 570 3734 Lsaoa
610 3675 718 3751 piis
759 3675 947 3732 suavis
976 3674 1205 3749 quando
1234 3693 1410 3750 prope
1446 3682 1506 3731 et

432 3773 591 3832 dives
637 3773 955 3830 Praemium
1009 3775 1126 3830 888
1175 3791 1207 3830 e
1290 3779 1505 3847 quanto

433 3871 617 3947 magis
676 3880 839 3929 tanto
900 3869 1279 3930 abundantius
1335 3870 1501 3926 Prae-

429 3970 607 4027 mium
639 3969 702 4026 M
735 3972 814 4027 96
846 3965 930 4048 [p.
958 3964 1121 4049 348}

347 4066 722 4144 Lacrymatus
778 4066 1046 4126 Christus
1099 4075 1167 4123 ut
1224 4065 1505 4143 lacrymas

429 4174 655 4222 nostras
711 4173 1039 4242 compescat
1095 4166 1214 4223 686
1261 4182 1295 4221 a
1322 4183 1353 4221 e
1447 4172 1506 4222 et

432 4280 629 4320 omnes
656 4263 931 4321 miserans
962 4264 1080 4320 686
1111 4282 1157 4320 c.

350 4360 727 4436 Lacrymatus
764 4361 1065 4426 Dominus,
1107 4379 1279 4436 aegre
1319 4361 1500 4437 lacry-

435 4467 663 4517 mantur
717 4460 754 4516 ii
812 4460 905 4535 qui
964 4459 1118 4516 omni
1183 4459 1503 4518 calamitate

1169 249 1490 309 INDEX
1578 253 1952 313 RERUM.

2642 253 2759 309 637

1691 446 1754 495 ut
1810 436 2133 513 philosophi
2187 435 2505 511 superiores
2559 434 2758 493 existi·

1691 536 1834 594 mari
1863 535 2130 594 studeant
2158 537 2275 593 686
2305 534 2358 592 b.

1610 632 1916 691 Laetitiam
1966 633 2183 691 Christi
2225 633 2456 698 habere,
2502 650 2609 689 nos
2656 650 2761 706 pro

1690 732 1929 789 aliorum
1990 732 2303 789 salvatione
2372 730 2627 789 similiter
2695 747 2762 785 ac

1691 829 1823 904 Ipse
1851 831 2171 905 expendere
2201 833 2318 888 886
2349 849 2384 887 a
2404 829 2463 888 b.

1607 927 1853 984 Laetitia
1946 929 2201 1003 perfecta
2283 936 2343 986 ct
2435 926 2765 1002 imperfecta

1692 1028 1809 1083 886
1839 1044 1889 1085 c.

1609 1132 1646 1155 ‘⁸
1676 1123 1922 1181 Laetitia
1976 1123 2235 1181 salutaris
2285 1123 2394 1180 Tui
2414 1123 2450 1145 ''
2508 1122 2761 1200 Spiritus

1690 1221 1936 1280 Sanctus
1970 1224 2125 1280 1005
2156 1223 2210 1290 b„

1606 1318 1855 1395 Lapides
1884 1319 2082 1390 sancti,
2111 1318 2377 1395 Apostoli
2408 1322 2524 1378 322
2555 1338 2604 1377 e.

1607 1417 1798 1493 Lapis,
1848 1417 2110 1474 Christus
2150 1419 2268 1474 436
2313 1416 2352 1473 b
2421 1416 2635 1473 electus
2682 1415 2760 1472 iii.

1693 1520 1828 1575 447.

1609 1613 1894 1690 Lapideae
1932 1612 2212 1690 Decalogi
2254 1613 2479 1671 tabulae
2517 1631 2617 1670 cor
2655 1612 2693 1670 J
2697 1631 2760 1668 u·

1690 1713 1961 1770 daeorum
2027 1713 2310 1789 lapideum
2377 1712 2765 1788 praefigurant

1690 1809 1757 1868 M
1786 1814 1863 1869 89
1892 1811 1989 1869 fin.

1609 1908 1830 1984 Lapsus
1899 1927 2105 1985 parvus
2180 1904 2404 1984 scfiptis
2475 1909 2765 1989 perlongis

1691 2025 1979 2072 concessa,
2001 2025 2160 2063 error
2176 2006 2440 2081 frequens
2458 2008 2765 2082 gravisque

1692 2104 1813 2161 sine
1841 2105 2204 2161 excusatione
2231 2104 2306 2163 iii.
2341 2108 2477 2163 490.

1609 2201 1890 2260 Latrones
1927 2202 2198 2267 crucifixi,
2227 2201 2580 2259 ,Iudaeorum
2609 2202 2765 2260 Gen-

1692 2300 1945 2376 tiumque
1973 2309 2143 2377 typus
2177 2304 2332 2359 1059
2364 2300 2465 2358 be.

1609 2398 1891 2456 Laudatio
1955 2400 2042 2457 sui
2107 2399 2340 2457 omnino
2395 2398 2765 2457 intolerabilis

1694 2501 1811 2556 242
1841 2498 1897 2563 d,
1932 2502 2086 2557 1022
2117 2516 2167 2557 a.

1609 2595 1813 2653 Lazari
1840 2614 2065 2653 sorores
2094 2596 2265 2653 fidem
2294 2616 2408 2654 non
2437 2595 2762 2654 habuerunt

1692 2694 2000 2770 perfectam
2029 2697 2146 2751 676
2175 2713 2227 2751 c.

1613 2791 1893 2850 Lazarum
1922 2811 1955 2849 e
1983 2791 2169 2849 fasciis
2207 2791 2457 2849 solutum
2485 2790 2619 2865 quid
2649 2790 2764 2865 sig-

1690 2890 1884 2947 nificat
1910 2892 2028 2948 690
2059 2889 2097 2946 d
2118 2908 2169 2946 c.

1608 2988 1828 3046 Lazaro
1868 2988 1927 3045 in
1970 2986 2238 3063 parabola
2280 2985 2370 3051 de,
2413 2983 2646 3042 traditio
2686 2983 2759 3042 iii.

1693 3089 1831 3145 564.

1609 3184 1728 3242 Leo
1785 3183 2018 3259 rugiens
2087 3189 2264 3240 terret
2325 3190 2383 3239 et
2439 3181 2518 3237 ita
2572 3187 2766 3255 captat

1689 3281 1956 3358 praedam
1991 3284 2147 3339 1042
2182 3279 2221 3336 d
2241 3298 2288 3337 e.

1611 3380 1788 3456 Legis
1836 3398 1870 3436 a
1918 3376 2126 3454 Moyse
2175 3376 2293 3434 dati
2350 3376 2592 3434 historia
2639 3384 2766 3434 tota

1689 3485 1858 3554 typus
1887 3479 2005 3536 256
2027 3475 2288 3535 d—258.

1607 3575 1731 3633 Lex
1767 3584 1826 3634 et
1853 3576 1965 3633 Dei
1994 3574 2232 3632 verbum
2273 3575 2380 3632 etsi
2424 3593 2540 3631 non
2585 3574 2763 3651 hypo-

1689 3675 1952 3733 staticum
1985 3677 2103 3733 388
2133 3674 2189 3732 b.

1611 3773 1736 3831 Lex
1793 3773 2064 3831 Veritatis
2131 3772 2374 3830 formam
2433 3773 2763 3846 (μόρφωσιν)

1688 3872 1795 3929 etsi
1857 3871 1916 3927 in
1982 3870 2186 3929 umbra
2255 3870 2509 3927 continet
2554 3868 2637 3926 M.
2686 3873 2766 3927 20

1687 3970 1905 4045 peccati
1934 3966 2012 4027 M„
2041 3973 2136 4033 24,
2162 3971 2239 4027 25
2296 3967 2527 4042 spiritus
2553 3967 2591 4024 i.
2611 3985 2684 4032 e..
2706 3966 2768 4024 in

1688 4068 1851 4125 nobis
1879 4067 2049 4124 insita
2075 4065 2158 4124 M.
2189 4069 2286 4131 26.
2317 4064 2389 4122 cf.
2418 4063 2499 4122 M.
2531 4066 2627 4123 27.

1609 4165 1735 4224 Lex
1779 4167 1840 4223 in
1882 4161 2200 4240 Evangelio
2230 4162 2552 4237 adimpleta,
2582 4161 2765 4237 pictu-

1687 4282 1784 4321 rae
1848 4264 2013 4338 cujus
2075 4261 2263 4319 forma
2315 4258 2602 4318 coloribus
2664 4258 2766 4315 ad·

1684 4361 1852 4438 jectis
1907 4379 2022 4417 non
2071 4359 2309 4417 evanida
2363 4356 2463 4414 sed
2517 4355 2770 4431 perfecta

1692 4460 1774 4529 fit,
1830 4466 2157 4533 comparata
2211 4455 2294 4514 M.
2348 4459 2425 4514 40
2482 4455 2565 4531 [p.
2614 4456 2760 4530 235]
