3269 5166
406 451 498 507 ’10
520 447 617 505 11.

416 561 509 633 16,
547 573 613 634 17

306 1867 392 1916 Pa.
414 1866 548 1916 exiii.

310 1945 387 1982 21.

394 3126 499 3160 ver.
522 3123 543 3160 1
554 3121 598 3175 7.

641 322 772 385 296
860 319 938 383 Β.
987 306 1362 384 0YR1L131
1412 318 1943 385 ALEXANDR.
2000 321 2566 388 FRAGMENTA
2653 324 2786 389 xiv.
2817 325 2916 401 16,
2943 338 3043 403 17.

694 553 886 620 Ἐπεὶ
937 553 1054 619 ἐὰν
1110 556 1470 645 emm-*ioque
1523 558 1620 639 τῷ
1674 558 2011 637 πνεύματι,
2066 558 2102 623 ὁ
2157 559 2557 648 ἀναπληρῶν
2611 559 2725 624 τὸν
2782 558 2992 623 τόπον

1236 684 1350 745 τοῦ
1399 678 1684 779 ἰδιώτου.
1720 682 1862 745 πῶς
1922 678 2056 770 ἒρεῖ
2109 683 2184 750 τὸ
2239 683 2453 764 dudm

744 849 1007 947 Ὅταν,
1036 853 1291 956 φησὶν,
1318 852 1531 935 αὐτὸς
1563 850 1698 950 μὲν
1734 851 2055 958 γλώσσῃ
2092 857 2350 959 λαλῇς,
2391 857 2432 933 ὃ
2469 852 2695 956 γεμὴν
2730 855 2807 932 ἐν
2842 850 3045 959 τάξει

642 982 734 1079 τῇ
786 982 915 1055 τοῦ
969 982 1224 1053 λα’ίκοῦ
1280 975 1612 1073 κείμενος,
1651 981 1709 1054 εὶ
1762 973 1893 1074 τὴν
1941 973 2086 1075 σὴν
2129 979 2257 1057 οὐκ
2311 979 2519 1077 εἰδείη
2575 975 2849 1083 φωνὴν,
2886 983 3044 1059 πῶς

642 1098 1324 1201 προσυπακούσεται
1381 1101 1458 1178 τό
1496 1096 1706 1203 'Al-¹31⁹
1758 1101 1835 1178 ἐν
1870 1106 2024 1183 ταῖς
2080 1103 2283 1185 ἰδίαις
2340 1102 2824 1206 εὐχαριστίαις
2883 1101 3043 1199 ἤτοι
3069 1135 3105 1194 5

641 1230 1125 1326 προσευχαῖς;
1189 1221 1298 1300 ὅτι
1352 1221 1496 1324 γὰρ
1550 1228 1705 1305 ταῖς
1758 1229 1903 1301 τῶν
1948 1222 2359 1324 ἡγουμένων
2414 1227 2652 1328 εὐχαῖς
2707 1223 2838 1307 τὰς
2895 1230 3045 1302 τῶν

644 1345 783 1425 ὑπὸ
857 1353 1058 1450 χεῖρα
1130 1344 1715 1447 συγκαταλήγειν
1780 1346 1940 1430 ἔθος
2014 1349 2090 1426 ἐν
2153 1349 2568 1448 ἐκκλησίαις
2640 1348 2867 1426 παντί
2937 1381 3043 1452 τῳ

639 1471 898 1575 σαφές.
962 1468 1603 1571 προσυπακούουσι
1639 1468 1787 1571 γὰρ
1823 1469 1907 1549 τό
1943 1471 2161 1569 Ἀμὴν
2195 1479 2350 1554 ταῖς
2386 1474 2654 1552 ἑαυτῶν
2689 1467 2875 1571 πρὸς
2913 1467 3042 1548 τὸν

643 1589 835 1672 Θεὸν
872 1593 1184 1677 ἱκετείαις
1220 1590 1305 1670 τὸ
1360 1592 1582 1696 πέρας
1638 1590 2022 1695 ἐπάγοντες
2061 1599 2151 1697 τῇ
2204 1601 2334 1673 τοῦ
2372 1591 2605 1698 ἱερέως
2650 1598 2886 1699 φωνῇ,
2923 1592 3041 1671 ἵνα

642 1719 732 1819 τῇ
770 1722 914 1795 τῶν
953 1717 1187 1818 ἱερέων
1221 1716 1607 1815 τελειότητι
1643 1714 1728 1795 τὸ
1766 1722 2019 1797 δοκοῦν
2056 1719 2432 1814 ἐλλείπειν,
2470 1724 2620 1800 τοῖς
2654 1723 2804 1796 τῶν
2835 1723 3041 1796 λαῶν
3073 1762 3147 1803 10

645 1842 1124 1945 ἀναπληρῷτο
1190 1840 1490 1941 μέτροις,
1550 1842 1670 1920 καὶ
1729 1843 1936 1920 οἱονεὶ
1999 1851 2046 1889 “
2071 1839 2233 1927 τοὺς
2295 1838 2586 1944 μικροὺς
2649 1840 2833 1939 μετὰ
2893 1846 3044 1920 τῶν

644 1972 690 2009 “
722 1959 1065 2064 μεγάλων
1082 1964 1120 1989 ”
1191 1965 1287 2046 ὡς
1348 1965 1423 2041 ἐν
1484 1961 1760 2063 ἑνότητι
1822 1964 2223 2061 πνεύματος
2283 1961 2760 2068 παραδέχοιτο
2827 1962 3037 2047 Θεός.

643 2093 798 2171 ταῖς
849 2085 996 2188 γὰρ
1031 2092 1175 2165 τῶν
1231 2086 1469 2188 ἱερέων
1522 2088 1760 2191 εὐχαῖς
1814 2085 1944 2171 τὰς
1998 2091 2267 2166 ἑαυτῶν
2314 2085 2924 2189 παραζευγνύντες
2971 2091 3040 2165 οἱ

644 2209 783 2291 ὑπὸ
837 2218 1038 2315 χεῖρα
1097 2213 1283 2308 λαοὶ,
1340 2209 1589 2294 δεκτᾶς
1644 2210 1944 2291 ἔσεσθαι
1994 2211 2586 2292 πεπιστεύκασιν·
2658 2209 2892 2316 τούτῳ
2936 2211 3041 2315 τῷ

642 2339 899 2442 σκοπῷ
954 2336 1072 2414 καὶ
1126 2334 1464 2438 πενιχρὰς
1511 2336 1769 2418 θυσίας
1814 2336 1854 2413 ὃ
1894 2333 2082 2418 Θεὸς
2134 2335 2317 2437 πρὸς
2374 2333 2458 2414 τὸ
2515 2334 3039 2435 θυσιαστήριον
3070 2376 3145 2436 15

642 2458 970 2538 ἐκέλευσε
1022 2455 1533 2560 προσάγεσθαι
1582 2463 1731 2538 τῶν
1787 2457 2424 2557 ὁλοκαυτωμάτων,
2481 2459 2598 2537 ἵνα
2652 2456 2735 2537 τὸ
2794 2456 3040 2562 βραχὺ

644 2590 746 2691 τῷ
799 2583 1047 2690 τελείῳ
1103 2580 1484 2684 συμμιγέν,
1546 2578 1794 2662 δεκτὸν
1862 2580 2148 2682 γε’νηται
2203 2589 2306 2690 τῷ
2366 2586 2557 2690 Θεῷ·
2638 2580 2715 2661 ἓν
2772 2578 2917 2684 γὰρ
2972 2587 3042 2661 οἱ

642 2704 903 2790 πάντες
939 2703 1159 2803 ἐσμὲν
1194 2708 1269 2785 ἐν
1310 2706 1576 2813 Κυρίῳ.
1641 2705 1816 2785 ὅταν
1848 2708 2113 2803 τοίνυν,
2156 2709 2370 2812 φησὶ,
2410 2704 2509 2785 σὺ
2542 2704 2674 2805 μὲν
2712 2705 3042 2810 γλώσσῃ

643 2835 903 2933 λαλῇς·
979 2837 1192 2909 τοῦτο
1247 2826 1389 2930 γάρ
1445 2831 1646 2909 ἐστιν
1700 2826 1785 2908 τὸ
1843 2834 2151 2930 εὐλογεῖν
2189 2828 2546 2936 πνεύματι·
2624 2829 2664 2907 ὃ
2699 2827 2803 2929 μὴ
2840 2827 3043 2913 εἰδὼς

645 2951 686 3033 ὃ
724 2951 890 3059 φῂς,
929 2951 1082 3038 πῶς
1118 2954 1242 3060 ἐρεῖ
1271 2955 1348 3034 τί
1381 2953 1590 3059 Ἀμῆν
1627 2954 1741 3033 ἐπὶ
1783 2961 1855 3063 τῇ
1902 2947 2046 3062 ἰδίᾳ.
2084 2954 2524 3064 εὐχαριστίας
2585 2952 2879 3055 δράσεις
2911 2952 3044 3050 μὲν
3069 2990 3145 3029 20

645 3075 788 3180 γὰρ
821 3078 1051 3178 ὀρθῶς
1086 3075 1318 3174 αὐτὸς,
1359 3073 1543 3154 κατά
1576 3109 1658 3176 γε
1696 3073 1824 3155 τὸν
1861 3074 2110 3155 ἐνόντα
2146 3110 2271 3156 σοι
2309 3084 2493 3173 νοῦν,
2521 3076 2720 3175 πλὴν
2756 3085 2787 3157 ὁ
2830 3076 3041 3185 ἕτερος

646 3205 761 3280 οὐκ
822 3195 1289 3306 οἰκοδομεῖται.
1373 3202 1486 3278 δεῖ
1532 3196 1608 3278 δὲ
1666 3197 1753 3296 δὴ
1803 3198 2044 3279 ποῖντα
2097 3199 2543 3302 προῖττεσθαι
2597 3198 2779 3303 πρὸς
2837 3200 3043 3298 ἡμῶν

642 3330 738 3407 εἷς
776 3322 1153 3423 οἶκοδομὴν
1188 3327 1303 3403 καὶ
1343 3328 1438 3406 εἷς
1476 3323 1731 3422 ὄνησιν
1768 3325 2134 3427 ἀδελφῶν.

711 3585 764 3639 3.
806 3567 919 3623 luc.
946 3567 1069 3623 ὅταν
1089 3569 1185 3638 μὲν
1206 3570 1307 3638 γάρ
1330 3569 1500 3638 φησιν
1527 3569 1601 3624 H.
1708 3554 1891 3625 λαλὲἱς
1914 3571 1982 3623 A.
2210 3589 2261 3637 4.
2297 3573 2359 3640 τῇ
2386 3587 2494 3624 om.
2525 3568 2600 3625 H.
2711 3570 3040 3643 εῙ-φωνὴν]

639 3638 799 3712 ἆγνοῆ
822 3640 916 3707 τὴν
940 3639 1040 3709 σὴν
1063 3640 1243 3709 φωνὴν
1270 3640 1343 3695 Η.
1517 3653 1569 3706 5.
1608 3639 1665 3694 ἐν
1687 3657 1797 3695 om.
1825 3639 1900 3694 Η.
2080 3639 2201 3712 6-9.
2239 3640 2537 3711 ὅτι-φωνῇ
2564 3649 2845 3711 assumpta
2867 3659 2935 3695 ex
2965 3643 3041 3698 H.

644 3726 728 3766 10.
764 3712 825 3763 τὸ
850 3711 1035 3764 δοκοῦν
1057 3710 1318 3764 ἐλλείπειν
1341 3718 1462 3764 ante
1485 3713 1547 3778 τῇ
1571 3716 1674 3764 τῶν
1697 3711 1998 3780 transponit
2024 3710 2098 3764 H.
2403 3729 2424 3765 1
2439 3728 2483 3766 1.
2520 3712 2673 3765 οἱονεὶ
2697 3712 2772 3766 Η.
2797 3710 2912 3767 οἷον
2937 3712 3042 3766 Ed.

646 3797 727 3834 12.
765 3781 821 3834 ἐν
851 3789 1187 3851 assumptum
1226 3798 1291 3834 ex
1330 3780 1405 3834 H.
1443 3781 1537 3851 qui
1570 3780 1917 3852 παραδέχοιτο
1954 3783 2086 3838 Θεὸς
2109 3782 2176 3838 ὥς
2200 3781 2255 3836 ἐν
2277 3782 2476 3851 ἕνότητι
2506 3781 2795 3850 πνεύματος
2826 3784 3042 3838 inverso

639 3851 825 3905 ordine
849 3851 1080 3906 exhibet.
1288 3868 1477 3922 13—23.
1515 3855 1627 3907 ταῖς
1649 3852 2069 3922 γὰρ-ἀδελφῶν
2093 3862 2371 3921 assumpta
2392 3871 2458 3907 ex
2485 3852 2559 3905 H.
2759 3870 2849 3924 23.
2887 3855 3042 3908 ἀδελ-

639 3920 783 3993 φῶν]
814 3922 943 3976 Post
967 3922 1097 3975 haec
1131 3922 1325 3993 partim
1349 3923 1436 3990 (ut
1460 3922 1617 3990 solet)
1641 3924 1830 3992 repetit
1864 3923 1934 3977 σὺ
1964 3922 2059 3990 μὲν
2080 3924 2180 3993 γὰρ
2206 3926 2235 3975 ὁ
2246 3926 2485 4012 ’γλώσσῃ
2508 3925 2688 3977 λαλῶν
2709 3926 2991 3980 τουτέστιν
3011 3925 3042 3978 ὁ

639 3993 870 4063 εὐλογῶν
891 3992 1138 4061 πνεύματι
1173 3992 1338 4061 ὀρθῶς
1359 3994 1525 4048 ποιεῖς
1548 3992 1678 4046 κατὰ
1707 3995 1797 4047 τὸν
1821 3993 1920 4048 σὸν
1942 3996 2080 4057 νοῦν,
2105 3996 2135 4045 ὁ
2159 3994 2216 4046 δὲ
2240 4015 2416 4064 ετερος
2438 3994 2529 4048 οὐκ
2553 3994 2927 4064 οἰκοδομεῖται.
2965 3995 3044 4049 δεῖ

639 4063 696 4117 δὲ
720 4064 885 4118 πάντα
907 4063 1227 4134 πράττεσθαι
1252 4063 1325 4119 εἷς
1347 4062 1525 4132 ὄνησιν
1547 4064 1632 4116 καὶ
1655 4063 1930 4133 οἰκοδομὴν
1949 4069 2052 4120 τῶν
2072 4063 2319 4135 ἀδελφῶν
2347 4063 2422 4118 Η.
