3269 5166
864 320 1232 387 CONTRA
1292 319 1995 385 SYNOUSIASTAS.
2506 324 2636 385 48⁹7

224 481 360 582 μὲν
435 483 562 563 οὖν
633 482 1045 589 ἀπεφάνθαι
1122 488 1354 591 φασὶν
1429 482 1647 565 αὐτὸν
1718 488 1972 566 ἑαυτοῦ
2048 484 2438 585 κρείττονα,
2505 482 2637 583 τὴν

226 606 495 705 ἀμείνω
530 611 793 715 ψῆφον
835 608 1327 707 ἐκνενομίκασι
1377 614 1467 714 τῇ
1503 610 1724 713 σαρκὶ
1772 611 1857 688 δι’
1899 606 1991 708 ἢν
2027 611 2143 688 ἐπὶ
2184 605 2269 688 τὸ
2308 610 2628 709 ὑπερκεί-

225 764 446 828 μενον
484 730 958 831 ἀναπηδήσας
1009 732 1279 836 ὁρᾶται.
1347 738 1406 811 εἶ
1456 731 1532 811 δὲ
1582 740 1796 812 τοῦτο
1835 730 1965 830 μὲν
2003 733 2181 835 οὐχὶ,
2220 732 2639 811 καθίκεσθαι

227 851 309 932 δὲ
364 860 657 952 μᾶλλον
711 857 826 935 ἐπὶ
880 853 964 936 τὸ
1021 861 1239 953 μεῖον,
1300 856 1641 956 ἠδίκησεν
1695 855 1837 960 ἄρα
1891 858 2007 935 καὶ
2063 853 2280 934 αὑτὸν
2334 854 2378 953 ἡ
2436 853 2643 961 σὰρξ

166 1001 203 1060 5
229 975 421 1056 καθὰ
487 981 606 1057 καὶ
669 975 854 1078 ἡμᾶς
920 978 1197 1076 αὐτοὺς,
1264 980 1492 1059 καίτοι
1555 979 1871 1059 καθεῖναί
1928 984 2168 1083 φαμεν
2232 978 2484 1058 ἑαυτὸν
2542 983 2637 1061 εἶς

231 1099 544 1180 κένωσιν
598 1102 717 1181 καὶ
777 1101 910 1201 τὴν
966 1104 1122 1182 καθ’
1180 1103 1365 1201 ἡμᾶς
1421 1102 1767 1199 ὁμοίωσιν
1826 1104 2157 1183 ὑπελθεῖν
2212 1103 2345 1205 οὐχ
2398 1101 2515 1180 ἵνα
2568 1134 2640 1180 τι

229 1220 489 1304 παθὼν
543 1224 755 1309 αὐτὸς
809 1231 907 1309 εἷς
958 1226 1146 1306 ἰδίαν
1192 1228 1421 1334 ὁρῷτο
1477 1227 1726 1332 φύσιν,
1766 1226 1937 1305 ἀλλ’
1976 1225 2061 1304 ἵν’
2104 1225 2288 1323 ἡμᾶς
2341 1223 2507 1309 τοὺς
2561 1228 2638 1304 ἐν

234 1351 455 1450 σαρκὶ
511 1352 628 1428 καὶ
684 1350 927 1449 αἵματι
975 1349 1248 1452 σαρκὸς
1303 1349 1648 1454 ἀποφήνῃ
1701 1352 2098 1453 κρείττονας
2155 1352 2272 1426 καὶ
2326 1355 2473 1427 τῶν
2510 1353 2638 1447 τῆς

236 1472 788 1574 ἀνθρωπότητος
826 1473 1104 1576 με’τρων
1146 1473 1464 1553 ἐπέκεινα
1512 1480 1607 1558 εἷς
1659 1473 1846 1557 υἱοὺς
1902 1472 2242 1577 ἀποφήνῃ
2281 1476 2500 1551 Θεοῦ.
2577 1476 2638 1550 εἰ

136 1625 213 1667 10
236 1593 313 1674 δὲ
384 1595 572 1676 καθά
638 1603 871 1702 φασιν
934 1603 1000 1676 οἱ
1063 1596 1610 1700 διεστραμμένοι
1683 1597 2164 1700 συγκέκραται
2227 1600 2318 1700 τῇ
2381 1597 2630 1697 σαρκὶ,

234 1723 690 1824 παρενεχθεὶς
765 1726 860 1804 εἰς
937 1719 1110 1825 ὅπερ
1183 1722 1310 1801 οὐκ
1369 1719 1480 1821 ἦν,
1545 1727 1699 1806 πῶς
1763 1723 1891 1801 οὐκ
1957 1720 2346 1820 ἠδικῆσθαί
2403 1724 2637 1826 φασιν

234 1840 455 1922 αὑτὸν
493 1844 775 1943 ἐννοεῖν,
814 1846 941 1924 οὐκ
978 1844 1163 1950 ἔχων
1200 1844 1388 1949 τάχα
1443 1880 1587 1925 που
1642 1849 1759 1924 καὶ
1806 1842 1982 1924 αὐτὸ
2019 1840 2103 1923 τὸ
2153 1841 2330 1923 εἶναι
2385 1842 2634 1948 μορφὴ

1341 1972 1364 2000 ἱ

233 1976 366 2047 τοῦ
426 1966 769 2070 Πατρός;
861 1970 1066 2048 εἰκών
1116 2004 1193 2049 τε
1251 2004 1368 2048 και
1441 1980 1486 2017 “
1528 1967 1896 2076 χαρακτὴρ
1960 1972 2088 2067 τῆς
2165 1967 2636 2051 ὑποστάσεως
2660 2001 2797 2051 Heb.
2817 2000 2855 2051 i.
2880 2016 2927 2065 3.

236 2101 281 2139 ‘⁴
318 2091 586 2172 αὑτοῦ”
638 2091 1240 2193 προσαποβαλὼν
1290 2093 1709 2195 εὑρίσκεται,
1750 2094 1865 2171 καὶ
1912 2093 1987 2171 ἐν
2025 2088 2306 2190 ἰσότητι
2342 2089 2472 2190 μὲν
2509 2091 2638 2171 οὐκ

138 2245 211 2307 15
237 2213 339 2294 ἔτι
393 2220 485 2319 τῇ
517 2212 702 2319 πρὸς
757 2214 992 2314 αὑτὸν,
1041 2218 1118 2296 ἐν
1175 2216 1427 2322 ὑφέσει
1486 2216 1561 2297 δὲ
1623 2223 1917 2316 μᾶλλον
1972 2217 2090 2295 καὶ
2146 2217 2637 2323 ὑποβιβασμῷ

237 2337 530 2446 φύσεώς
563 2372 640 2418 τε
674 2340 791 2418 καὶ
828 2336 1068 2445 δόξης.

1379 2521 1494 2605 ια’.

335 2700 493 2783 Ἢν
527 2702 660 2802 μὲν
686 2703 811 2783 οὖν
831 2702 1157 2809 χαλεπὸν
1187 2701 1408 2801 οὐδὲν,
1435 2703 1753 2783 πλεῖστά
1775 2738 1851 2782 τε
1882 2702 2027 2784 ὅσα
2064 2708 2181 2783 καὶ
2217 2706 2462 2809 ἀπηχῆ
2489 2709 2638 2787 τοῖς

235 2827 620 2929 εἰρημένοις
642 2828 1063 2929 ἐπενεγκεῖν·
1124 2829 1384 2932 χρῆναι
1409 2825 1483 2906 δὲ
1521 2823 1715 2926 οἶμαι
1741 2833 1886 2906 τῶν
1916 2833 2008 2910 εἷς
2033 2827 2334 2907 ἀτοπίαν
2354 2830 2638 2906 ε’ννοιῶν

136 2980 214 3021 ²0
237 2951 735 3058 ἀποφέρεσθαι
780 2956 1045 3058 φιλεῖν.
1123 2951 1595 3053 παραιτητέον
1649 2951 1774 3030 οὖν
1829 2951 1968 3052 ἄρα
2018 2949 2150 3050 τὴν
2206 2949 2637 3051 σύγκρασιν,

236 3071 752 3176 παρελάσομεν
788 3073 930 3175 γὰρ
980 3074 1165 3153 οὕτω
1202 3075 1320 3153 καὶ
1365 3072 1458 3153 τὰ
1501 3076 1816 3153 ἐντεῦθεν
1851 3067 2133 3173 βλάβη.
2212 3070 2633 3174 παρεισκρί-

240 3231 433 3277 νεται
460 3196 550 3276 δέ
565 3230 674 3282 τις
701 3201 817 3277 καὶ
845 3196 1078 3298 ἕτερος
1116 3198 1373 3297 αὐτοῖς,
1402 3195 1592 3277 καθά
1618 3203 1872 3302 φησιν,
1895 3201 2056 3299 περὶ
2088 3192 2359 3276 τούτων
2386 3192 2632 3297 λόγος.

237 3321 278 3401 ὃ
335 3328 479 3425 γάρ
534 3355 643 3401 τοι
700 3319 1082 3404 θεσπέσιος
1123 3326 1421 3405 Παῦλος
1478 3321 1873 3424 εὑρίσκεται
1924 3318 2309 3425 γεγραφώς
2352 3329 2396 3367 “
2424 3325 2514 3399 Ei
2566 3316 2640 3398 δὲ
2669 3324 2888 3441 {Gom-V·

238 3455 283 3491 ‘⁴
318 3447 436 3524 καὶ
474 3444 881 3546 ἐγνώκαμεν
909 3443 1091 3524 κατὰ
1128 3443 1370 3548 σάρκα
1396 3443 1728 3548 Χριστὸν
1766 3442 1968 3524 ἀλλὰ
2001 3452 2127 3523 νῦν
2163 3443 2391 3523 οὐκέτι
2427 3444 2635 3546 γινῶ-
2732 3427 2748 3443 ’

136 3585 215 3647 ²5
239 3576 285 3614 “
319 3569 662 3667 σκομεν.”
733 3569 986 3648 οὐκοῦν
1040 3575 1101 3647 εἱ
1155 3566 1255 3669 μὴ
1312 3569 1494 3648 κατὰ
1550 3566 1793 3670 σάρκα
1848 3564 2180 3671 Χριστὸν
2230 3565 2637 3670 γινώσκετε,

240 3692 495 3795 φασὶν,
553 3689 1041 3798 μεταβάλλειν
1120 3690 1396 3794 ἀνάγκη
1479 3690 1611 3792 τὴν
1684 3692 1928 3796 σάρκα
2008 3692 2268 3793 λε’γειν,
2345 3695 2441 3775 ὡς
2509 3691 2641 3791 τὴν

238 3815 491 3894 ἑαυτοῦ
545 3823 675 3895 τοῦ
731 3814 979 3921 Λόγου
1034 3815 1264 3919 φύσιν
1318 3812 1492 3896 εἶναι
1547 3820 1643 3899 ὡς
1683 3816 1872 3899 Θεὸς
1927 3815 2378 3918 γινώσκεται.
2459 3814 2639 3923 φαίη

237 3940 298 4017 δ’
341 3934 432 4017 ἀν
468 3935 671 4036 οἶμαί
700 3973 806 4023 τις
843 3938 1027 4042 πρὸς
1076 3948 1289 4019 τοῦτο
1323 3938 1529 4024 εὐθύς
1552 3937 1724 4041 'Ap’
1766 3940 1892 4019 οὖν
1927 3939 2134 4036 ἡνίκα
2183 3936 2273 4018 ἂν
2310 3937 2491 4044 λε’γῃ
2526 3943 2642 4018 καὶ

235 4065 400 4163 περὶ
444 4062 645 4161 ἡμῶν
699 4072 745 4109 “
776 4067 875 4142 Oi
927 4061 1003 4142 δὲ
1048 4064 1125 4142 ἐν
1161 4065 1378 4165 σαρκὶ
1416 4061 1613 4147 ὄντες
1652 4067 1822 4169 Θεῷ
1860 4061 2114 4164 ἀρέσαι
2154 4062 2238 4141 οὐ
2275 4061 2632 4141 δύνανται·
2664 4086 2936 4137 Romani.

130 4220 214 4279 30
239 4195 283 4233 “
325 4187 521 4285 ὑμεῖς
575 4187 651 4267 δὲ
706 4187 835 4266 οὑκ
885 4185 1051 4267 ε’στὲ
1102 4188 1179 4266 ἐν
1223 4188 1462 4288 σαρκὶ,
1501 4186 1674 4265 ἀλλ’
1735 4188 1810 4264 ἐν
1863 4184 2273 4284 πνεύματι,”
2331 4184 2642 4287 γυμνοὺς
2665 4152 2714 4215 8³
2739 4167 2790 4219 ⁹⁹

308 4431 362 4479 4.
401 4410 461 4466 δι’
484 4428 593 4466 om.
620 4429 668 4466 c.
817 4426 901 4465 10.
937 4411 1108 4481 φασιν
1130 4409 1424 4466 emendavi.
1447 4414 1618 4481 φησιν
1639 4409 1745 4464 b.c.
1893 4428 1915 4465 1
1931 4427 1975 4464 1.
2011 4410 2344 4480 παρενεχθεὶς
2367 4410 2439 4465 εἷς
2462 4425 2643 4463 emen-

235 4481 379 4538 davi.
402 4482 813 4553 παρενεχθείσης
837 4481 946 4536 b.o.
1060 4481 1143 4535 18.
1167 4485 1261 4536 τοῦ
1283 4482 1440 4537 αὐτοῦ
1464 4481 1521 4536 ἐκ
1543 4484 1637 4535 τοῦ
1661 4481 1817 4535 αὐτοῦ
1839 4483 2004 4551 λόγου
2027 4481 2128 4538 b.c.
2239 4497 2324 4534 21.
2355 4479 2570 4533 ἐνταῦθα
2594 4494 2641 4532 c-

234 4552 603 4625 παρακρίνεται
626 4570 674 4608 c.
837 4568 921 4606 22.
961 4553 1101 4623 φασι
1125 4551 1180 4608 b.
1341 4567 1426 4619 25.
1463 4550 1771 4624 γινώσκετε]
1798 4552 1872 4606 ita
1894 4551 2000 4608 b.c.
2166 4550 2250 4607 26.
2287 4548 2381 4621 ὡς]
2406 4548 2480 4605 εἷς
2503 4548 2606 4603 b.c.
