3269 5166
230 344 369 412 xix.
396 358 634 433 32-37.
799 334 914 409 ΪΝ
975 344 1041 411 S.
1090 344 1132 408 J
1143 342 1605 409 OANNEM.
1698 342 1889 408 LIB.
1938 344 2098 409 XII.
2530 343 2658 410 103

343 515 455 580 καὶ
503 510 760 581 ἐκεῖνος
812 507 990 580 οἶδεν
1027 514 1129 580 ὅτι
1183 513 1400 579 ἀληθῆ
1454 514 1649 593 λὲΓει,
1684 512 1793 578 ἴνα
1850 514 1958 579 καὶ
2010 508 2193 592 ὑμεῖς
2246 513 2654 582 πιστεύσητε.

341 641 604 715 ἒΓὲνετο
648 640 772 732 τὰρ
825 645 1055 722 ταῦτα,
1090 639 1197 706 ἵνα
1240 646 1565 731 πληρωθῇ
1616 639 1656 705 ι-ἰ
1698 639 1915 728 Γραφι-ἰ
1966 639 2249 707 Ὀστοῦν
2287 639 2363 703 οὐ
2405 661 2658 728 συντρι-
2685 653 2763 727 36

346 767 614 846 βήσεται
673 766 778 832 ἀπ’
846 766 1070 832 αὐτοῦ.
1142 765 1251 831 καὶ
1305 767 1504 831 πάλιν
1562 764 1764 855 ἑτέρα
1823 764 2042 855 Γραφὴ
2105 768 2281 841 λὲΓει
2327 750 2759 845 Ὄψονται37

345 890 443 960 εἰσ
494 894 570 960 ὃν
623 892 1081 962 ἐξεκέντησαν.

164 1060 205 1121 5
358 1037 518 1139 Τὴν
554 1046 701 1119 τῶν
733 1041 1099 1120 Ἰουδαίων
1143 1041 1734 1144 ἀποπληροῦντες
1781 1039 2071 1141 αἴτησιν
2107 1043 2175 1120 οὶ
2206 1039 2495 1144 γείτονα
2532 1044 2659 1140 τῆς
2683 1061 2728 1126 b

235 1162 549 1264 ἐνούσης
602 1164 840 1249 αὐτοῖς
895 1162 1261 1265 ὠμότητος
1318 1171 1700 1246 νοσοῦντες
1764 1165 2049 1264 μανίαν,
2103 1164 2270 1250 τοῦς
2327 1166 2660 1246 Πιλάτου

239 1286 322 1368 δὲ
377 1291 605 1388 δῆλον
648 1288 1100 1391 στρατιώτας
1152 1286 1413 1394 φαμὲν,
1449 1294 1597 1368 τῶν
1651 1285 1784 1388 μὲν
1840 1287 1970 1369 δύο
2026 1296 2349 1395 λῃστῶν,
2388 1286 2514 1371 ἅτε
2570 1289 2659 1392 δὴ

241 1414 365 1492 καὶ
425 1413 504 1491 ἐν
567 1409 791 1514 ζῶσιν
849 1411 953 1493 ἔτι
1009 1410 1619 1511 κατειλημμένων,
1675 1410 1770 1493 ra
1829 1407 2043 1507 σκέλη
2100 1413 2660 1519 συνθραύουσιν,

240 1534 591 1644 ὀξυτέραν
627 1537 867 1620 αὐτοῖς
911 1540 1041 1636 τῆς
1083 1535 1483 1637 ἀνηκέστου
1519 1542 1911 1645 συμφορᾶς
1944 1535 2255 1622 τιθέντες
2286 1537 2419 1639 τὴν
2456 1542 2658 1621 ἀπει-

124 1693 207 1734 10
243 1661 413 1761 λὴν,
450 1665 569 1741 καὶ
604 1659 857 1765 ὥσπερ
891 1661 979 1768 ἐξ
1014 1657 1331 1763 ἀνάγκης
1364 1659 1503 1761 ἤδη
1541 1663 2129 1766 δυσαχθεστέρας
2166 1668 2659 1748 συνωθοῦντες

241 1791 348 1869 εἷς
411 1782 744 1867 θάνατον.
844 1784 1340 1867 ἀποκλίναντα
1415 1783 1490 1865 δὲ
1555 1784 1688 1885 τὴν
1747 1783 2074 1892 κεφαλὴν
2136 1787 2456 1890 εὑρόντες
2530 1786 2658 1869 τὸν

240 1912 557 2009 Ἰησοῦν,
623 1908 1184 1991 ἀποπνεύσαντά
1255 1943 1333 1989 τε
1407 1908 1546 2010 ἤδη
1614 1909 2154 2017 κατειληφότες,
2223 1917 2484 1993 εἰκαῖον
2553 1913 2658 1993 ἔτι

242 2032 614 2136 νομίζὸυσι
662 2033 748 2114 τὸ
785 2039 1240 2138 συνθραῦσαι
1277 2032 1373 2113 τέι
1407 2031 1648 2133 σκέλη,
1683 2033 1927 2140 βραχὺ
1963 2037 2052 2116 δέ
2075 2069 2147 2115 τι
2183 2038 2301 2116 καὶ
2338 2034 2653 2136 ἀπιστή-
2682 2069 2720 2114 ο

241 2192 531 2255 σαντες,
569 2161 668 2244 ὡς
716 2157 855 2259 ἤδη
912 2157 1261 2257 τεθνήκοι,
1300 2157 1533 2270 λὸγχη
1590 2156 2049 2239 διανύττουσι
2099 2196 2207 2254 την
2262 2159 2577 2265 πλευράν,
2615 2161 2661 2261 ἦ

131 2313 158 2354 1
173 2310 213 2370 5
245 2281 325 2363 δὲ
378 2280 815 2384 μεμιγμένον
854 2283 1054 2363 υδατι
1111 2281 1195 2362 τὸ
1253 2317 1450 2389 αιμα.
1502 2281 1867 2381 διέβλυσε,
1905 2287 2033 2382 τῆς
2068 2288 2423 2383 μυστικῆς
2458 2287 2665 2366 εὐλο-

246 2408 411 2510 γίας
468 2442 585 2487 και
619 2415 749 2488 τοῦ
794 2407 1003 2509 ἀγίον
1056 2407 1569 2506 βαπτίσματος
1617 2404 1853 2487 εἰκόνα
1889 2407 2006 2486 καὶ
2043 2405 2380 2512 ἀπαρχὴν
2415 2406 2667 2512 ὥσπερ

245 2528 413 2612 τινὰ
447 2531 838 2618 τιθεΗντος
796 2538 967 2633 ημῖν
1003 2538 1133 2612 τοῦ
1170 2536 1364 2612 Θεοῦ
1410 2530 1497 2612 τὸ
1553 2530 2053 2635 γεγενημένον.
2099 2535 2465 2636 Χριστοῦ
2520 2531 2666 2637 γὰρ

248 2655 478 2740 ὅντως
532 2658 692 2737 ἐστὶ
749 2659 867 2736 καὶ
919 2652 1121 2759 παρὰ
1157 2660 1493 2760 Χριστοῦ
1542 2653 1626 2737 τὸ
1679 2651 1887 2758 ἅγιον
1923 2655 2332 2756 βάπτισμα,
2372 2661 2489 2737 καὶ
2539 2663 2667 2759 τῆς

245 2785 605 2880 μυστικῆς
678 2780 1012 2883 εὐλογίας
1081 2778 1127 2880 ἦ
1194 2779 1490 2882 δύναμις
1559 2782 1638 2860 ἐκ
1712 2783 1840 2880 τῆς
1914 2780 2122 2883 ἁγίας
2195 2782 2364 2882 ἡμῖν
2437 2782 2667 2890 ἀνέφυ

136 2940 219 2981 20
248 2902 551 3007 σαρκός.

370 3033 778 3110 Πιστοῦται
831 3026 1060 3131 γεμὴν
1117 3028 1158 3107 5
1219 3025 1657 3135 σοφώτατος
1708 3026 2264 3131 Εὐαγγελιστὴς
2320 3025 2464 3108 ἀπὸ
2520 3035 2666 3108 τῶν

248 3150 831 3254 συμβεβηκότων
885 3151 1051 3238 τοῦς
1104 3150 1616 3255 ἀκροωμένους,
1655 3152 1768 3233 ὅτι
1802 3187 1941 3256 περ
1995 3151 2205 3237 αὐτὸς
2262 3151 2367 3254 εἴη
2404 3155 2445 3233 5
2485 3158 2665 3256 Χρι-

250 3274 456 3374 στὸς,
517 3278 560 3357 5
620 3273 852 3358 πάλαι
917 3274 1036 3357 διὰ
1091 3279 1219 3376 τῆς
1283 3277 1494 3379 ἁγίας
1553 3255 1846 3384 γραφῆς
1899 3276 2662 3383 προαναφωνούμενος
2689 3292 2734 3358 d

250 3398 553 3511 συνῳδὰ
606 3398 750 3504 γὰρ
804 3407 953 3485 τοῖς
1006 3401 1168 3504 περὶ
1205 3402 1424 3481 αὐτοῦ
1483 3399 1993 3506 γεγραμμένοις
2038 3400 2252 3509 ἐξέβη
2288 3400 2383 3484 τὰ
2415 3402 2660 3506 πράγ·

145 3555 224 3618 25
252 3560 473 3625 ματα.
555 3525 712 3605 οὔτε
768 3521 913 3627 γὰρ
949 3527 1170 3607 ὀστοῦν
1206 3526 1427 3605 αὑτοῦ
1474 3529 1888 3629 συνετρίβη,
1927 3527 2042 3606 καὶ
2099 3531 2189 3630 τῇ
2244 3533 2389 3607 τῶν
2424 3561 2657 3631 στρα·

252 3655 531 3731 τιωτῶν
585 3648 1001 3756 ἐξεκεντήθη
1058 3646 1321 3755 λόγχῃ,
1380 3647 1565 3730 κατὰ
1627 3648 1757 3733 τὰς
1817 3647 2129 3753 γραφάς.
2206 3648 2523 3752 ἐπόπτην
2589 3650 2667 3730 δὲ

254 3772 509 3875 ὥσπερ
544 3776 661 3853 καὶ
710 3773 979 3877 θεωρὸν
1014 3782 1143 3854 τοῦ
1176 3771 1602 3877 πράγματος
1661 3773 1881 3853 αὐτὸν
1935 3774 2271 3876 γενέσθαι
2310 3777 2501 3879 φησὶ
2536 3772 2665 3854 τὸν

254 3899 419 4000 περὶ
467 3903 614 3977 τῶν
656 3899 994 3979 τοιούτων
1036 3897 1603 4002 μαρτυρήσαντα
1656 3895 2006 3999 μαθητὴν,
2044 3898 2296 3978 εἰδέναι
2349 3933 2427 3980 τε
2482 3899 2668 3979 κατὰ

256 4020 626 4122 ἀλήθειαν,
685 4021 794 4102 ὅτι
859 4022 1357 4132 μεμαρτύρηκεν
1422 4024 1687 4124 ἀληθῆ,
1742 4018 1996 4103 ἑαυτὸν
2061 4025 2197 4103 κάν
2259 4022 2491 4131 τούτῳ
2549 4027 2668 4104 καὶ

148 4180 231 4240 30
257 4146 394 4252 οὐχ
453 4143 693 4250 ἔτερόν
749 4180 911 4227 τινα
966 4147 1369 4249 σημαίνων.
1469 4146 1951 4255 παρῃτήσατο
2024 4145 2168 4252 γὰρ
2225 4146 2666 4251 γυμνότερον

256 4275 499 4368 εἰπεῖν,
532 4268 667 4371 τὴν
701 4274 830 4371 τῆς
886 4270 1312 4379 φιλοδοξίας
1371 4268 1751 4379 ὑπόληψιν
1800 4274 1896 4356 ὡς
1953 4268 2251 4353 ἀνόσιόν
2302 4306 2372 4352 τι
2417 4276 2664 4379 χρῆμα
2686 4311 2722 4354 ε

256 4399 376 4476 καὶ
412 4391 638 4475 νόσον
674 4391 1247 4498 ἀποκρουόμενος
1284 4394 1416 4497 τὴν
1453 4394 1795 4502 ἐσχάτην.

334 4572 381 4612 1.
418 4554 503 4611 ἵνα
526 4555 670 4624 ὑμεῖς
693 4553 930 4623 (rubrica
980 4552 1157 4623 Fmg.
1464 4571 1517 4624 3.
1553 4554 1643 4611 ἀπ’
1669 4554 1799 4610 E.F.
1821 4558 1945 4626 παρ’
1973 4554 2078 4611 Ed.
2388 4570 2477 4610 22.
2512 4553 2588 4624 εἴη
2614 4563 2668 4608 et

256 4638 381 4684 ante
403 4635 459 4683 et
482 4635 608 4698 pont
629 4625 785 4684 αὐτὸς
806 4624 929 4682 exhi
1047 4623 1112 4680 Ε.
1544 4627 1631 4682 28.
1669 4624 1778 4682 κατ’
1804 4625 2011 4698 Migne.

2745 1810 2911 1876 Supra

2744 1894 2849 1928 ver.
2865 1890 2948 1941 30.
