3269 5166
608 329 740 393 274,
942 328 1021 392 B.
1068 328 1447 393 CYRILLI
1500 328 2032 393 ALEXANDR.
2090 328 2657 393 FRAGMENTA
2765 327 3004 393 vii.21.

309 423 561 490 [60M.]

612 510 894 584 σασθαι
958 504 1043 583 τὸ
1111 504 1350 603 κακὸν,
1416 515 2115 611 μεταστοιχειοῦντος
2190 506 2474 587 ἅπαντα
2531 503 2715 606 πρὸς
2781 502 2867 584 τὸ
2934 506 3014 582 ἐν

276 657 303 690 2
326 642 587 705 Cor-v·17·
612 629 862 731 ἀρχαῖς
904 636 1032 708 τοῦ
1070 635 1425 732 Χριστοῦ·
1507 629 1713 730 καινὴ
1758 631 1902 733 γὰρ
1941 632 2175 716 κτίσις
2210 629 2304 709 τὰ
2336 633 2413 710 ἐν
2452 631 2643 737 αὐτῷ
2697 631 2814 707 καὶ
2849 629 3012 706 οὔτε

277 774 386 824 Col.
413 775 483 823 iii.
510 787 585 823 ιι.
612 756 869 835 δοῦλος
936 753 1095 831 οὔτε
1170 763 1215 799 “
1250 750 1618 854 ἐλεύθερος
1678 753 1878 834 ἀλλὰ
1951 754 2042 835 τὰ
2100 753 2339 836 πάντα
2400 756 2516 834 καὶ
2579 755 2655 831 ἐν
2714 758 2946 831 πᾶσιν
2965 751 3010 776 ”

613 874 844 959 αὐτός.
909 879 1026 956 καὶ
1064 885 1238 979 γοῦν
1276 878 1317 955 5
1351 878 1671 961 Ἡσαΐας
1709 887 1837 957 τοῦ
1872 878 2476 982 προσδοκωμένου
2514 878 2629 956 καὶ
2668 883 2796 955 τοῦ
2829 870 3011 973 μὲλ-

612 1008 868 1082 λοντος
924 998 1222 1080 ἔσεσθαι
1275 1000 1440 1094 βίου
1487 999 1618 1100 τὴν
1670 1001 2122 1083 κατάστασιν
2170 1007 2287 1082 καὶ
2341 1000 2475 1100 τὴν
2518 999 2821 1099 ἰσότητα
2878 994 3014 1096 τὴν
3042 1022 3080 1081 5

276 1141 361 1190 Εε-
385 1140 521 1191 xxiv·
544 1156 589 1189 2·
612 1119 812 1223 παρὰ
856 1126 1024 1230 Θεῷ
1077 1122 1704 1227 προανακέκραγεν
1759 1127 1996 1227 λε’γων
2054 1138 2097 1174 “
2129 1129 2274 1205 Καὶ
2325 1124 2529 1205 ἔσται
2582 1125 2622 1202 5
2679 1120 2856 1206 λαὸς
2913 1125 3014 1206 ὦς

614 1255 658 1292 “
693 1246 733 1322 5
790 1244 1028 1347 ἱερεὺς,
1064 1251 1179 1326 καὶ
1236 1249 1275 1326 5
1330 1256 1498 1333 παῖς
1555 1251 1651 1333 ὡς
1708 1250 1748 1328 5
1793 1248 2050 1352 κύριος,
2099 1253 2218 1329 καὶ
2272 1245 2317 1348 ἦ
2374 1246 2767 1349 θεράπαινα
2821 1249 2919 1329 ὡς
2963 1246 3013 1345 ἦ

611 1378 655 1417 “
690 1370 957 1469 κυρία.”
1041 1372 1295 1449 οὐκοῦν
1358 1369 1492 1450 κᾶν
1548 1378 1609 1452 εὶ
1685 1371 1927 1452 δύναιό
2001 1381 2234 1477 φησιν
2295 1368 2613 1478 ἐλεύθερος
2677 1367 3012 1472 γενέσθαι,

610 1496 888 1599 μᾶλλον
923 1493 1192 1598 χρῆσαι·
1263 1497 1378 1574 καὶ
1414 1493 1556 1598 γάρ
1592 1499 1816 1593 ἐστιν,
1854 1500 1951 1579 ὡς
1985 1496 2188 1603 ἔφην,
2226 1496 2352 1574 οῦκ
2388 1491 2685 1594 ἀκερδὴς
2720 1494 2762 1571 5
2798 1489 3012 1593 ζυγὸς

612 1623 759 1701 τοῖς
808 1619 1046 1722 ἀγαθῇ
1104 1617 1556 1722 κεχρημένοις
1606 1620 1840 1727 εὐνοίᾳ
1885 1624 2000 1700 καὶ
2053 1622 2285 1721 ὀρθῶς
2319 1621 2395 1699 ἐν
2429 1619 2622 1725 αὐτῷ
2665 1621 3005 1716 διαγεγο-
3047 1656 3069 1695 ι
3085 1655 3128 1695 ο

614 1738 839 1821 νόσιν·
910 1740 1233 1841 ἀδικήσει
1288 1741 1364 1821 δὲ
1418 1741 1502 1821 τὸ
1541 1741 1843 1841 σύμπαν
1880 1742 2084 1824 οῦδὲν
2128 1741 2212 1822 τὸ
2270 1751 2396 1822 νῦν
2450 1745 2529 1821 ἐκ
2582 1741 3011 1846 πλεονεξίας

611 1865 1030 1971 ἐπεῤῥίφθαι
1078 1869 1228 1945 τισὶ
1271 1863 1402 1964 τὴν
1437 1865 1621 1946 κατὰ
1665 1866 1908 1970 σάρκα
1954 1866 2305 1963 δουλείαν,
2342 1865 2546 1945 ἔσται
2597 1862 2689 1944 ἂν
2732 1862 3012 1944 ἅπασιν

614 1989 691 2066 ἐν
726 1987 866 2094 'lo-cp
902 1987 1146 2097 τρόπῳ
1192 1992 1307 2069 καὶ
1353 1986 1555 2098 λόγῳ
1605 1991 1921 2093 σώζηται
1975 1988 2060 2070 τὸ
2109 1988 2480 2091 ἐλεύθερον
2521 1986 2722 2091 παρά
2768 2021 2852 2088 γε
2903 1992 3013 2093 τῷ

611 2108 706 2189 τὰ
766 2111 998 2191 δίκαια
1058 2112 1363 2216 κρίνοντι
1426 2115 1544 2193 καὶ
1602 2111 1697 2193 τὰ
1759 2114 1917 2193 καθ’
1985 2114 2170 2212 ἡμᾶς
2227 2114 2447 2197 ὁσίως
2504 2111 3011 2192 ταλαντεύοντι

615 2239 805 2342 Θεῷ.
886 2234 1135 2319 ἄλλως
1171 2271 1269 2333 τε,
1309 2241 1569 2343 φησὶν,
1612 2238 1742 2317 οὐκ
1775 2234 1865 2316 ἂν
1900 2236 2006 2335 ε’ίη
2043 2243 2188 2317 τῶν
2223 2237 2695 2341 ἐνδεχομένων
2731 2234 3012 2338 ἀνθρώ-
3049 2269 3127 2328 ι5

610 2392 789 2441 πους
827 2356 1038 2443 ὄντας
1075 2360 1258 2459 ἡμᾶς
1293 2357 1378 2439 τὸ
1416 2364 1542 2459 τῆς
1581 2362 1906 2444 δουλείας
1942 2358 2169 2460 ὄνομα
2205 2368 2486 2464 φυγεῖν·
2566 2363 2827 2438 δοῦλον
2863 2356 3011 2461 γὰρ

615 2480 808 2561 ἅπαν
843 2484 1002 2561 ε’στὶ
1055 2481 1137 2563 τὸ
1192 2483 1665 2583 πεποιημένον
1701 2487 1819 2564 καὶ
1869 2491 2017 2568 τοῖς
2055 2486 2266 2569 θείοις
2303 2482 2732 2590 ὖποφέρεται
2766 2481 3013 2581 σκήπ-

614 2640 805 2709 τροις
860 2615 1009 2688 πᾶν
1064 2607 1238 2710 ὅπερ
1291 2611 1448 2687 ἐστὶ
1508 2608 1942 2709 κεκλημένον
2000 2614 2097 2693 εἷς
2156 2608 2464 2710 γε’νεσιν·
2543 2607 2732 2686 ὥστε
2788 2611 2907 2687 καὶ
2967 2609 3012 2686 5

382 2727 845 2819 γ<’1··”·δ“οἱῖλος
901 2731 1415 2839 ἀπελεύθερὸς’
1387 2767 1527 2812 εστι
1587 2737 1940 2834 Χριστοῦ,
2001 2728 2237 2819 δοῦλος
2300 2731 2374 2811 δὲ
2433 2731 2720 2813 πάντως
2783 2734 2899 2811 καὶ
2967 2733 3012 2809 5

2688 2865 2732 2901 cc
2761 2853 2798 2884 θ

277 2879 363 2929 Ρει.
385 2878 553 2929 cxviii·
616 2858 1043 2958 κεκλημενος
1098 2862 1196 2942 εἶς
1249 2857 1673 2959 ἐλευθερίαν,
1723 2854 1912 2937 καθά
1966 2862 2196 2963 φησιν
2242 2857 2282 2935 5
2330 2854 2631 2960 ψαλμός
2757 2890 2869 2935 οτι
2914 2855 3014 2936 τὰ
3047 2895 3131 2935 20

278 2959 361 3011 91.

1480 2982 1566 3012 l„

617 2983 1098 3085 “odfin-awa
1135 2989 1363 3064 δοῦλα
1396 3019 1523 3064 σα.

395 3130 473 3184 61
496 3127 593 3185 Π.
727 3106 1153 3216 Ἀποφαίνει
1206 3106 1434 3209 γεμὴν
1472 3109 1512 3188 5
1561 3107 2045 3212 μυσταγωγὸς
2089 3111 2206 3189 καὶ
2250 3111 2417 3189 καθ’
2460 3109 2697 3210 ἕτερον
2740 3105 3014 3212 τρόπον

617 3233 1156 3337 ὠφελουμένους
1193 3237 1496 3338 Χριστῷ
1549 3232 1716 3317 τοῦς
1772 3232 1858 3311 δι’
1916 3233 2134 3314 αὐτὸν
2186 3231 2719 3328 σεσωσμένους·
2780 3232 3014 3338 ταύτῃ

383 3394 487 3429 ver.
514 3391 592 3441 23-
615 3357 734 3436 τοί
799 3362 990 3463 φησι
1064 3354 1279 3462 Τιμῆς
1362 3354 1779 3463 ἠγοράσθητε,
1854 3353 1950 3461 pe),
2022 3355 2275 3460 γίνεσθε
2355 3350 2571 3436 δοῦλοι
2647 3353 3011 3463 ἀνθρώπων·

611 3478 1081 3583 ἠγοράσμεθα
1132 3477 1262 3577 μὲν
1312 3478 1453 3582 γὰρ
1491 3483 1697 3577 τιμῆς
1749 3481 2339 3581 ὁμολογουμένως
2393 3476 2781 3563 τεθεικότος
2831 3478 3013 3582 ὑπὲρ
3043 3519 3074 3557 2
3087 3515 3130 3576 5

689 3673 737 3712 1.
773 3655 999 3728 ἅπαντα]
1033 3663 1090 3721 -Ι-
1120 3657 1247 3712 κατὰ
1268 3658 1360 3711 τὸν
1381 3657 1537 3711 αἷῶνα
1560 3657 1653 3711 τὸν
1673 3655 1933 3727 με’λλοντα
1958 3656 2061 3712 Ed.
2248 3674 2298 3712 2.
2335 3659 2566 3725 Χριστοῦ
2595 3655 2669 3710 Η.
2696 3657 2875 3726 κυρίου
2902 3655 3013 3712 Ed.

615 3727 736 3783 2-6.
777 3727 926 3783 Haec
950 3726 1229 3795 καινὴ-λ’
1263 3750 1333 3781 ων
1350 3736 1686 3782 accesserunt
1709 3745 1773 3781 ex
1796 3727 1872 3781 H.
1897 3726 2178 3796 ἐλευθέραν
2197 3729 2300 3816 γὰρ
2330 3728 2426 3796 τὴν
2455 3726 2676 3797 φύσιν’
2647 3750 2677 3781 ο
2701 3727 3017 3797 δημιουργὸς

612 3798 899 3867 πεποίηται·
938 3798 1021 3851 καὶ
1044 3797 1205 3853 οὕτως
1255 3820 1376 3852 σται
1400 3799 1469 3854 ὣς
1490 3798 1627 3867 ἔφην
1650 3798 1776 3853 κατὰ
1799 3800 1888 3853 τὸν
1910 3798 2065 3852 alsam
2088 3800 2181 3853 τὸν
2203 3797 2465 3866 μέλλοντα
2495 3796 2595 3851 Ed.
2739 3797 2794 3851 8.
2831 3797 3011 3869 κυρία]

621 3875 680 3932 -Ι-
710 3870 838 3923 κατὰ
859 3869 953 3938 τὴν
973 3865 1198 3923 Ἡσαΐου
1220 3869 1542 3960 προφητείαν
1567 3867 1670 3922 Ed.
1850 3882 2038 3939 1.1-15
2080 3821 2266 3924 Haoem
2250 3867 2671 3960 ἀδικήσει-Θεῷ
2698 3867 2856 3922 nobie
2880 3886 3014 3937 eup-

613 3937 839 4028 peditat
844 3938 915 3992 H.
1066 3955 1149 3993 12.
1185 3936 1384 3993 ἔσται
1358 3961 1421 3992 αν
1446 3937 1581 3992 eod.
1611 3937 1925 4010 Legendum
1951 3948 2013 3993 ut
2035 3939 2145 3992 vid.
2170 3938 2281 3994 ἔστ’
2306 3937 2384 3993 ἂν.
2533 3951 2614 4008 17,
2640 3938 2722 3992 18.
2753 3937 2904 3992 Haec
2927 3939 3016 3992 καὶ

615 4008 865 4064 τοῖς-εἷς
887 4007 1093 4079 γένεσιν
1117 4018 1452 4063 accesserunt
1476 4026 1540 4062 ex
1570 4008 1644 4064 H.
1816 4026 1899 4081 19.
1936 4011 1966 4062 ὁ
1988 4018 2128 4063 recte
2155 4008 2257 4064 Ed.
2282 4010 2342 4063 οὗ
2371 4008 2447 4063 H.
2592 4023 2678 4063 20.
2713 4008 3018 4077 ἐλευθερίαν

616 4078 812 4133 desinit
839 4078 912 4131 H.
987 4078 1162 4133 Verba
1188 4079 1375 4133 ultima
1399 4078 1591 4134 retinui
1615 4098 1681 4134 ex
1707 4078 1811 4134 Ed.
1974 4096 2060 4134 22.
2099 4079 2352 4134 Scholion
2379 4077 2524 4150 quod
2550 4079 2793 4132 suitur
2815 4095 2881 4132 ex
2908 4077 3014 4133 Ed.

619 4162 704 4219 25.
744 4148 929 4203 Paullo
953 4149 1101 4203 aliter
1128 4149 1201 4203 H.
1213 4147 1588 4238 a{wamia-Omna!
1610 4154 1683 4224 τῷ
1706 4150 1856 4221 τιμίῳ
1879 4148 2051 4216 αἵματι
2086 4153 2180 4204 τοῦ
2202 4153 2453 4218 Χριστοῦ,
2478 4150 2561 4203 καὶ
2579 4096 2888 4216 θεξὲνιρριήιεθα
2921 4152 3015 4217 τῆς

616 4223 709 4275 τοῦ
746 4220 995 4282 διαβόλου
1042 4221 1125 4274 καὶ
1173 4225 1276 4274 τῶν
1310 4223 1739 4311 κοσμοκρατόρων
1780 4204 2098 4288 πλεονεξίας,
2134 4220 2550 4311 ἀπονιψάμενοι
2555 4222 2646 4273 τὸν
2679 4221 2772 4286 τῆς
2809 4219 3014 4273 ἐκείνων

618 4293 920 4359 σκαιότητος
949 4289 1130 4359 ῥύπον,
1159 4312 1237 4344 και
1266 4291 1536 4358 κληθέντες
1566 4291 1639 4347 εἷς
1666 4291 1963 4360 ἐλευθερίαν
1988 4291 2071 4344 διὰ
2095 4295 2346 4362 Χριστοῦ.
2391 4291 2460 4346 ὣς
2484 4292 2556 4364 τῷ
2580 4288 2671 4343 οὖν
2692 4290 3014 4378 ἀγοράσαντι

615 4362 709 4431 τὴν
732 4362 924 4416 εαυτῶν
948 4362 1249 4450 ὀφείλοντες
1285 4362 1429 4429 ζωὴν,
1455 4362 1524 4430 μὴ
1556 4362 1783 4431 γίνεσθε,
1807 4363 1962 4431 φησὶ,
1989 4361 2170 4415 δοῦλοι
2201 4362 2497 4432 ανθρώπων·
2548 4383 2608 4414 ου
2637 4364 2793 4414 τοῦτο
2813 4359 3011 4448 λέγων,

614 4436 685 4503 μὴ
724 4433 991 4487 δουλεύετε
1029 4431 1274 4500 σαρκικὴν
1309 4431 1564 4495 δουλείαν,
1594 4432 1735 4486 ἀλλὰ
1761 4432 1829 4500 μὴ
1866 4430 2134 4486 δουλευετε
2167 4435 2278 4488 ταῖς
2311 4434 2535 4500 νομικαῖς
2566 4429 3012 4519 παρατηρῆσεσιν,

617 4502 946 4558 ἐπαινοῦσαις
973 4502 1250 4572 περιτομὴν
1275 4522 1356 4555 και
1380 4503 1439 4555 τὸ
1463 4507 1611 4556 τινῶν
1634 4502 1924 4572 ἆπεχεσθαι
1952 4504 2256 4592 βρωμάτων,
2281 4503 2419 4556 ἀλλὰ
2441 4505 2513 4573 τῷ
2539 4500 2907 4582 ἆγοράσαντι’
2882 4504 3014 4570 ημᾶς

616 4575 677 4628 οὐ
702 4575 971 4646 φθαρτοῖς,
995 4574 1143 4646 τιμίῳ
1169 4573 1225 4626 δε
1248 4574 1453 4641 μᾶλλον
1475 4570 1646 4643 αἵματι
1672 4596 1752 4627 και
1779 4576 1885 4629 τοῖς
1908 4573 2066 4628 αὐτοῦ
2088 4576 2263 4642 νόμοις
2286 4555 2671 4641 ὖποταττόμεθα
2699 4572 2843 4640 (sic).
