<?xml version="1.0" encoding="UTF-8"?>
<!DOCTYPE html PUBLIC "-//W3C//DTD XHTML 1.0 Transitional//EN"
    "http://www.w3.org/TR/xhtml1/DTD/xhtml1-transitional.dtd">
<html xmlns="http://www.w3.org/1999/xhtml" xml:lang="en" lang="en">
 <head>
  <title>
</title>
<meta http-equiv="Content-Type" content="text/html;charset=utf-8" />
  <meta name='ocr-system' content='tesseract 3.04.00' />
  <meta name='ocr-capabilities' content='ocr_page ocr_carea ocr_par ocr_line ocrx_word'/>
</head>
<body>
  <div class='ocr_page' id='page_1' title='image "./indjoannisevang00pusegoog_0131.png"; bbox 0 0 3269 5166; ppageno 0'>
   <div class='ocr_carea' id='block_1_1' title="bbox 214 356 2641 438">
    <p class='ocr_par' dir='ltr' id='par_1_1' title="bbox 214 356 2641 438">
     <span class='ocr_line' id='line_1_1' title="bbox 214 356 2641 438; baseline 0.002 -18"><span class='ocrx_word' id='word_1_1' title='bbox 214 378 326 420; x_wconf 83' lang='lat' dir='ltr'>xx.</span> <span class='ocrx_word' id='word_1_2' title='bbox 360 369 462 438; x_wconf 88' lang='lat'>17.</span> <span class='ocrx_word' id='word_1_3' title='bbox 809 357 926 423; x_wconf 86' lang='lat' dir='ltr'>IN</span> <span class='ocrx_word' id='word_1_4' title='bbox 989 360 1057 424; x_wconf 88' lang='lat' dir='ltr'>S.</span> <span class='ocrx_word' id='word_1_5' title='bbox 1105 356 1622 428; x_wconf 82' lang='lat' dir='ltr'><strong>JOANNEM.</strong></span> <span class='ocrx_word' id='word_1_6' title='bbox 1713 360 1908 427; x_wconf 88' lang='lat' dir='ltr'><strong>LIB.</strong></span> <span class='ocrx_word' id='word_1_7' title='bbox 1955 361 2117 428; x_wconf 90' lang='lat' dir='ltr'>XII.</span> <span class='ocrx_word' id='word_1_8' title='bbox 2513 359 2641 426; x_wconf 84' lang='lat'>11⁷</span> 
     </span>
    </p>
   </div>
   <div class='ocr_carea' id='block_1_2' title="bbox 112 524 2984 4364">
    <p class='ocr_par' dir='ltr' id='par_1_2' title="bbox 112 524 2984 4364">
     <span class='ocr_line' id='line_1_2' title="bbox 217 524 2701 639; baseline 0.003 -37"><span class='ocrx_word' id='word_1_9' title='bbox 217 558 389 630; x_wconf 76' lang='grc' dir='ltr'>προς</span> <span class='ocrx_word' id='word_1_10' title='bbox 445 558 549 602; x_wconf 82' lang='grc' dir='ltr'>τον</span> <span class='ocrx_word' id='word_1_11' title='bbox 608 525 685 603; x_wconf 91' lang='grc' dir='ltr'>ἐν</span> <span class='ocrx_word' id='word_1_12' title='bbox 730 532 880 610; x_wconf 90' lang='grc' dir='ltr'>τοῖς</span> <span class='ocrx_word' id='word_1_13' title='bbox 933 526 1257 629; x_wconf 79' lang='grc' dir='ltr'>οὐρανοῖς</span> <span class='ocrx_word' id='word_1_14' title='bbox 1314 526 1717 623; x_wconf 73' lang='grc' dir='ltr'>ἀναβέβηκε</span> <span class='ocrx_word' id='word_1_15' title='bbox 1779 528 2078 639; x_wconf 76' lang='grc' dir='ltr'>Πατεροι,</span> <span class='ocrx_word' id='word_1_16' title='bbox 2129 524 2503 635; x_wconf 84' lang='grc' dir='ltr'>πρόφασις</span> <span class='ocrx_word' id='word_1_17' title='bbox 2565 525 2641 606; x_wconf 78' lang='grc' dir='ltr'>δὲ</span> <span class='ocrx_word' id='word_1_18' title='bbox 2665 567 2701 609; x_wconf 87' lang='grc' dir='ltr'>ο</span> 
     </span>
     <span class='ocr_line' id='line_1_3' title="bbox 221 645 2640 759; baseline 0.004 -32"><span class='ocrx_word' id='word_1_19' title='bbox 221 649 406 748; x_wconf 81' lang='grc' dir='ltr'>αὕτη</span> <span class='ocrx_word' id='word_1_20' title='bbox 437 654 596 732; x_wconf 77' lang='grc' dir='ltr'>πῶς</span> <span class='ocrx_word' id='word_1_21' title='bbox 630 645 723 729; x_wconf 77' lang='grc' dir='ltr'>ἂν</span> <span class='ocrx_word' id='word_1_22' title='bbox 759 651 1036 752; x_wconf 83' lang='grc' dir='ltr'>γένοιτο</span> <span class='ocrx_word' id='word_1_23' title='bbox 1075 649 1365 755; x_wconf 85' lang='grc' dir='ltr'>διαρκὴς</span> <span class='ocrx_word' id='word_1_24' title='bbox 1403 662 1533 732; x_wconf 86' lang='grc' dir='ltr'>τοῦ</span> <span class='ocrx_word' id='word_1_25' title='bbox 1567 652 1669 754; x_wconf 85' lang='grc' dir='ltr'>μὴ</span> <span class='ocrx_word' id='word_1_26' title='bbox 1708 657 1966 759; x_wconf 88' lang='grc' dir='ltr'>χρῆναι</span> <span class='ocrx_word' id='word_1_27' title='bbox 2004 659 2232 756; x_wconf 80' lang='grc' dir='ltr'>θιγεῖν</span> <span class='ocrx_word' id='word_1_28' title='bbox 2263 656 2391 753; x_wconf 86' lang='grc' dir='ltr'>τῆς</span> <span class='ocrx_word' id='word_1_29' title='bbox 2431 653 2640 754; x_wconf 80' lang='grc' dir='ltr'>ἁγίας</span> 
     </span>
     <span class='ocr_line' id='line_1_4' title="bbox 220 772 2641 882; baseline 0.003 -31"><span class='ocrx_word' id='word_1_30' title='bbox 220 772 501 875; x_wconf 79' lang='grc' dir='ltr'>σαρκὸς</span> <span class='ocrx_word' id='word_1_31' title='bbox 554 807 721 858; x_wconf 90' lang='grc' dir='ltr'>τους</span> <span class='ocrx_word' id='word_1_32' title='bbox 776 777 1214 877; x_wconf 78' lang='grc' dir='ltr'>ἀγαπῶντας</span> <span class='ocrx_word' id='word_1_33' title='bbox 1270 773 1541 857; x_wconf 83' lang='grc' dir='ltr'>αὐτόν·</span> <span class='ocrx_word' id='word_1_34' title='bbox 1521 839 1542 874; x_wconf 92' lang='grc'>,</span> <span class='ocrx_word' id='word_1_35' title='bbox 1620 775 1763 881; x_wconf 79' lang='grc' dir='ltr'>ἄρα</span> <span class='ocrx_word' id='word_1_36' title='bbox 1815 777 1962 882; x_wconf 85' lang='grc' dir='ltr'>γάρ</span> <span class='ocrx_word' id='word_1_37' title='bbox 2016 811 2123 862; x_wconf 86' lang='grc' dir='ltr'>τις</span> <span class='ocrx_word' id='word_1_38' title='bbox 2182 774 2641 879; x_wconf 70' lang='grc' dir='ltr'>ἀνεγκλήτως</span> 
     </span>
     <span class='ocr_line' id='line_1_5' title="bbox 221 895 2642 1008; baseline 0.003 -33"><span class='ocrx_word' id='word_1_39' title='bbox 221 895 544 998; x_wconf 80' lang='grc' dir='ltr'>οἰήσεται</span> <span class='ocrx_word' id='word_1_40' title='bbox 588 896 715 979; x_wconf 75' lang='grc' dir='ltr'>τὸν</span> <span class='ocrx_word' id='word_1_41' title='bbox 753 902 831 979; x_wconf 89' lang='grc' dir='ltr'>ἐκ</span> <span class='ocrx_word' id='word_1_42' title='bbox 876 904 1009 1000; x_wconf 89' lang='grc' dir='ltr'>τῆς</span> <span class='ocrx_word' id='word_1_43' title='bbox 1059 903 1345 1008; x_wconf 88' lang='grc' dir='ltr'>ἐπαφῆς</span> <span class='ocrx_word' id='word_1_44' title='bbox 1388 900 1778 1001; x_wconf 87' lang='grc' dir='ltr'>μολυσμον</span> <span class='ocrx_word' id='word_1_45' title='bbox 1813 901 2404 1003; x_wconf 81' lang='grc' dir='ltr'>παραιτούμενον,</span> <span class='ocrx_word' id='word_1_46' title='bbox 2441 899 2487 1001; x_wconf 83' lang='grc' dir='ltr'>ἢ</span> <span class='ocrx_word' id='word_1_47' title='bbox 2525 908 2642 984; x_wconf 83' lang='grc' dir='ltr'>καὶ</span> 
     </span>
     <span class='ocr_line' id='line_1_6' title="bbox 150 1020 2642 1133; baseline 0 -28"><span class='ocrx_word' id='word_1_48' title='bbox 150 1042 193 1105; x_wconf 83' lang='grc'><strong>5</strong></span> <span class='ocrx_word' id='word_1_49' title='bbox 222 1022 342 1102; x_wconf 82' lang='grc' dir='ltr'>ἵνα</span> <span class='ocrx_word' id='word_1_50' title='bbox 396 1020 710 1126; x_wconf 66' lang='grc' dir='ltr'>καθαρὸς</span> <span class='ocrx_word' id='word_1_51' title='bbox 765 1022 932 1133; x_wconf 73' lang='grc' dir='ltr'>πρός</span> <span class='ocrx_word' id='word_1_52' title='bbox 985 1022 1115 1105; x_wconf 79' lang='grc' dir='ltr'>τὸν</span> <span class='ocrx_word' id='word_1_53' title='bbox 1163 1026 1240 1104; x_wconf 89' lang='grc' dir='ltr'>ἐν</span> <span class='ocrx_word' id='word_1_54' title='bbox 1282 1032 1430 1110; x_wconf 90' lang='grc' dir='ltr'>τοῖς</span> <span class='ocrx_word' id='word_1_55' title='bbox 1485 1026 1810 1128; x_wconf 78' lang='grc' dir='ltr'>οὐρανοῖς</span> <span class='ocrx_word' id='word_1_56' title='bbox 1866 1026 2051 1107; x_wconf 81' lang='grc' dir='ltr'>ἀνίοι</span> <span class='ocrx_word' id='word_1_57' title='bbox 2095 1027 2397 1131; x_wconf 70' lang='grc' dir='ltr'>Πατέρα,</span> <span class='ocrx_word' id='word_1_58' title='bbox 2433 1028 2642 1123; x_wconf 75' lang='grc' dir='ltr'>ταυτὶ</span> 
     </span>
     <span class='ocr_line' id='line_1_7' title="bbox 222 1144 2638 1254; baseline 0 -27"><span class='ocrx_word' id='word_1_59' title='bbox 222 1144 411 1251; x_wconf 77' lang='grc' dir='ltr'>πρὸς</span> <span class='ocrx_word' id='word_1_60' title='bbox 462 1147 732 1248; x_wconf 86' lang='grc' dir='ltr'>ἐκείνην</span> <span class='ocrx_word' id='word_1_61' title='bbox 768 1154 986 1229; x_wconf 88' lang='grc' dir='ltr'>εἰπεῖν</span> <span class='ocrx_word' id='word_1_62' title='bbox 1021 1147 1153 1229; x_wconf 80' lang='grc' dir='ltr'>τὸν</span> <span class='ocrx_word' id='word_1_63' title='bbox 1193 1149 1512 1254; x_wconf 83' lang='grc' dir='ltr'>Κύριον;</span> <span class='ocrx_word' id='word_1_64' title='bbox 1573 1145 1727 1230; x_wconf 76' lang='grc' dir='ltr'>εἶτα</span> <span class='ocrx_word' id='word_1_65' title='bbox 1779 1157 1938 1235; x_wconf 79' lang='grc' dir='ltr'>πῶς</span> <span class='ocrx_word' id='word_1_66' title='bbox 1994 1152 2122 1230; x_wconf 81' lang='grc' dir='ltr'>οὐκ</span> <span class='ocrx_word' id='word_1_67' title='bbox 2163 1149 2507 1234; x_wconf 86' lang='grc' dir='ltr'>ἀσύνετός</span> <span class='ocrx_word' id='word_1_68' title='bbox 2561 1183 2638 1229; x_wconf 90' lang='grc' dir='ltr'>τε</span> 
     </span>
     <span class='ocr_line' id='line_1_8' title="bbox 222 1269 2641 1382; baseline 0 -30"><span class='ocrx_word' id='word_1_69' title='bbox 222 1269 328 1352; x_wconf 79' lang='grc' dir='ltr'>ὧν</span> <span class='ocrx_word' id='word_1_70' title='bbox 391 1274 649 1378; x_wconf 80' lang='grc' dir='ltr'>κομιδῇ</span> <span class='ocrx_word' id='word_1_71' title='bbox 714 1276 833 1353; x_wconf 79' lang='grc' dir='ltr'>καὶ</span> <span class='ocrx_word' id='word_1_72' title='bbox 899 1272 1309 1382; x_wconf 84' lang='grc' dir='ltr'>παράφρων</span> <span class='ocrx_word' id='word_1_73' title='bbox 1369 1274 1787 1373; x_wconf 68' lang='grc' dir='ltr'>ἁλώσεταις</span> <span class='ocrx_word' id='word_1_74' title='bbox 1871 1276 1957 1354; x_wconf 84' lang='grc' dir='ltr'>οὐ</span> <span class='ocrx_word' id='word_1_75' title='bbox 2017 1273 2163 1378; x_wconf 79' lang='grc' dir='ltr'>γὰρ</span> <span class='ocrx_word' id='word_1_76' title='bbox 2228 1270 2318 1353; x_wconf 80' lang='grc' dir='ltr'>ἂν</span> <span class='ocrx_word' id='word_1_77' title='bbox 2375 1273 2421 1373; x_wconf 88' lang='grc' dir='ltr'><strong><em>ἡ</em></strong></span> <span class='ocrx_word' id='word_1_78' title='bbox 2486 1273 2641 1355; x_wconf 90' lang='grc' dir='ltr'>θεία</span> 
     </span>
     <span class='ocr_line' id='line_1_9' title="bbox 222 1395 2640 1503; baseline 0.002 -27"><span class='ocrx_word' id='word_1_79' title='bbox 222 1395 453 1501; x_wconf 83' lang='grc' dir='ltr'>φύσις</span> <span class='ocrx_word' id='word_1_80' title='bbox 510 1397 898 1498; x_wconf 89' lang='grc' dir='ltr'>μολυνθείη</span> <span class='ocrx_word' id='word_1_81' title='bbox 957 1398 1159 1479; x_wconf 80' lang='grc' dir='ltr'>ποτέ.</span> <span class='ocrx_word' id='word_1_82' title='bbox 1252 1398 1475 1502; x_wconf 81' lang='grc' dir='ltr'>ὅνπερ</span> <span class='ocrx_word' id='word_1_83' title='bbox 1536 1397 1684 1502; x_wconf 80' lang='grc' dir='ltr'>γὰρ</span> <span class='ocrx_word' id='word_1_84' title='bbox 1747 1397 2021 1503; x_wconf 81' lang='grc' dir='ltr'>τρόπον</span> <span class='ocrx_word' id='word_1_85' title='bbox 2079 1400 2195 1478; x_wconf 79' lang='grc' dir='ltr'>καὶ</span> <span class='ocrx_word' id='word_1_86' title='bbox 2253 1395 2640 1500; x_wconf 82' lang='grc' dir='ltr'>βορβόροις</span> 
     </span>
     <span class='ocr_line' id='line_1_10' title="bbox 223 1520 2711 1628; baseline -0 -27"><span class='ocrx_word' id='word_1_87' title='bbox 223 1520 389 1602; x_wconf 85' lang='grc' dir='ltr'>ἔσθ’</span> <span class='ocrx_word' id='word_1_88' title='bbox 432 1521 551 1601; x_wconf 80' lang='grc' dir='ltr'>ὅτε</span> <span class='ocrx_word' id='word_1_89' title='bbox 587 1528 705 1602; x_wconf 82' lang='grc' dir='ltr'>καὶ</span> <span class='ocrx_word' id='word_1_90' title='bbox 740 1528 895 1607; x_wconf 84' lang='grc' dir='ltr'>ταῖς</span> <span class='ocrx_word' id='word_1_91' title='bbox 933 1521 1117 1603; x_wconf 78' lang='grc' dir='ltr'>κατὰ</span> <span class='ocrx_word' id='word_1_92' title='bbox 1159 1527 1299 1626; x_wconf 91' lang='grc' dir='ltr'>γῆν</span> <span class='ocrx_word' id='word_1_93' title='bbox 1333 1522 1601 1627; x_wconf 80' lang='grc' dir='ltr'>ἑτέραις</span> <span class='ocrx_word' id='word_1_94' title='bbox 1651 1525 2128 1628; x_wconf 87' lang='grc' dir='ltr'>ἀκαθαρσίαις</span> <span class='ocrx_word' id='word_1_95' title='bbox 2175 1526 2306 1621; x_wconf 92' lang='grc' dir='ltr'>τῆς</span> <span class='ocrx_word' id='word_1_96' title='bbox 2339 1523 2638 1621; x_wconf 85' lang='grc' dir='ltr'>ἡλιακῆς</span> <span class='ocrx_word' id='word_1_97' title='bbox 2663 1534 2711 1600; x_wconf 82' lang='lat' dir='ltr'>d</span> 
     </span>
     <span class='ocr_line' id='line_1_11' title="bbox 112 1642 2637 1753; baseline 0.001 -27"><span class='ocrx_word' id='word_1_98' title='bbox 112 1677 196 1719; x_wconf 88' lang='lat'>10</span> <span class='ocrx_word' id='word_1_99' title='bbox 224 1647 512 1730; x_wconf 82' lang='grc' dir='ltr'>ἀκτῖνος</span> <span class='ocrx_word' id='word_1_100' title='bbox 576 1645 1069 1750; x_wconf 79' lang='grc' dir='ltr'>προσβάλλον</span> <span class='ocrx_word' id='word_1_101' title='bbox 1138 1646 1224 1728; x_wconf 85' lang='grc' dir='ltr'>τὸ</span> <span class='ocrx_word' id='word_1_102' title='bbox 1299 1653 1456 1753; x_wconf 79' lang='grc' dir='ltr'>φῶς</span> <span class='ocrx_word' id='word_1_103' title='bbox 1515 1646 1720 1729; x_wconf 79' lang='grc' dir='ltr'>οὐδὲν</span> <span class='ocrx_word' id='word_1_104' title='bbox 1779 1647 2108 1748; x_wconf 77' lang='grc' dir='ltr'>ὑπομένει</span> <span class='ocrx_word' id='word_1_105' title='bbox 2168 1647 2252 1728; x_wconf 83' lang='grc' dir='ltr'>τὸ</span> <span class='ocrx_word' id='word_1_106' title='bbox 2327 1642 2637 1743; x_wconf 82' lang='grc' dir='ltr'>βλάβος,</span> 
     </span>
     <span class='ocr_line' id='line_1_12' title="bbox 222 1769 2635 1875; baseline 0 -22"><span class='ocrx_word' id='word_1_107' title='bbox 222 1769 416 1869; x_wconf 80' lang='grc' dir='ltr'>μένει</span> <span class='ocrx_word' id='word_1_108' title='bbox 463 1770 607 1874; x_wconf 78' lang='grc' dir='ltr'>γὰρ</span> <span class='ocrx_word' id='word_1_109' title='bbox 663 1771 868 1852; x_wconf 83' lang='grc' dir='ltr'>τοῦθ’</span> <span class='ocrx_word' id='word_1_110' title='bbox 928 1769 1107 1875; x_wconf 64' lang='grc' dir='ltr'>ὅπερ</span> <span class='ocrx_word' id='word_1_111' title='bbox 1163 1773 1384 1868; x_wconf 81' lang='grc' dir='ltr'>ἐστὶν,</span> <span class='ocrx_word' id='word_1_112' title='bbox 1435 1773 1883 1873; x_wconf 86' lang='grc' dir='ltr'>ἀκηλίδωτον</span> <span class='ocrx_word' id='word_1_113' title='bbox 1928 1769 2286 1875; x_wconf 87' lang='grc' dir='ltr'>δηλονότι,</span> <span class='ocrx_word' id='word_1_114' title='bbox 2343 1773 2461 1851; x_wconf 83' lang='grc' dir='ltr'>καὶ</span> <span class='ocrx_word' id='word_1_115' title='bbox 2505 1772 2635 1869; x_wconf 84' lang='grc' dir='ltr'>τῆς</span> 
     </span>
     <span class='ocr_line' id='line_1_13' title="bbox 220 1894 2639 2001; baseline 0.001 -27"><span class='ocrx_word' id='word_1_116' title='bbox 220 1902 373 1975; x_wconf 79' lang='grc' dir='ltr'>τῶν</span> <span class='ocrx_word' id='word_1_117' title='bbox 424 1894 1037 2001; x_wconf 78' lang='grc' dir='ltr'>παραπιπτόντων</span> <span class='ocrx_word' id='word_1_118' title='bbox 1088 1897 1446 1980; x_wconf 86' lang='grc' dir='ltr'>δυσωδίας</span> <span class='ocrx_word' id='word_1_119' title='bbox 1501 1899 1909 2001; x_wconf 85' lang='grc' dir='ltr'>ἀμοιρῆσαν</span> <span class='ocrx_word' id='word_1_120' title='bbox 1959 1901 2358 1993; x_wconf 80' lang='grc' dir='ltr'>παντελῶς,</span> <span class='ocrx_word' id='word_1_121' title='bbox 2414 1895 2639 1976; x_wconf 80' lang='grc' dir='ltr'>οὕτως</span> 
     </span>
     <span class='ocr_line' id='line_1_14' title="bbox 222 2016 2640 2130; baseline -0.002 -29"><span class='ocrx_word' id='word_1_122' title='bbox 222 2020 272 2121; x_wconf 85' lang='grc' dir='ltr'><strong><em>ἦ</em></strong></span> <span class='ocrx_word' id='word_1_123' title='bbox 332 2020 486 2101; x_wconf 85' lang='grc' dir='ltr'>θεία</span> <span class='ocrx_word' id='word_1_124' title='bbox 555 2054 634 2102; x_wconf 87' lang='grc' dir='ltr'>τε</span> <span class='ocrx_word' id='word_1_125' title='bbox 700 2024 817 2102; x_wconf 79' lang='grc' dir='ltr'>καὶ</span> <span class='ocrx_word' id='word_1_126' title='bbox 880 2020 1252 2123; x_wconf 86' lang='grc' dir='ltr'>πάναγνος</span> <span class='ocrx_word' id='word_1_127' title='bbox 1337 2019 1563 2130; x_wconf 85' lang='grc' dir='ltr'>φύσις</span> <span class='ocrx_word' id='word_1_128' title='bbox 1649 2020 1779 2102; x_wconf 82' lang='grc' dir='ltr'>τὸν</span> <span class='ocrx_word' id='word_1_129' title='bbox 1849 2023 1929 2101; x_wconf 89' lang='grc' dir='ltr'>ἐκ</span> <span class='ocrx_word' id='word_1_130' title='bbox 1998 2029 2128 2102; x_wconf 86' lang='grc' dir='ltr'>τοῦ</span> <span class='ocrx_word' id='word_1_131' title='bbox 2192 2016 2640 2120; x_wconf 85' lang='grc' dir='ltr'>μολύνεσθαι</span> 
     </span>
     <span class='ocr_line' id='line_1_15' title="bbox 223 2140 2640 2253; baseline -0.001 -28"><span class='ocrx_word' id='word_1_132' title='bbox 223 2141 460 2248; x_wconf 84' lang='grc' dir='ltr'>ῥύπον</span> <span class='ocrx_word' id='word_1_133' title='bbox 512 2145 640 2225; x_wconf 83' lang='grc' dir='ltr'>οὐκ</span> <span class='ocrx_word' id='word_1_134' title='bbox 701 2140 793 2225; x_wconf 79' lang='grc' dir='ltr'>ἂν</span> <span class='ocrx_word' id='word_1_135' title='bbox 857 2143 1258 2253; x_wconf 81' lang='grc' dir='ltr'>ἐπιδέξαιτό</span> <span class='ocrx_word' id='word_1_136' title='bbox 1313 2179 1512 2227; x_wconf 89' lang='grc' dir='ltr'>ποτε.</span> <span class='ocrx_word' id='word_1_137' title='bbox 1590 2146 1698 2231; x_wconf 88' lang='grc' dir='ltr'>τίς</span> <span class='ocrx_word' id='word_1_138' title='bbox 1758 2146 1885 2227; x_wconf 80' lang='grc' dir='ltr'>οὖν</span> <span class='ocrx_word' id='word_1_139' title='bbox 1951 2144 2094 2249; x_wconf 76' lang='grc' dir='ltr'>ἄρα</span> <span class='ocrx_word' id='word_1_140' title='bbox 2156 2146 2357 2225; x_wconf 79' lang='grc' dir='ltr'>ἐστὶν</span> <span class='ocrx_word' id='word_1_141' title='bbox 2413 2144 2453 2222; x_wconf 84' lang='grc' dir='ltr'>ὁ</span> <span class='ocrx_word' id='word_1_142' title='bbox 2511 2149 2640 2222; x_wconf 88' lang='grc' dir='ltr'>τοῦ</span> 
     </span>
     <span class='ocr_line' id='line_1_16' title="bbox 116 2267 2640 2380; baseline -0.002 -26"><span class='ocrx_word' id='word_1_143' title='bbox 116 2293 195 2354; x_wconf 83' lang='lat'>15</span> <span class='ocrx_word' id='word_1_144' title='bbox 224 2267 687 2350; x_wconf 84' lang='grc' dir='ltr'>κεκωλύσθαι</span> <span class='ocrx_word' id='word_1_145' title='bbox 741 2267 967 2372; x_wconf 86' lang='grc' dir='ltr'>λόγος</span> <span class='ocrx_word' id='word_1_146' title='bbox 1007 2277 1468 2372; x_wconf 86' lang='grc' dir='ltr'>προσιοῦσαν</span> <span class='ocrx_word' id='word_1_147' title='bbox 1523 2271 1719 2380; x_wconf 72' lang='grc' dir='ltr'>αὐτῷ</span> <span class='ocrx_word' id='word_1_148' title='bbox 1766 2268 1899 2369; x_wconf 87' lang='grc' dir='ltr'>τὴν</span> <span class='ocrx_word' id='word_1_149' title='bbox 1949 2268 2282 2374; x_wconf 77' lang='grc' dir='ltr'>Μαριὰμ,</span> <span class='ocrx_word' id='word_1_150' title='bbox 2341 2270 2458 2347; x_wconf 85' lang='grc' dir='ltr'>καὶ</span> <span class='ocrx_word' id='word_1_151' title='bbox 2511 2268 2640 2366; x_wconf 83' lang='grc' dir='ltr'>τῆς</span> 
     </span>
     <span class='ocr_line' id='line_1_17' title="bbox 223 2390 2637 2499; baseline -0.001 -26"><span class='ocrx_word' id='word_1_152' title='bbox 223 2393 440 2496; x_wconf 78' lang='grc' dir='ltr'>ἁγίας</span> <span class='ocrx_word' id='word_1_153' title='bbox 501 2390 775 2498; x_wconf 79' lang='grc' dir='ltr'>σαρκὸς</span> <span class='ocrx_word' id='word_1_154' title='bbox 838 2393 1281 2499; x_wconf 83' lang='grc' dir='ltr'>γλιχομένην</span> <span class='ocrx_word' id='word_1_155' title='bbox 1339 2398 1765 2497; x_wconf 85' lang='grc' dir='ltr'>ἀποθιγεῖν;</span> <span class='ocrx_word' id='word_1_156' title='bbox 1853 2395 1929 2475; x_wconf 91' lang='grc' dir='ltr'>τί</span> <span class='ocrx_word' id='word_1_157' title='bbox 1997 2396 2066 2475; x_wconf 85' lang='grc' dir='ltr'>δ’</span> <span class='ocrx_word' id='word_1_158' title='bbox 2130 2391 2221 2474; x_wconf 78' lang='grc' dir='ltr'>ἂν</span> <span class='ocrx_word' id='word_1_159' title='bbox 2294 2390 2637 2489; x_wconf 89' lang='grc' dir='ltr'>βούλοιτο</span> 
     </span>
     <span class='ocr_line' id='line_1_18' title="bbox 225 2515 2703 2628; baseline 0 -29"><span class='ocrx_word' id='word_1_160' title='bbox 225 2523 736 2619; x_wconf 81' lang='grc' dir='ltr'>κατασημῆναι</span> <span class='ocrx_word' id='word_1_161' title='bbox 801 2517 1038 2622; x_wconf 81' lang='grc' dir='ltr'>λέγων</span> <span class='ocrx_word' id='word_1_162' title='bbox 1095 2520 1138 2599; x_wconf 82' lang='grc' dir='ltr'><strong><em>ὅ</em></strong></span> <span class='ocrx_word' id='word_1_163' title='bbox 1198 2519 1466 2624; x_wconf 90' lang='grc' dir='ltr'>Κύριος</span> <span class='ocrx_word' id='word_1_164' title='bbox 1522 2517 1744 2601; x_wconf 69' lang='grc' dir='ltr'>Οὔπω</span> <span class='ocrx_word' id='word_1_165' title='bbox 1802 2517 1944 2628; x_wconf 63' lang='lat' dir='ltr'>&#39;stop</span> <span class='ocrx_word' id='word_1_166' title='bbox 1999 2515 2419 2614; x_wconf 72' lang='grc' dir='ltr'>ἀναβέβηκα</span> <span class='ocrx_word' id='word_1_167' title='bbox 2473 2515 2638 2625; x_wconf 69' lang='grc' dir='ltr'>πρὶς</span> <span class='ocrx_word' id='word_1_168' title='bbox 2667 2556 2703 2600; x_wconf 82' lang='grc' dir='ltr'>ο</span> 
     </span>
     <span class='ocr_line' id='line_1_19' title="bbox 224 2639 2634 2752; baseline -0.001 -29"><span class='ocrx_word' id='word_1_169' title='bbox 224 2643 333 2724; x_wconf 67' lang='grc' dir='ltr'>τὶν</span> <span class='ocrx_word' id='word_1_170' title='bbox 408 2642 713 2752; x_wconf 74' lang='grc' dir='ltr'>Πατέρα,</span> <span class='ocrx_word' id='word_1_171' title='bbox 776 2641 1243 2724; x_wconf 75' lang='grc' dir='ltr'>διασκεπτέον</span> <span class='ocrx_word' id='word_1_172' title='bbox 1314 2643 1453 2744; x_wconf 81' lang='grc' dir='ltr'>ἤδη</span> <span class='ocrx_word' id='word_1_173' title='bbox 1519 2641 1705 2723; x_wconf 87' lang='grc' dir='ltr'>κατά</span> <span class='ocrx_word' id='word_1_174' title='bbox 1778 2678 1864 2747; x_wconf 89' lang='grc' dir='ltr'>γε</span> <span class='ocrx_word' id='word_1_175' title='bbox 1928 2641 2014 2724; x_wconf 76' lang='grc' dir='ltr'>τὸ</span> <span class='ocrx_word' id='word_1_176' title='bbox 2090 2644 2258 2742; x_wconf 84' lang='grc' dir='ltr'>ἡμῖν</span> <span class='ocrx_word' id='word_1_177' title='bbox 2317 2639 2634 2745; x_wconf 85' lang='grc' dir='ltr'>ἐφικτόν.</span> 
     </span>
     <span class='ocr_line' id='line_1_20' title="bbox 225 2763 2635 2873; baseline -0 -28"><span class='ocrx_word' id='word_1_178' title='bbox 225 2765 471 2873; x_wconf 82' lang='grc' dir='ltr'>φαμὲν</span> <span class='ocrx_word' id='word_1_179' title='bbox 504 2766 762 2865; x_wconf 84' lang='grc' dir='ltr'>τοίνυν,</span> <span class='ocrx_word' id='word_1_180' title='bbox 801 2766 909 2847; x_wconf 78' lang='grc' dir='ltr'>ὅτι</span> <span class='ocrx_word' id='word_1_181' title='bbox 963 2770 1093 2867; x_wconf 89' lang='grc' dir='ltr'>τῆς</span> <span class='ocrx_word' id='word_1_182' title='bbox 1147 2775 1277 2848; x_wconf 86' lang='grc' dir='ltr'>τοῦ</span> <span class='ocrx_word' id='word_1_183' title='bbox 1315 2771 1657 2871; x_wconf 86' lang='grc' dir='ltr'>Σωτῆρος</span> <span class='ocrx_word' id='word_1_184' title='bbox 1706 2767 1912 2867; x_wconf 77' lang='grc' dir='ltr'>ἡμῶν</span> <span class='ocrx_word' id='word_1_185' title='bbox 1947 2766 2319 2866; x_wconf 84' lang='grc' dir='ltr'>ἐπιδημίας</span> <span class='ocrx_word' id='word_1_186' title='bbox 2354 2766 2400 2865; x_wconf 82' lang='grc' dir='ltr'><em>ἦ</em></span> <span class='ocrx_word' id='word_1_187' title='bbox 2443 2763 2635 2868; x_wconf 84' lang='grc' dir='ltr'>πρό-</span> 
     </span>
     <span class='ocr_line' id='line_1_21' title="bbox 114 2889 2642 2999; baseline 0 -32"><span class='ocrx_word' id='word_1_188' title='bbox 114 2926 195 2967; x_wconf 79' lang='lat'>20</span> <span class='ocrx_word' id='word_1_189' title='bbox 224 2895 464 2998; x_wconf 88' lang='grc' dir='ltr'>φασις</span> <span class='ocrx_word' id='word_1_190' title='bbox 513 2889 765 2992; x_wconf 83' lang='grc' dir='ltr'>πολλὴ</span> <span class='ocrx_word' id='word_1_191' title='bbox 819 2890 953 2992; x_wconf 81' lang='grc' dir='ltr'>μέν</span> <span class='ocrx_word' id='word_1_192' title='bbox 987 2925 1097 2976; x_wconf 89' lang='grc' dir='ltr'>τις</span> <span class='ocrx_word' id='word_1_193' title='bbox 1149 2893 1307 2973; x_wconf 77' lang='grc' dir='ltr'>ἐστὶ</span> <span class='ocrx_word' id='word_1_194' title='bbox 1361 2893 1479 2971; x_wconf 84' lang='grc' dir='ltr'>καὶ</span> <span class='ocrx_word' id='word_1_195' title='bbox 1530 2890 1901 2999; x_wconf 81' lang='grc' dir='ltr'>διάφορος,</span> <span class='ocrx_word' id='word_1_196' title='bbox 1957 2893 2088 2991; x_wconf 87' lang='grc' dir='ltr'>μία</span> <span class='ocrx_word' id='word_1_197' title='bbox 2146 2889 2223 2970; x_wconf 79' lang='grc' dir='ltr'>δὲ</span> <span class='ocrx_word' id='word_1_198' title='bbox 2283 2889 2464 2988; x_wconf 76' lang='grc' dir='ltr'>αὕτη</span> <span class='ocrx_word' id='word_1_199' title='bbox 2525 2891 2642 2968; x_wconf 78' lang='grc' dir='ltr'>καὶ</span> 
     </span>
     <span class='ocr_line' id='line_1_22' title="bbox 222 3013 2979 3121; baseline -0.001 -27"><span class='ocrx_word' id='word_1_200' title='bbox 222 3013 779 3117; x_wconf 80' lang='grc' dir='ltr'>ἀναγκαιοτάτη,</span> <span class='ocrx_word' id='word_1_201' title='bbox 816 3017 934 3096; x_wconf 79' lang='grc' dir='ltr'>καὶ</span> <span class='ocrx_word' id='word_1_202' title='bbox 969 3013 1087 3095; x_wconf 78' lang='grc' dir='ltr'>διὰ</span> <span class='ocrx_word' id='word_1_203' title='bbox 1123 3020 1250 3115; x_wconf 89' lang='grc' dir='ltr'>τῆς</span> <span class='ocrx_word' id='word_1_204' title='bbox 1295 3017 1514 3097; x_wconf 76' lang='grc' dir='ltr'>αὐτοῦ</span> <span class='ocrx_word' id='word_1_205' title='bbox 1550 3020 2118 3121; x_wconf 85' lang='grc' dir='ltr'>παραδειχθεῖσα</span> <span class='ocrx_word' id='word_1_206' title='bbox 2153 3017 2401 3120; x_wconf 84' lang='grc' dir='ltr'>φωνῆς</span> <span class='ocrx_word' id='word_1_207' title='bbox 2438 3023 2483 3060; x_wconf 89' lang='lat'>“</span> <span class='ocrx_word' id='word_1_208' title='bbox 2521 3013 2642 3093; x_wconf 82' lang='grc' dir='ltr'>Οὐ</span> <span class='ocrx_word' id='word_1_209' title='bbox 2732 3031 2979 3111; x_wconf 64' lang='lat' dir='ltr'>§Matth-</span> 
     </span>
     <span class='ocr_line' id='line_1_23' title="bbox 227 3111 2907 3243; baseline -0.001 -25"><span class='ocrx_word' id='word_1_210' title='bbox 227 3148 272 3186; x_wconf 87' lang='lat'>“</span> <span class='ocrx_word' id='word_1_211' title='bbox 306 3136 457 3241; x_wconf 75' lang='grc' dir='ltr'>γὰρ</span> <span class='ocrx_word' id='word_1_212' title='bbox 488 3136 722 3239; x_wconf 87' lang='grc' dir='ltr'>ἦλθον</span> <span class='ocrx_word' id='word_1_213' title='bbox 756 3138 1066 3219; x_wconf 81' lang='grc' dir='ltr'>καλέσαι</span> <span class='ocrx_word' id='word_1_214' title='bbox 1110 3140 1441 3239; x_wconf 83' lang='grc' dir='ltr'>δικαίους,</span> <span class='ocrx_word' id='word_1_215' title='bbox 1498 3137 1701 3221; x_wconf 77' lang='grc' dir='ltr'>ἀλλὰ</span> <span class='ocrx_word' id='word_1_216' title='bbox 1756 3136 2228 3243; x_wconf 75' lang='grc' dir='ltr'>ἁμαρτωλοὺς</span> <span class='ocrx_word' id='word_1_217' title='bbox 2283 3141 2379 3220; x_wconf 88' lang='grc' dir='ltr'>εἰς</span> <span class='ocrx_word' id='word_1_218' title='bbox 2414 3135 2634 3234; x_wconf 84' lang='grc' dir='ltr'>μετά·</span> <span class='ocrx_word' id='word_1_219' title='bbox 2731 3114 2803 3148; x_wconf 58' lang='lat' dir='ltr'>m</span> <span class='ocrx_word' id='word_1_220' title='bbox 2830 3111 2907 3162; x_wconf 56' lang='lat'>&#39;³‘</span> 
     </span>
     <span class='ocr_line' id='line_1_24' title="bbox 222 3264 583 3343; baseline 0 0"><span class='ocrx_word' id='word_1_221' title='bbox 222 3273 271 3310; x_wconf 80' lang='lat'>‘⁴</span> <span class='ocrx_word' id='word_1_222' title='bbox 308 3264 583 3343; x_wconf 86' lang='grc' dir='ltr'>νοιαν.”</span> 
     </span>
     <span class='ocr_line' id='line_1_25' title="bbox 343 3385 2643 3492; baseline 0 -26"><span class='ocrx_word' id='word_1_223' title='bbox 343 3385 512 3489; x_wconf 82' lang='grc' dir='ltr'>Πρὸ</span> <span class='ocrx_word' id='word_1_224' title='bbox 575 3387 815 3467; x_wconf 85' lang='grc' dir='ltr'>τοίνυν</span> <span class='ocrx_word' id='word_1_225' title='bbox 873 3395 1004 3468; x_wconf 88' lang='grc' dir='ltr'>τοῦ</span> <span class='ocrx_word' id='word_1_226' title='bbox 1066 3388 1430 3492; x_wconf 90' lang='grc' dir='ltr'>σωτηρίου</span> <span class='ocrx_word' id='word_1_227' title='bbox 1490 3394 1813 3492; x_wconf 84' lang='grc' dir='ltr'>σταυροῦ</span> <span class='ocrx_word' id='word_1_228' title='bbox 1874 3387 1991 3466; x_wconf 82' lang='grc' dir='ltr'>καὶ</span> <span class='ocrx_word' id='word_1_229' title='bbox 2048 3390 2176 3487; x_wconf 88' lang='grc' dir='ltr'>τῆς</span> <span class='ocrx_word' id='word_1_230' title='bbox 2240 3387 2318 3466; x_wconf 87' lang='grc' dir='ltr'>ἐκ</span> <span class='ocrx_word' id='word_1_231' title='bbox 2375 3392 2643 3490; x_wconf 80' lang='grc' dir='ltr'>νεκρῶν</span> 
     </span>
     <span class='ocr_line' id='line_1_26' title="bbox 126 3508 2644 3618; baseline 0.002 -30"><span class='ocrx_word' id='word_1_232' title='bbox 126 3547 157 3587; x_wconf 85' lang='lat'><em>2</em></span> <span class='ocrx_word' id='word_1_233' title='bbox 164 3544 199 3605; x_wconf 84' lang='lat'><strong>5</strong></span> <span class='ocrx_word' id='word_1_234' title='bbox 225 3508 726 3610; x_wconf 75' lang='grc' dir='ltr'>ἀναστάσεως,</span> <span class='ocrx_word' id='word_1_235' title='bbox 764 3514 962 3592; x_wconf 79' lang='grc' dir='ltr'>οὔπω</span> <span class='ocrx_word' id='word_1_236' title='bbox 997 3516 1125 3611; x_wconf 87' lang='grc' dir='ltr'>τῆς</span> <span class='ocrx_word' id='word_1_237' title='bbox 1163 3514 1332 3593; x_wconf 85' lang='grc' dir='ltr'>καθ’</span> <span class='ocrx_word' id='word_1_238' title='bbox 1365 3513 1550 3613; x_wconf 82' lang='grc' dir='ltr'>ἡμᾶς</span> <span class='ocrx_word' id='word_1_239' title='bbox 1588 3513 1989 3612; x_wconf 77' lang='grc' dir='ltr'>οἰκονομίας</span> <span class='ocrx_word' id='word_1_240' title='bbox 2024 3508 2111 3593; x_wconf 78' lang='grc' dir='ltr'>τὸ</span> <span class='ocrx_word' id='word_1_241' title='bbox 2149 3512 2328 3618; x_wconf 78' lang='grc' dir='ltr'>αὐτῇ</span> <span class='ocrx_word' id='word_1_242' title='bbox 2365 3512 2644 3614; x_wconf 78' lang='grc' dir='ltr'>πρέπον</span> 
     </span>
     <span class='ocr_line' id='line_1_27' title="bbox 226 3633 2984 3738; baseline -0.003 -22"><span class='ocrx_word' id='word_1_243' title='bbox 226 3634 614 3736; x_wconf 82' lang='grc' dir='ltr'>λαβούσης</span> <span class='ocrx_word' id='word_1_244' title='bbox 642 3636 873 3735; x_wconf 85' lang='grc' dir='ltr'>τέλος,</span> <span class='ocrx_word' id='word_1_245' title='bbox 901 3637 1190 3720; x_wconf 87' lang='grc' dir='ltr'>δικαίοις</span> <span class='ocrx_word' id='word_1_246' title='bbox 1217 3670 1297 3715; x_wconf 91' lang='grc' dir='ltr'>τε</span> <span class='ocrx_word' id='word_1_247' title='bbox 1324 3637 1442 3715; x_wconf 86' lang='grc' dir='ltr'>καὶ</span> <span class='ocrx_word' id='word_1_248' title='bbox 1479 3637 1745 3722; x_wconf 82' lang='grc' dir='ltr'>ἀδίκοις</span> <span class='ocrx_word' id='word_1_249' title='bbox 1780 3636 2237 3738; x_wconf 88' lang='grc' dir='ltr'>ἐπεμίσγετο,</span> <span class='ocrx_word' id='word_1_250' title='bbox 2266 3639 2380 3715; x_wconf 79' lang='grc' dir='ltr'>καὶ</span> <span class='ocrx_word' id='word_1_251' title='bbox 2418 3633 2644 3736; x_wconf 83' lang='grc' dir='ltr'>συνή-</span> <span class='ocrx_word' id='word_1_252' title='bbox 2668 3658 2889 3714; x_wconf 72' lang='grc' dir='ltr'>α1085</span> <span class='ocrx_word' id='word_1_253' title='bbox 2901 3656 2984 3710; x_wconf 78' lang='grc' dir='ltr'><strong><em>Α.</em></strong></span> 
     </span>
     <span class='ocr_line' id='line_1_28' title="bbox 224 3757 2644 3863; baseline 0.002 -24"><span class='ocrx_word' id='word_1_254' title='bbox 224 3765 394 3839; x_wconf 83' lang='grc' dir='ltr'>σθιε</span> <span class='ocrx_word' id='word_1_255' title='bbox 460 3758 591 3858; x_wconf 81' lang='grc' dir='ltr'>μὲν</span> <span class='ocrx_word' id='word_1_256' title='bbox 645 3759 992 3844; x_wconf 79' lang='grc' dir='ltr'>τελώναις</span> <span class='ocrx_word' id='word_1_257' title='bbox 1048 3763 1166 3839; x_wconf 82' lang='grc' dir='ltr'>καὶ</span> <span class='ocrx_word' id='word_1_258' title='bbox 1227 3761 1702 3863; x_wconf 83' lang='grc' dir='ltr'>ἁμαρτωλοῖς,</span> <span class='ocrx_word' id='word_1_259' title='bbox 1758 3757 2131 3863; x_wconf 84' lang='grc' dir='ltr'>ἐλευθέραν</span> <span class='ocrx_word' id='word_1_260' title='bbox 2191 3758 2267 3840; x_wconf 79' lang='grc' dir='ltr'>δὲ</span> <span class='ocrx_word' id='word_1_261' title='bbox 2324 3762 2441 3840; x_wconf 81' lang='grc' dir='ltr'>καὶ</span> <span class='ocrx_word' id='word_1_262' title='bbox 2494 3766 2644 3844; x_wconf 87' lang='grc' dir='ltr'>τοῖς</span> 
     </span>
     <span class='ocr_line' id='line_1_29' title="bbox 226 3881 2637 3987; baseline 0 -24"><span class='ocrx_word' id='word_1_263' title='bbox 226 3882 608 3964; x_wconf 82' lang='grc' dir='ltr'>ἐθέλουσιν</span> <span class='ocrx_word' id='word_1_264' title='bbox 643 3881 1002 3964; x_wconf 81' lang='grc' dir='ltr'>ἅπτεσθαι</span> <span class='ocrx_word' id='word_1_265' title='bbox 1036 3887 1164 3984; x_wconf 85' lang='grc' dir='ltr'>τῆς</span> <span class='ocrx_word' id='word_1_266' title='bbox 1200 3885 1411 3986; x_wconf 81' lang='grc' dir='ltr'>ἁγίας</span> <span class='ocrx_word' id='word_1_267' title='bbox 1459 3881 1731 3987; x_wconf 79' lang='grc' dir='ltr'>σαρκὸς</span> <span class='ocrx_word' id='word_1_268' title='bbox 1776 3885 2010 3964; x_wconf 86' lang='grc' dir='ltr'>ἐδίδου</span> <span class='ocrx_word' id='word_1_269' title='bbox 2061 3883 2193 3983; x_wconf 87' lang='grc' dir='ltr'>τὴν</span> <span class='ocrx_word' id='word_1_270' title='bbox 2237 3882 2637 3987; x_wconf 84' lang='grc' dir='ltr'>πρόσοδον,</span> 
     </span>
     <span class='ocr_line' id='line_1_30' title="bbox 226 4005 2642 4113; baseline 0.001 -25"><span class='ocrx_word' id='word_1_271' title='bbox 226 4009 346 4088; x_wconf 81' lang='grc' dir='ltr'>ἵνα</span> <span class='ocrx_word' id='word_1_272' title='bbox 378 4008 656 4096; x_wconf 87' lang='grc' dir='ltr'>πάντας</span> <span class='ocrx_word' id='word_1_273' title='bbox 692 4005 969 4113; x_wconf 81' lang='grc' dir='ltr'>ἁγιάσῃ</span> <span class='ocrx_word' id='word_1_274' title='bbox 1006 4009 1125 4086; x_wconf 80' lang='grc' dir='ltr'>καὶ</span> <span class='ocrx_word' id='word_1_275' title='bbox 1162 4007 1441 4113; x_wconf 83' lang='grc' dir='ltr'>καλέσῃ</span> <span class='ocrx_word' id='word_1_276' title='bbox 1479 4005 1661 4111; x_wconf 79' lang='grc' dir='ltr'>πρὸς</span> <span class='ocrx_word' id='word_1_277' title='bbox 1698 4007 2093 4110; x_wconf 88' lang='grc' dir='ltr'>ἐπίγνωσιν</span> <span class='ocrx_word' id='word_1_278' title='bbox 2129 4011 2256 4107; x_wconf 86' lang='grc' dir='ltr'>τῆς</span> <span class='ocrx_word' id='word_1_279' title='bbox 2284 4009 2642 4108; x_wconf 86' lang='grc' dir='ltr'>ἀληθείας,</span> 
     </span>
     <span class='ocr_line' id='line_1_31' title="bbox 130 4127 2641 4238; baseline -0 -26"><span class='ocrx_word' id='word_1_280' title='bbox 130 4173 204 4231; x_wconf 81' lang='lat'>30</span> <span class='ocrx_word' id='word_1_281' title='bbox 228 4135 349 4213; x_wconf 77' lang='grc' dir='ltr'>καὶ</span> <span class='ocrx_word' id='word_1_282' title='bbox 403 4132 813 4238; x_wconf 81' lang='grc' dir='ltr'>ἀνακομίσῃ</span> <span class='ocrx_word' id='word_1_283' title='bbox 867 4129 1055 4234; x_wconf 84' lang='grc' dir='ltr'>πρὸς</span> <span class='ocrx_word' id='word_1_284' title='bbox 1104 4129 1256 4238; x_wconf 78' lang='grc' dir='ltr'>ἕξιν</span> <span class='ocrx_word' id='word_1_285' title='bbox 1299 4129 1433 4231; x_wconf 81' lang='grc' dir='ltr'>τὴν</span> <span class='ocrx_word' id='word_1_286' title='bbox 1466 4132 1636 4233; x_wconf 77' lang='grc' dir='ltr'>ὑγιᾶ</span> <span class='ocrx_word' id='word_1_287' title='bbox 1688 4127 1855 4216; x_wconf 77' lang='grc' dir='ltr'>τοὺς</span> <span class='ocrx_word' id='word_1_288' title='bbox 1911 4130 2486 4235; x_wconf 84' lang='grc' dir='ltr'>ἠῤῥωστηκότας,</span> <span class='ocrx_word' id='word_1_289' title='bbox 2523 4133 2641 4212; x_wconf 81' lang='grc' dir='ltr'>καὶ</span> 
     </span>
     <span class='ocr_line' id='line_1_32' title="bbox 225 4251 2642 4364; baseline -0.001 -27"><span class='ocrx_word' id='word_1_290' title='bbox 225 4263 375 4342; x_wconf 91' lang='grc' dir='ltr'>τοῖς</span> <span class='ocrx_word' id='word_1_291' title='bbox 410 4255 502 4364; x_wconf 80' lang='grc' dir='ltr'>ἐξ</span> <span class='ocrx_word' id='word_1_292' title='bbox 539 4257 909 4360; x_wconf 78' lang='grc' dir='ltr'>ἁμαρτιῶν</span> <span class='ocrx_word' id='word_1_293' title='bbox 944 4253 1585 4358; x_wconf 84' lang='grc' dir='ltr'>συντετριμμένους</span> <span class='ocrx_word' id='word_1_294' title='bbox 1637 4251 2031 4356; x_wconf 89' lang='grc' dir='ltr'>νοσήμασι.</span> <span class='ocrx_word' id='word_1_295' title='bbox 2105 4252 2470 4358; x_wconf 85' lang='grc' dir='ltr'>τοιγάρτοι</span> <span class='ocrx_word' id='word_1_296' title='bbox 2523 4256 2642 4334; x_wconf 81' lang='grc' dir='ltr'>καὶ</span> 
     </span>
    </p>
   </div>
   <div class='ocr_carea' id='block_1_3' title="bbox 223 4377 2924 4517">
    <p class='ocr_par' dir='ltr' id='par_1_3' title="bbox 223 4377 2924 4517">
     <span class='ocr_line' id='line_1_33' title="bbox 223 4377 2924 4517; baseline -0.003 -56"><span class='ocrx_word' id='word_1_297' title='bbox 223 4381 367 4490; x_wconf 79' lang='grc' dir='ltr'>ἔφη</span> <span class='ocrx_word' id='word_1_298' title='bbox 400 4378 635 4463; x_wconf 87' lang='grc' dir='ltr'>πάλιν</span> <span class='ocrx_word' id='word_1_299' title='bbox 666 4380 905 4463; x_wconf 79' lang='grc' dir='ltr'>αὐτοις</span> <span class='ocrx_word' id='word_1_300' title='bbox 949 4388 994 4426; x_wconf 92' lang='lat'>“</span> <span class='ocrx_word' id='word_1_301' title='bbox 1031 4378 1149 4459; x_wconf 83' lang='grc' dir='ltr'>Οὐ</span> <span class='ocrx_word' id='word_1_302' title='bbox 1192 4379 1436 4484; x_wconf 86' lang='grc' dir='ltr'>χρείαν</span> <span class='ocrx_word' id='word_1_303' title='bbox 1473 4377 1766 4484; x_wconf 79' lang='grc' dir='ltr'>ἔχουσιν</span> <span class='ocrx_word' id='word_1_304' title='bbox 1802 4384 1868 4458; x_wconf 83' lang='grc' dir='ltr'>οἰ</span> <span class='ocrx_word' id='word_1_305' title='bbox 1907 4377 2334 4482; x_wconf 79' lang='grc' dir='ltr'>ὑγιαίνοντες</span> <span class='ocrx_word' id='word_1_306' title='bbox 2372 4382 2637 4480; x_wconf 86' lang='grc' dir='ltr'>ἰατροῦ,</span> <span class='ocrx_word' id='word_1_307' title='bbox 2731 4389 2785 4504; x_wconf 60' lang='grc' dir='ltr'>Ξ·</span> <span class='ocrx_word' id='word_1_308' title='bbox 2800 4389 2924 4517; x_wconf 51' lang='lat'>{3¹¹0-</span> 
     </span>
    </p>
   </div>
   <div class='ocr_carea' id='block_1_4' title="bbox 222 4543 2639 4696">
    <p class='ocr_par' dir='ltr' id='par_1_4' title="bbox 222 4543 2639 4696">
     <span class='ocr_line' id='line_1_34' title="bbox 294 4543 2639 4642; baseline -0.004 -35"><span class='ocrx_word' id='word_1_309' title='bbox 294 4568 383 4608; x_wconf 80' lang='lat'>20.</span> <span class='ocrx_word' id='word_1_310' title='bbox 421 4550 553 4620; x_wconf 77' lang='grc' dir='ltr'>αὕτη</span> <span class='ocrx_word' id='word_1_311' title='bbox 604 4550 698 4605; x_wconf 65' lang='grc' dir='ltr'>ἔτι</span> <span class='ocrx_word' id='word_1_312' title='bbox 723 4549 789 4605; x_wconf 84' lang='grc' dir='ltr'><strong><em>Ε.</em></strong></span> <span class='ocrx_word' id='word_1_313' title='bbox 1172 4547 1258 4605; x_wconf 80' lang='lat'>26.</span> <span class='ocrx_word' id='word_1_314' title='bbox 1297 4549 1608 4642; x_wconf 76' lang='grc' dir='ltr'>ἐπεμίσγετε</span> <span class='ocrx_word' id='word_1_315' title='bbox 1633 4549 1701 4604; x_wconf 83' lang='grc' dir='ltr'><strong><em>Ε.</em></strong></span> <span class='ocrx_word' id='word_1_316' title='bbox 2095 4561 2182 4620; x_wconf 85' lang='lat'>27.</span> <span class='ocrx_word' id='word_1_317' title='bbox 2218 4546 2548 4618; x_wconf 75' lang='grc' dir='ltr'>ἁμαρτωλαῖς</span> <span class='ocrx_word' id='word_1_318' title='bbox 2575 4543 2639 4599; x_wconf 84' lang='grc' dir='ltr'><strong><em>Ε.</em></strong></span> 
     </span>
     <span class='ocr_line' id='line_1_35' title="bbox 222 4619 1855 4696; baseline -0.003 -16"><span class='ocrx_word' id='word_1_319' title='bbox 222 4625 309 4680; x_wconf 81' lang='grc'><strong><em>28.</em></strong></span> <span class='ocrx_word' id='word_1_320' title='bbox 346 4624 497 4696; x_wconf 77' lang='grc' dir='ltr'>πρόσ</span> <span class='ocrx_word' id='word_1_321' title='bbox 575 4644 638 4677; x_wconf 79' lang='grc' dir='ltr'>ον</span> <span class='ocrx_word' id='word_1_322' title='bbox 662 4620 730 4676; x_wconf 84' lang='grc' dir='ltr'><strong><em>Ε.</em></strong></span> <span class='ocrx_word' id='word_1_323' title='bbox 1105 4636 1191 4690; x_wconf 80' lang='lat'>29.</span> <span class='ocrx_word' id='word_1_324' title='bbox 1226 4619 1420 4693; x_wconf 77' lang='grc' dir='ltr'>ἁγιάσῃ</span> <span class='ocrx_word' id='word_1_325' title='bbox 1445 4620 1527 4675; x_wconf 79' lang='grc' dir='ltr'>καὶ</span> <span class='ocrx_word' id='word_1_326' title='bbox 1551 4619 1764 4675; x_wconf 56' lang='lat' dir='ltr'><em>nauca</em></span> <span class='ocrx_word' id='word_1_327' title='bbox 1789 4619 1855 4675; x_wconf 86' lang='lat' dir='ltr'>E.</span> 
     </span>
    </p>
   </div>
  </div>
 </body>
</html>
