3269 5166
299 373 604 414 eumerus

383 544 605 602 tenent,
653 537 744 595 Illi
789 538 1023 595 omnino
1066 557 1184 596 non
1228 539 1462 598 credent
1497 594 1502 595 ff

386 639 508 695 516
539 637 598 694 b.

298 731 570 791 Christus
618 753 744 792 esse
797 735 953 792 Deus
997 741 1096 792 aut
1143 754 1245 810 per
1289 735 1459 793 fidem

381 832 716 907 agnoscitur
749 835 868 891 516
929 842 1029 890 aut
1069 852 1171 908 per
1211 833 1457 909 castiga-

381 929 598 986 tionem
630 934 749 988 517
807 936 906 987 aut
948 950 1049 1006 per
1085 931 1231 1007 Ejus
1273 950 1456 988 reces-

387 1045 518 1084 sum
536 1047 572 1084 a
592 1046 708 1084 non
732 1027 1133 1103 recipientibus
1152 1029 1301 1085 Eum
1319 1033 1457 1096 518,

381 1130 506 1185 519
557 1124 771 1183 Servus
798 1144 903 1201 pro
937 1126 1119 1198 nobis,
1148 1127 1374 1185 Natura
1401 1136 1460 1186 et

381 1225 546 1282 Deus
587 1231 647 1281 et
686 1222 863 1280 Filius
898 1226 1012 1282 651
1048 1224 1086 1280 d
1140 1225 1460 1283 exinanitus

382 1322 504 1380 vita
536 1321 763 1378 mortali
797 1321 1053 1391 durante,
1083 1330 1214 1396 post
1242 1323 1455 1380 Resur-

333 1444 338 1445 ’
383 1420 697 1477 rectionem
724 1437 843 1476 non
871 1418 1113 1494 amplius
1142 1422 1261 1478 848
1292 1422 1399 1479 ad.

297 1517 569 1576 Christus
625 1525 953 1575 nostrorum
1015 1517 1269 1575 omnium
1324 1520 1456 1575 Dis-

383 1622 654 1692 pensator
696 1618 815 1673 596
845 1635 877 1672 e
946 1615 1104 1673 Deus
1152 1624 1212 1672 et
1264 1615 1457 1673 Homo

381 1716 504 1771 653
525 1732 577 1778 e,
608 1717 726 1771 973
747 1714 804 1777 (1,
830 1716 947 1771 977
968 1733 1017 1784 c,
1041 1716 1159 1771 979
1179 1713 1235 1777 (1,
1261 1716 1379 1772 999
1399 1714 1455 1779 d,

389 1815 545 1869 1044
590 1830 642 1877 e,
679 1814 836 1869 1049
883 1811 938 1876 d,
994 1811 1060 1867 M
1094 1814 1173 1867 84
1217 1809 1303 1887 [p.
1338 1814 1453 1869 322

384 1907 563 1985 init.]‚
616 1912 693 1967 92
724 1909 842 1976 fin„
901 1911 978 1966 93
1007 1908 1154 1973 init„
1206 1912 1283 1966 94
1313 1908 1455 1976 init„

384 2006 463 2062 iii.
497 2010 801 2073 402-404‚
834 2010 973 2071 405,
1005 2008 1146 2071 467,
1179 2009 1292 2064 521
1354 2025 1456 2064 no-

383 2104 471 2161 bis
512 2112 796 2179 cognatus
838 2103 1118 2174 omnibus,
1162 2103 1327 2161 bonis
1368 2111 1454 2161 ta-

384 2221 518 2259 men
546 2202 620 2259 ad
651 2201 978 2268 utilitatem,
996 2200 1163 2258 malis
1189 2219 1305 2259 non
1335 2204 1454 2260 654

382 2318 420 2356 a
439 2299 478 2356 b
498 2318 531 2356 c
625 2299 959 2356 humilitatis
1026 2298 1192 2356 nobis
1260 2317 1452 2356 exem-

383 2396 507 2471 plar
537 2400 673 2462 721,
707 2402 822 2455 722
854 2415 905 2463 c,
938 2399 1055 2454 726
1124 2405 1452 2471 praecepto-

383 2493 541 2551 ribus
581 2495 873 2569 exemplar
905 2498 1021 2553 722
1051 2513 1084 2551 e
1144 2493 1453 2568 Apostolo-

385 2612 510 2650 rum
551 2594 725 2668 pedes
766 2593 923 2659 lavit,
959 2593 1108 2650 vitae
1150 2592 1455 2668 puritatem

383 2692 759 2748 necessariam
790 2691 1002 2748 docens
1033 2694 1149 2749 723
1181 2691 1240 2747 b.

299 2785 567 2846 Christus
635 2789 859 2847 Natura
926 2787 1209 2846 Dominus
1261 2790 1378 2846 726
1420 2806 1454 2845 e

383 2886 733 2944 voluntatem
764 2907 798 2944 a
826 2886 997 2945 Patre
1024 2886 1305 2943 diversam
1333 2905 1451 2942 non

381 2984 556 3041 habet
581 2983 661 3041 iii.
690 2987 811 3044 609
860 2985 1087 3042 Natura
1116 2985 1454 3057 Praeceptor

383 3086 500 3139 727
521 3101 555 3138 a
584 3090 649 3139 et
667 3082 973 3157 sapientiae
991 3081 1258 3157 Largitor
1281 3085 1315 3138 7
1321 3085 1396 3138 27
1416 3081 1453 3137 b

379 3179 734 3254 glorificatus
763 3187 822 3237 et
849 3199 950 3255 per
978 3179 1308 3238 Passionem
1334 3182 1450 3237 745

377 3275 419 3334 b
445 3294 478 3333 c
560 3285 620 3335 et
687 3283 819 3353 post
884 3275 1214 3335 Passionem
1273 3282 1388 3336 745
1419 3295 1452 3334 e

379 3371 555 3449 Legis
627 3374 924 3449 plenitudo
981 3377 1098 3434 835
1195 3375 1453 3433 membra

376 3480 576 3529 nostra
603 3472 791 3547 Ipsius
820 3472 887 3528 M
921 3476 999 3531 56
1034 3474 1113 3547 [p.
1142 3474 1290 3547 257]
1344 3491 1450 3530 nos

377 3569 606 3627 redimit
632 3588 739 3627 nos
767 3570 889 3646 agit
919 3572 1037 3628 856
1068 3589 1099 3626 c
1117 3570 1153 3626 d
1198 3570 1257 3627 in
1286 3570 1451 3628 nobis

380 3666 513 3724 vicit
558 3667 724 3724 nobis
771 3667 1043 3724 victoriae
1089 3668 1448 3744 principium,

378 3772 577 3839 utpote
606 3784 638 3821 e
665 3765 830 3822 nobis
857 3765 1025 3824 Unus
1055 3768 1172 3824 945
1206 3766 1241 3823 b
1259 3785 1291 3825 c
1345 3786 1451 3825 nos

378 3863 612 3920 roborat
649 3864 714 3921 M
748 3868 843 3934 24,
877 3863 953 3920 iii.
985 3865 1125 3921 598.

296 3959 561 4019 Christus
603 3960 867 4018 turbatus
902 3961 1188 4036 quomodo
1220 3964 1336 4019 734
1360 3980 1393 4017 c
1414 3962 1452 4018 d

379 4058 668 4115 Passionis
722 4067 979 4133 tempore
1034 4059 1257 4133 alapam
1307 4058 1450 4117 acci-

379 4155 542 4231 piens
581 4155 952 4231 ignominiam
992 4156 1162 4215 solvit
1193 4172 1449 4216 nostram

384 4256 539 4312 1026
559 4272 592 4311 e
640 4254 958 4331 flagellatus
976 4275 1089 4330 quo
1108 4275 1142 4313 a
1158 4256 1448 4331 castigati-

375 4370 488 4408 one
528 4352 686 4426 justa
730 4372 836 4410 nos
883 4353 1086 4411 liberet
1129 4358 1283 4414 1043
1314 4354 1450 4411 cde

379 4449 651 4508 diaconus
684 4451 800 4520 Qui
843 4451 1170 4510 ministrans
1200 4451 1353 4509 venit
1381 4450 1448 4506 M

381 4550 459 4604 46
501 4548 600 4606 fin.
696 4549 890 4607 Homo
936 4550 1036 4607 sed
1092 4548 1451 4624 cupidinibus

1136 357 1460 415 INDEX
1545 359 1918 416 RERUM.

2603 362 2720 420 619

1650 541 1951 599 hominum
1991 539 2328 599 animalibus
2371 541 2629 615 superior
2655 540 2720 600 M

1651 644 1727 697 79
1800 659 1907 697 nos
1933 659 1965 696 e
1993 638 2238 697 mortuis
2266 638 2560 696 suscitabit
2591 639 2721 714 Ipse

1649 736 1713 794 M
1743 741 1822 797 82
1853 738 1994 802 init„
2037 755 2277 812 corpora
2304 743 2502 794 nostra
2539 737 2719 795 susci-

1646 842 1733 891 tat
1753 855 1870 892 non
1893 836 2238 893 destruendo
2267 835 2369 893 sed
2398 834 2719 893 decorando

1646 930 1710 989 M
1742 935 1819 991 82
1850 931 2029 1008 [Syru]

1563 1028 1777 1086 Christi
1821 1028 2043 1105 Corpus
2084 1048 2117 1086 e
2158 1047 2396 1104 corpore
2438 1038 2498 1086 et
2533 1030 2721 1088 anima

1643 1125 1936 1202 Purpureo
1984 1126 2148 1203 regio
2204 1126 2496 1185 confertur
2540 1133 2652 1187 301
2686 1150 2720 1186 a

1644 1224 1898 1299 corporis
1924 1225 2180 1298 operatio
2203 1242 2317 1280 non
2345 1227 2501 1282 carni
2527 1244 2630 1301 per
2657 1245 2718 1282 se

1642 1321 1945 1378 tribuimus
1966 1320 2147 1378 Verbi
2173 1330 2364 1378 autem
2382 1323 2578 1381 virtuti
2598 1328 2716 1382 974

1643 1437 1695 1483 a,
1726 1421 1866 1488 979,
1896 1419 1969 1475 cf.
1991 1422 2131 1490 992,
2155 1421 2295 1483 993,
2324 1421 2481 1477 1103
2511 1438 2546 1477 a
2592 1439 2718 1477 cor-

1642 1516 1877 1590 poribus
1919 1524 2112 1574 tamen
2154 1515 2367 1573 nostris
2408 1517 2559 1574 vitae
2596 1519 2715 1593 pri-

1642 1613 1835 1671 mitiae
1863 1614 2064 1688 viaque
2098 1617 2253 1672 1015
2282 1614 2338 1671 b.

1561 1708 1777 1769 Christi
1824 1710 1974 1769 Caro
2018 1720 2212 1786 pastus
2253 1721 2451 1770 noster
2494 1716 2612 1773 323
2655 1714 2713 1781 b,

1645 1812 1760 1867 324
1791 1828 1840 1875 c,
1874 1813 1992 1869 350
2021 1828 2070 1875 c,
2103 1814 2221 1867 354
2251 1828 2303 1877 c,
2342 1814 2458 1870 389
2489 1829 2522 1868 e
2575 1809 2719 1871 Cor-

1642 1925 1747 1981 pus
1774 1906 2092 1965 sanctificat
2116 1912 2231 1967 324
2254 1908 2290 1964 (1
2320 1908 2567 1966 vivificat
2596 1912 2713 1969 354

1641 2003 1679 2060 b
1709 2023 1759 2071 c,
1819 2007 1929 2062 361
1965 2005 2070 2071 bc,
2130 2009 2246 2064 362
2280 2026 2334 2073 a,
2403 2010 2520 2065 372
2551 2007 2590 2064 b
2651 2014 2718 2065 ut

1642 2102 1859 2160 habens
1896 2103 1955 2159 in
1993 2101 2196 2178 Seipso
2224 2103 2483 2160 Verbum
2515 2108 2633 2164 363
2663 2122 2715 2170 c,

1644 2203 1763 2259 376
1785 2219 1834 2267 c,
1866 2206 1982 2260 377
2053 2199 2283 2275 Corpus
2322 2219 2431 2258 nos
2479 2203 2716 2259 edentes

1642 2295 1866 2374 Corpus
1913 2307 1974 2357 et
2027 2298 2284 2357 membra
2336 2297 2527 2373 Ipsius
2580 2298 2717 2357 facti

1641 2416 1837 2455 sumus
1869 2401 1984 2456 364
2018 2397 2071 2454 (1.

1555 2492 1773 2553 Christi
1803 2493 2026 2571 Corpus
2054 2494 2303 2552 vivificat
2343 2502 2404 2552 et
2435 2493 2719 2552 illuminat

1642 2597 1759 2652 602
1790 2613 1838 2660 e,
1879 2597 1998 2652 603
2028 2614 2064 2651 a
2130 2612 2238 2650 nos
2265 2612 2395 2651 cum
2424 2591 2563 2669 Ipso
2591 2594 2716 2651 unit

1645 2693 1763 2748 862
1795 2691 1833 2747 d
1854 2709 1905 2756 e,
1937 2693 2076 2755 863,
2105 2690 2178 2747 cf.
2211 2694 2330 2749 953
2354 2689 2464 2759 cd,
2497 2692 2654 2750 1002
2678 2691 2715 2747 b

1642 2787 2074 2863 concorporales
2095 2787 2267 2845 efficit
2288 2806 2391 2863 per
2409 2788 2712 2862 participa-

1639 2884 1853 2942 tionem
1883 2884 2061 2960 ipsius
2090 2888 2208 2943 953
2239 2885 2295 2950 d,
2339 2887 2457 2943 998
2491 2884 2547 2947 (1,
2594 2886 2712 2942 999

1640 3000 1743 3050 ac,
1793 2984 1948 3040 1000
1977 2982 2066 3039 ad
2120 2983 2181 3038 in
2221 2980 2419 3039 tunica
2450 2982 2713 3037 inconsu-

1638 3080 1727 3138 tili
1769 3079 2152 3155 significatum
2198 3080 2354 3137 1063
2385 3078 2423 3134 d
2477 3078 2711 3153 sangui-

1638 3196 1772 3235 nem
1800 3177 2048 3235 bibimus
2076 3174 2141 3233 M
2172 3178 2248 3234 62
2279 3175 2402 3233 init.

1553 3275 1773 3336 Christi
1831 3273 2059 3350 Corpus
2126 3274 2378 3339 edentes,
2435 3290 2567 3330 cum
2624 3273 2713 3330 Eo

1637 3372 1934 3430 commixti
1976 3390 2191 3440 sumus,
2223 3370 2382 3446 quasi
2417 3389 2548 3427 cum
2583 3389 2714 3428 cera

1637 3489 1768 3529 cera
1808 3473 1926 3529 365
1961 3489 1996 3528 a
2052 3478 2323 3544 tanquam
2365 3468 2712 3526 fermentum

1634 3587 1766 3627 cum
1794 3550 1982 3626 massa
2009 3570 2127 3627 365
2159 3567 2197 3624 b
2217 3585 2250 3624 c
2315 3564 2555 3642 Corpori
2584 3585 2710 3624 cor-

1634 3685 1777 3744 pora
1815 3674 2016 3724 nostra
2051 3684 2153 3741 per
2191 3663 2445 3740 corporis
2482 3665 2710 3740 sangui-

1634 3767 1835 3842 nisque
1897 3765 2394 3823 manducationem
2463 3764 2708 3838 potatio-

1634 3883 1879 3940 nemque
1913 3881 2175 3921 connexa
2217 3865 2335 3920 863
2369 3862 2405 3918 b
2477 3860 2711 3919 Christo

1638 3961 2043 4036 conjungimur
2070 3968 2127 4017 et
2157 3959 2484 4034 spiritaliter
2505 3967 2563 4017 et
2586 3978 2712 4015 cor-

1636 4057 1904 4133 poraliter
1933 4060 2050 4115 862
2080 4055 2136 4126 b,
2173 4059 2310 4123 863.
2344 4060 2460 4114 864
2491 4057 2548 4121 1),
2589 4058 2707 4114 999

1637 4156 1739 4226 cd,
1777 4159 1931 4214 1000
1956 4155 2013 4221 (1,
2049 4158 2200 4213 1001
2232 4173 2283 4219 e,
2319 4158 2473 4213 1002
2499 4156 2556 4212 b.

1555 4251 1771 4313 Christi
1812 4270 2010 4309 sumus
2051 4270 2169 4309 non
2201 4251 2382 4309 nostri
2413 4255 2531 4310 999
2559 4270 2594 4308 a
2647 4250 2709 4306 in

1636 4350 1864 4407 nomine
1894 4368 2089 4425 preces
2117 4358 2346 4407 nostrae
2375 4348 2441 4404 M
2473 4352 2570 4405 85.

1556 4446 1822 4505 Christus
1849 4447 2150 4504 verborum
2182 4464 2413 4504 suorum
2455 4444 2707 4502 intellec-

1637 4554 1761 4602 tum
1807 4544 1906 4602 dat
1956 4547 2110 4603 1084
2143 4544 2178 4601 b
2237 4553 2367 4618 post
2401 4543 2705 4601 Resurrec—

1423 4669 1610 4728 41<2
