3269 5166
255 355 370 399 xx.
401 353 506 414 24,
531 349 634 418 25.
726 332 843 398 IN
897 332 963 398 S.
1006 331 1519 399 JOANNEM.
1593 332 1789 398 LIB.
1824 333 1983 400 XII.
2061 332 2268 399 CAP.
2306 333 2364 399 Ι.
2543 335 2664 397 141

258 497 637 597 μασμένον
692 502 789 582 εἱς
853 499 1127 596 πίστιν,
1186 497 1232 598 ἢ
1300 496 1791 579 διακωλύουσί
1844 534 2040 583 τινας
2110 502 2225 580 καὶ
2291 503 2419 598 τῆς
2477 498 2670 581 θείας

259 621 557 726 χάριτος
591 623 1036 730 ἐξείργουσιν
1069 621 1172 701 ἔτι
1221 624 1421 703 οὔπω
1473 623 1645 706 τέως
1693 621 2080 726 γεγονότας
2129 623 2395 730 ἀξίους·
2454 620 2500 723 ἢ
2553 627 2670 701 καὶ

261 751 430 830 καθ’
474 751 712 853 ἕτερον
744 748 1018 854 τρόπον
1051 752 1324 857 ἀφιᾶσί
1371 784 1449 831 τε
1505 754 1620 831 καὶ
1679 760 2069 854 κρατοῦσιν
2103 752 2477 853 ἁμαρτίας,
2514 752 2665 830 ἑπι-

261 881 608 973 τιμῶντες
679 872 812 973 μὲν
877 873 1374 977 ἁμαρτάνωσι
1438 883 1586 959 τοῖς
1661 880 1789 974 τῆς
1849 876 2299 974 Ἐκκλησίας
2371 877 2665 973 τέκνοις,

192 1026 234 1086 5
261 1006 698 1098 μετανοοῦσι
736 996 811 1078 δὲ
855 1000 1503 1103 συγγινώσκοντες,
1538 998 1863 1103 καθάπερ
1912 998 2163 1099 ἀμέλει
2215 1003 2330 1080 καὶ
2372 1005 2669 1083 Παῦλος

260 1121 396 1202 τὸν
449 1125 527 1200 ἐν
575 1124 906 1229 Κορίνθῳ
961 1122 1464 1226 πορνεύσαντα
1517 1127 1900 1226 παρεδίδου
1954 1122 2087 1222 μὲν
2136 1134 2179 1171 “
2217 1129 2312 1207 εἷς
2367 1122 2671 1225 ὄλεθρον

261 1257 310 1294 “
343 1250 477 1344 Τῆς
513 1246 811 1350 σαρκὸς,
849 1248 965 1327 ἵνα
1002 1248 1086 1327 τὸ
1122 1256 1402 1345 πνεῦμα
1438 1250 1720 1354 σωθῇ,”
1780 1249 2123 1349 προσίετο
2172 1244 2251 1326 δὲ
2297 1248 2516 1343 αὖθις,
2551 1247 2669 1326 ἵνα

261 1367 369 1468 μὴ
407 1382 451 1416 “
478 1377 568 1476 τῇ
618 1371 1105 1478 περισσοτέρᾳ
1161 1370 1360 1478 λύπῃ
1416 1372 1852 1477 καταποθῇ,”
1893 1368 2215 1473 καθάπερ
2262 1369 2477 1454 αὐτὸς
2520 1372 2670 1451 ε’πι-

2766 1145 2790 1183 1
2810 1132 2926 1184 Cor.
2943 1150 2993 1186 v·

2765 1213 2813 1262 5.

2763 1380 2924 1509 3001.
2945 1381 2996 1430 ii.

261 1494 610 1575 στέλλων
646 1496 858 1603 φησί.
932 1495 1049 1575 ὅτε
1104 1496 1343 1576 τοίνυν
1391 1496 1476 1575 τὸ
1529 1502 1825 1595 Πνεῦμα
1857 1501 2189 1598 Χριστοῦ
2243 1491 2542 1596 γεγονὸς
2595 1496 2673 1574 ἐν
2697 1532 2732 1571 ιι
2757 1482 3011 1576 liozA.

151 1655 236 1697 10
263 1619 439 1719 ἡμῖν
475 1616 568 1698 τὰ
608 1616 803 1728 μόνῳ
842 1625 1009 1727 Θεῷ
1053 1621 1421 1726 πρέποντα
1469 1626 1761 1723 πληροῖ,
1798 1627 1952 1704 πῶς
2009 1620 2137 1698 οὐκ
2187 1619 2278 1699 ἂν
2328 1618 2432 1718 εἴη
2488 1615 2673 1698 κατὰ

264 1741 503 1849 φύσιν
540 1743 745 1842 Θεὸς,
784 1743 867 1824 τὸ
912 1748 1040 1844 τῆς
1087 1744 1279 1828 θείας
1331 1742 1623 1848 φύσεως
1660 1742 2000 1846 λαμπρὸν
2038 1744 2322 1850 ἀξίωμα
2365 1744 2667 1846 περικεί-

262 1902 488 1968 μενον
521 1874 868 1973 φυσικῶς,
908 1873 1025 1947 καὶ
1061 1874 1208 1948 τῶν
1244 1873 1447 1969 ἱερῶν
1484 1866 2042 1975 κατεξουσιάζον
2079 1866 2316 1965 νόμων
2343 1899 2364 1965 ;

265 2145 521 2223 Θωμᾶο
584 2142 655 2210 δὲ
710 2138 804 2209 εἷο
865 2144 941 2209 ἐκ
1002 2143 1136 2210 τῶν
1198 2141 1481 2226 δώδεκα,
1545 2146 1582 2212 ὁ
1649 2146 1997 2223 λεΓόμενοο
2061 2145 2346 2227 δίδυμος,
2407 2145 2525 2210 οὐκ
2590 2140 2669 2210 ἦν
2702 2173 2777 2227 24

369 2269 503 2349 μετ’
567 2270 784 2336 αὐτῶν
843 2272 955 2337 ὅτε
1009 2266 1205 2337 ἦλθεν
1259 2272 1297 2338 ὁ
1343 2271 1622 2339 Ἰησοῦς.
1694 2272 1920 2348 ἔλεΓον
1970 2269 2084 2338 οὖν
2138 2273 2318 2357 αὐτῷ
2361 2269 2424 2338 οἱ
2478 2272 2670 2336 ἄλλοι
2702 2297 2778 2358 25

155 2424 237 2485 15
372 2395 661 2473 μαθηταί
713 2395 1150 2485 Ἑωράκαμεν
1214 2397 1328 2464 τὸν
1401 2396 1657 2487 Κύριον.
1743 2400 1780 2465 ὁ
1837 2397 1911 2465 δὲ
1983 2392 2165 2465 εἶπεν
2227 2394 2449 2464 αὐτοῖο
2500 2396 2742 2475 ’Edvb

370 2524 461 2601 μή
522 2518 647 2588 ἴδω
690 2522 761 2589 ἒν
806 2518 952 2591 ταῖς
1000 2522 1214 2613 χερσὶν
1264 2523 1462 2591 αὐτοῦ
1501 2524 1616 2594 τὸν
1665 2524 1870 2592 τύπον
1920 2525 2049 2592 τῶν
2095 2527 2276 2592 ἥλων
2328 2524 2433 2590 καὶ
2485 2525 2667 2604 βάλω

371 2650 491 2719 τὸν
547 2648 871 2718 δάκτυλόν
927 2672 1049 2727 μου
1112 2648 1205 2716 εἷο
1267 2650 1380 2717 τὸν
1437 2652 1641 2718 τύπον
1703 2652 1837 2717 τῶν
1895 2654 2078 2717 ἥλων
2138 2651 2244 2716 καὶ
2308 2652 2493 2731 βάλω
2547 2650 2669 2717 τήν

372 2773 558 2865 χεῖρά
614 2800 737 2854 μου
793 2773 887 2843 εἷο
940 2775 1059 2843 τὴν
1113 2779 1403 2866 πλευρὰν
1458 2777 1681 2859 αὐτοῦ,
1735 2779 1810 2844 ού
1865 2777 1953 2854 μή
2010 2779 2362 2843 πιστεύσω.

383 2947 504 3028 Τά
555 2950 916 3053 ῦπερφερῆ
972 2955 1115 3029 τῶν
1165 2945 1547 3048 θαυμάτων
1599 2947 1714 3026 ἀεί
1761 2982 1914 3030 πως
1976 2946 2119 3051 ἔχει
2175 2945 2678 3048 παρεπομένην

155 3110 240 3152 20
265 3072 405 3175 τὴν
441 3074 809 3171 ἀπιστίαν,
845 3077 962 3152 καὶ
998 3071 1175 3176 ὅπερ
1230 3071 1320 3151 ἂν
1375 3078 1521 3152 τῶν
1555 3069 1935 3174 δρωμένων
1970 3069 2098 3149 τὸν
2144 3076 2272 3149 τοῦ
2327 3068 2677 3168 καθήκον-

267 3231 395 3282 τος
454 3195 845 3301 ὑπερτρέχῃ
884 3194 1110 3298 λόγον
1145 3198 1229 3277 ού
1272 3200 1441 3276 λίαν
1479 3197 1634 3276 ἐστὶ
1674 3203 1821 3279 τοῖς
1858 3193 2325 3297 ἀκροωμένοις
2367 3189 2675 3295 εὖπρόσ·
2702 3235 2740 3278 ο

270 3325 548 3401 δεκτον·
641 3323 965 3401 δυσωπεῖ
1013 3319 1099 3400 δέ
1150 3355 1233 3422 γε
1291 3319 1503 3418 μόλις
1552 3321 1596 3419 ἡ
1654 3320 1783 3401 θέα
1826 3318 2006 3421 πρὸς
2057 3325 2287 3415 τοῦτο,
2354 3314 2677 3418 καθάπερ

271 3445 367 3552 ἐξ
414 3443 732 3546 ἀνάγκης
780 3447 896 3524 καὶ
945 3447 1111 3541 βίας
1154 3444 1477 3525 ἕλκουσα
1511 3442 1693 3545 πρὸς
1731 3446 2168 3524 συναίνεσιν.
2229 3439 2553 3522 τοιοῦτόν
2607 3475 2677 3520 τι

269 3566 651 3652 πεπονθὼς
709 3571 827 3649 καὶ
887 3571 927 3649 ὁ
981 3568 1415 3675 σοφώτατος
1470 3573 1764 3668 Θωμᾶς,
1821 3569 1935 3648 ἐπὶ
2001 3572 2092 3673 τῇ
2155 3575 2283 3646 τοῦ
2344 3569 2679 3668 Σωτῆρος

163 3729 244 3790 ²5
271 3693 481 3793 ἡμῶν
516 3692 912 3774 ἀναστάσει
957 3693 1089 3794 τὴν
1125 3700 1270 3774 τῶν
1309 3694 1567 3797 ἑτέρων
1602 3698 1944 3792 μαθητῶν
1989 3694 2228 3791 ἀληθῆ
2281 3690 2679 3792 μαρτυρίαν

270 3819 578 3923 εὐχερῶς
633 3820 716 3898 οὐ
771 3820 1168 3922 προσίεται,
1221 3817 1445 3897 καίτοι
1498 3824 1627 3897 τοῦ
1684 3815 1867 3897 κατὰ
1903 3812 2234 3896 Μωυσέα
2289 3811 2681 3897 διειπόντος

271 3941 524 4039 νόμου,
565 3941 694 4022 δύο
739 3946 857 4022 καὶ
904 3949 1121 4046 τριῶν
1157 3944 1272 4022 ε’πὶ
1321 3941 1686 4039 στόματος
1737 3939 2120 4043 μαρτύρων
2157 3935 2354 4019 ἅπαν
2395 3934 2675 4037 σταθή-

270 4100 483 4145 σεται
535 4068 752 4170 ῥῆμα.
828 4071 1024 4147 δοκεῖ
1072 4065 1155 4147 δέ
1202 4100 1324 4163 μοι
1381 4073 1675 4166 μᾶλλον
1725 4066 1808 4145 οὐ
1868 4069 2218 4145 τοσοῦτον
2273 4064 2680 4162 ἀπιστῆσαι
2705 4075 2751 4139 d

271 4195 421 4274 τοῖς
486 4190 872 4293 εἰρημένοις
929 4192 970 4269 ὁ
1028 4187 1374 4291 μαθητὴς,
1443 4188 1622 4270 ὅσον
1682 4193 1809 4289 τῆς
1868 4185 2106 4289 λύπης
2169 4183 2432 4267 ἐλάσαι
2499 4183 2682 4287 πρὸς

351 4454 400 4493 1.
437 4435 548 4511 καὶ]
587 4447 636 4501 -Ι-
674 4438 759 4493 διὰ
785 4436 911 4508 (sic)
936 4455 989 4508 p.
1171 4436 1222 4490 6.
1262 4436 1392 4491 Non
1414 4435 1623 4492 addunt
1646 4436 1944 4561 τῇσατανᾷ
1969 4451 2022 4504 p.
2051 4431 2216 4487 Cord.
2383 4449 2436 4502 9.
2509 4431 2688 4502 εγονὸς

271 4508 342 4564 Ε.
371 4509 576 4578 Migne.
599 4509 817 4582 γέγονεν
841 4526 895 4579 p.
918 4508 1147 4579 γεγονὸς
1169 4507 1313 4563 Aub.
1550 4524 1633 4562 12.
1735 4507 1784 4561 ic
1811 4505 1922 4561 des.
1947 4502 2165 4576 χρήσεις
2189 4508 2292 4559 τῶν
2315 4503 2444 4556 κατὰ
2489 4502 2682 4555 ωάννου

269 4580 330 4636 in
353 4599 407 4652 p.
433 4581 528 4636 sol.
555 4580 678 4639 106.
902 4578 985 4634 16.
1023 4576 1151 4650 τῶν]
1178 4580 1268 4634 τὸν
1292 4578 1359 4633 Ε.
1585 4630 1590 4635 .

2771 3941 2927 3994 Dent.

2773 4010 2970 4073 xixa&
