3269 5166
188 370 322 435 xix.
347 371 412 434 6.
741 371 855 437 IN
915 371 982 436 S.
1033 369 1547 436 JOANNEM.
1638 369 1832 435 LIB.
1881 369 2042 435 XII.
2505 368 2587 431 65

192 537 312 614 καὶ
370 541 501 616 νῦν
563 537 1200 640 μεμαστιγωμένον
1262 538 1563 639 ὁρῶντες
1625 537 1743 615 καὶ
1806 542 1958 620 ταῖς
2032 534 2233 639 παρὰ
2296 533 2590 615 πάντων

193 659 502 758 ἀτιμίαις
549 664 932 767 μονονουχὶ
979 660 1332 762 μεθύοντα
1380 662 1970 763 προσεκτείνουσι
2018 661 2151 759 τὴν
2187 655 2432 763 ὀργὴν,
2470 662 2587 739 καὶ

188 782 284 863 τὰ
338 784 430 891 ἐξ
478 785 787 889 ἀμέτρου
820 785 1263 892 φθέγγονται
1298 782 1600 892 φθόνου.
1679 785 1957 870 σκοπὸς
2001 784 2144 889 γὰρ
2180 786 2417 868 αὐτοῖς
2460 781 2588 863 τὸν

186 915 321 988 τοῦ
357 910 780 1007 ἀμπελῶνος
816 911 1222 991 ἀποκτεῖναι
1258 908 1645 1010 δεσπότην·
1723 906 1951 1018 ᾤοντο
1991 908 2137 1012 γὰρ
2174 909 2358 1015 ἕξειν
2393 911 2588 987 ἀκιν-

121 1054 159 1116 5
189 1031 422 1117 δύνως
469 1031 601 1132 τὴν
635 1035 1114 1137 κληρονομίαν
1152 1036 1392 1131 αὐτοῦ,
1430 1038 1548 1114 καὶ
1583 1039 1643 1114 εἰ
1678 1034 1956 1137 γε’νοιτο
1993 1031 2213 1139 τυχὸν
2247 1036 2324 1113 ε’κ
2360 1033 2591 1180 με’σου

186 1153 543 1260 Χριστὸς,
578 1159 779 1239 αὐτοὶ
833 1157 1383 1261 καθηγήσεσθαι
1436 1156 1665 1240 πάλιν
1702 1161 1820 1238 καὶ
1861 1164 2015 1242 ταῖς
2056 1158 2255 1260 παρὰ
2296 1157 2589 1238 πάντων

186 1289 433 1379 τιμαῖς
480 1283 862 1390 ἐντρυφᾶν.
944 1282 1252 1368 ἀλλ’ὡς
1301 1284 1342 1361 ὁ
1380 1282 1707 1389 ψάλλων
1742 1283 1976 1390 φησίν
2024 1293 2069 1330 “
2095 1283 2194 1362 Ο
2243 1288 2590 1362 κατοικῶν
2611 1313 2647 1357 ο
2675 1313 2759 1363 Pe.
2783 1314 2836 1364 ii.
2861 1328 2907 1377 4.

188 1407 355 1484 “ε’ν
412 1407 732 1510 οὐρανοῖς
780 1404 1247 1510 ἐκγελάσεται
1306 1405 1585 1505 αὐτοὺς,
1647 1440 1763 1487 και
1825 1407 1867 1485 ὁ
1917 1405 2181 1508 Κύριος
2234 1409 2581 1507 ε’κμυκτη·

188 1538 419 1633 “ριεῖ
447 1531 748 1618 αὐτούς.’
834 1532 917 1611 οὐ
941 1530 1085 1634 γὰρ
1122 1531 1482 1631 ἐκβέβηκέ
1502 1566 1572 1611 τι
1608 1537 1755 1612 τῶν
1784 1530 1968 1610 κατὰ
2000 1529 2296 1632 γνώμην
2333 1531 2589 1628 αὐτοῖς,

75 1689 154 1730 ιο
184 1655 367 1734 ἀλλ’
406 1660 504 1740 εἶς
555 1662 705 1736 πᾶν
757 1657 1166 1736 τούναντίον
1220 1655 1310 1763 ἐξ
1358 1656 1850 1762 ἀντιστρόφου
1903 1658 2316 1755 μεταβολῆς
2360 1655 2405 1756 ἡ
2448 1661 2592 1735 τῶν

179 1777 639 1883 πραγμάτων
671 1779 1207 1885 μετακεχωρηκε
1245 1779 1494 1888 φύσις.

185 2031 377 2107 Neu-et
439 2027 662 2098 αὐτοῖο
714 2034 752 2100 ὄ
805 2034 1089 2099 Πιλάτοο
1146 2034 1387 2111 Λάβετε
1449 2027 1630 2109 ὑμεῖς
1694 2033 1913 2113 αὐτὸν,
1976 2033 2082 2098 καὶ
2145 2032 2586 2122 σταυρώσατε·

666 2158 801 2234 ὲΓὼ
853 2159 973 2249 Γὰρ
1025 2160 1141 2247 οὐχ
1194 2157 1477 2248 εὑρίσκω
1525 2159 1598 2225 ἐν
1654 2159 1836 2243 αὐτῷ
1888 2155 2119 2231 αἰτίαν.

2614 2261 2657 2323 d

311 2329 913 2431 Καταπλήττεται
952 2328 1275 2415 Πιλάτος
1312 2337 1373 2411 εὶ
1408 2330 1548 2434 ἄρα
1582 2366 1740 2415 πως
1782 2333 1898 2410 καὶ
1948 2337 2044 2416 εἷς
2096 2340 2307 2413 τοῦτο
2357 2366 2593 2413 κατοι-

84 2492 107 2532 ι
122 2488 159 2550 5
189 2453 497 2559 χὴσεται
539 2452 813 2556 τόλμης
848 2462 994 2536 τῶν
1026 2455 1393 2536 Ἰουδαίων
1427 2457 1468 2534 ὁ
1507 2458 1755 2556 δῆμος,
1797 2459 1913 2536 καὶ
1949 2456 1994 2556 ἡ
2029 2463 2177 2536 τῶν
2213 2458 2595 2562 ἀρχιερέων

186 2578 816 2684 ἀπανθρωποτάτη
871 2579 1177 2681 πληθὺς,
1228 2576 1420 2660 ὥστε
1478 2583 1592 2660 καὶ
1648 2578 1777 2660 τὸν
1832 2581 2016 2661 οὕτω
2072 2581 2377 2688 φρικτὸν
2429 2586 2587 2663 ἐπι-

188 2711 419 2786 θεῖναι
493 2705 805 2787 θιίνατον
866 2704 969 2806 μὴ
1036 2711 1540 2810 παραιτεῖσθαι
1603 2710 1936 2813 Χριστῷ,
2005 2705 2230 2785 καίτοι
2294 2710 2421 2805 τῆς
2495 2712 2590 2791 εἷς

189 2838 411 2909 τοῦτο
467 2830 834 2930 καλούσης
891 2828 1108 2911 αὐτὸν
1165 2831 1390 2913 αἰτίας
1447 2824 1840 2926 οὐδαμόθεν
1896 2828 2397 2936 ἐξηυρημένης.
2475 2830 2593 2911 διὰ

190 2953 341 3056 γάρ
370 2986 485 3032 τοι
510 2951 723 3033 τοῦτό
760 2959 969 3062 φησι,
998 2956 1377 3059 μονονουχὶ
1417 2956 1534 3033 καὶ
1570 2956 1668 3037 ὡς
1706 2954 2135 3054 ὑβρισμένος
2172 2954 2597 3056 ἀγανακτῶν

82 3113 166 3154 20
187 3074 371 3174 Ἐμὲ
420 3079 727 3178 ταυτησὶ
760 3083 887 3178 τῆς
922 3079 1167 3159 ἀδίκου
1202 3079 1613 3185 μιαιφονίας
1645 3073 2090 3177 ἐποιήσασθε
2126 3077 2535 3179 βραβευτήν
2567 3111 2587 3174 ;

187 3200 338 3304 ἐγὼ
390 3199 595 3305 παρὰ
647 3202 921 3288 πάντας
975 3200 1141 3288 τούς
1175 3203 1554 3302 Ῥωμαίων
1590 3198 1849 3299 νόμους
1886 3202 2004 3280 καὶ
2052 3206 2200 3281 τῶν
2242 3200 2594 3303 ἀνεγκλή-

186 3360 339 3406 των
409 3324 672 3425 ἕσομαι
739 3324 1106 3432 φονευτὴς,
1174 3333 1329 3410 ταῖς
1404 3324 1481 3406 δὲ
1551 3324 1913 3429 ὑμετέραις
1983 3325 2590 3427 ἀναπεπεισμένος

190 3455 469 3556 φωναῖς
504 3450 589 3530 τὸ
623 3452 928 3550 ἐμαυτοῦ
960 3448 1379 3554 προήσομαι
1413 3447 1801 3556 χρήσιμον,
1841 3451 1959 3529 καὶ
1993 3457 2145 3534 ταῖς
2181 3449 2352 3555 παρ’
2393 3454 2590 3550 ὑμῶν
2614 3492 2649 3534 e

191 3571 532 3674 αὶτῆσεσι
599 3575 1119 3681 ῥιψοκινδύνως
1191 3577 1582 3677 ὑπηρετῶν,
1647 3574 1776 3654 οὐκ
1841 3575 1917 3653 ἐν
1975 3572 2271 3654 ἐλπίσιν
2330 3574 2590 3672 ἔσομαι
2613 3677 2629 3690 .

84 3740 118 3781 2
131 3736 169 3799 5
192 3706 322 3778 τοῦ
358 3703 617 3780 παθεῖν
652 3697 745 3780 τὰ
778 3697 1017 3793 δεινάς
1078 3704 1138 3779 εἰ
1171 3698 1275 3798 μὴ
1310 3696 1455 3801 γὰρ
1488 3697 1729 3779 οἴεσθε
1759 3702 1905 3778 τῶν
1940 3698 2253 3778 ἀνοσίων
2287 3732 2357 3779 τι
2393 3704 2592 3803 δρᾶν,

190 3828 252 3904 εἰ
325 3817 429 3921 μὴ
500 3821 828 3928 χαλεπὸν
890 3819 1067 3904 εἶναι
1130 3822 1218 3903 τὸ
1278 3829 1582 3925 πρᾶγμα
1647 3821 2047 3925 λογίζεσθε,
2111 3826 2302 3928 ὑμεῖς
2375 3824 2596 3922 αὐτοὶ,

189 3949 451 4055 φησὶν,
490 3952 554 4026 οἱ
608 3954 757 4032 τοῖς
814 3948 1025 4032 θείοις
1078 3950 1553 4053 ε’παυχοῦντες
1605 3943 2056 4047 μαθήμασιν,
2093 3950 2159 4025 οὶ
2197 3948 2310 4027 ἐπὶ
2362 3945 2601 4047 νόμων

189 4072 462 4171 εἶδήσει
522 4068 655 4170 τὴν
714 4070 951 4179 όφρύν
1007 4070 1289 4177 ἔχοντες
1353 4069 1680 4177 ὑψηλὴν,
1732 4069 2012 4177 πήξατε
2072 4068 2200 4151 τὸν
2256 4069 2598 4177 σταυρὸν,

184 4194 614 4296 τολμήσατε
649 4194 782 4276 τὸν
818 4194 1066 4302 φόνον,
1104 4192 1726 4298 ἀνοσιουργήσατε
1776 4195 1862 4275 δι’
1902 4196 2196 4288 ἑαυτῶν,
2237 4196 2436 4275 αὐτοὶ
2471 4201 2599 4297 τῆς

80 4355 164 4413 30
186 4321 462 4401 ἑαυτῶν
501 4319 969 4427 καταχέοντες
1005 4324 1326 4428 κεφαλῆς
1364 4317 1458 4399 τὰ
1490 4322 1566 4400 ἐκ
1604 4323 1731 4418 τῆς
1768 4318 2128 4420 τοσαύτης
2167 4322 2597 4416 δυσσεβείας
2624 4342 2934 4399 a1047A.

262 4569 315 4616 4.
350 4549 463 4617 ἕξιν
487 4550 552 4606 Ε.
1012 4567 1095 4605 22.
1135 4551 1191 4606 δὲ
1218 4568 1326 4606 om.
1353 4549 1411 4605 F.
1489 4549 1683 4605 Statim
1709 4549 1975 4620 ὑμετέραις
2003 4550 2127 4606 E.F.
2156 4549 2259 4606 Ed.
2286 4568 2397 4622 mg.
2422 4549 2600 4620 ἡμετέ-

191 4643 307 4692 ραις
334 4620 437 4676 Ed.

280 4723 424 4769 VOL.
460 4724 564 4768 ΙΙΙ.
1406 4724 1449 4767 K
