3269 5166
651 342 737 404 48
1258 343 1336 407 Β.
1385 344 1803 409 CYRILLI
1865 345 2455 411 ALEXANDR.
2742 343 2920 409 xviii.
2957 362 3063 428 29.

653 518 697 553 “
736 534 879 586 σοι·
948 505 1032 586 τὸ
1081 506 1560 605 ἀνταπόδομά,
1597 545 1742 589 σου
1794 510 2464 612 ἀνταποδοθήσεταί
2509 544 2632 590 σοι
2689 514 2786 593 εἰς
2837 516 3064 613 κεφα-

655 641 697 676 “
736 630 876 731 λήν
911 633 1112 712 σου.”
1172 636 1288 712 καὶ
1344 632 1488 731 μὴν
1533 637 1652 713 καὶ
1708 633 1920 718 αὐτὸς
1978 637 2018 714 ὃ
2076 641 2260 719 θεῖος
2315 637 2686 740 ἀναφωνεῖ
2732 630 3064 741 μελῳδός

318 755 563 884 ΞΜἯῙῙ·
657 767 697 803 “
736 754 1049 840 Ἀπόδος
1098 755 1181 835 τὸ
1231 756 1694 854 ἀνταπόδομα
1743 761 1980 838 αὐτῶν
2016 761 2271 855 αὐτοῖς,
2312 756 2495 837 κατὰ
2542 756 2636 837 τὰ
2685 759 2864 859 ἔργα
2912 764 3063 837 τῶν

318 893 575 949 1084Δ-
593 909 631 948 a
657 890 699 926 “
737 887 992 985 χειρῶν
1028 881 1264 960 αὐτῶν
1301 880 1423 964 δὸς
1460 880 1765 965 aiacis?
1822 881 2072 985 ὥσπερ
2123 882 2267 984 γὰρ
2319 884 2517 962 αὐτοὶ
2556 880 2685 961 τὸν
2719 879 3064 961 ἁπάντων

657 1008 962 1107 Σωτῆρα
1016 1008 1131 1084 καὶ
1192 1004 1519 1107 Χριστὸν
1577 1011 1723 1089 τοῖς
1764 1008 2139 1102 Ῥωμαίων
2192 1007 2673 1110 προσήγαγον
2728 1038 3050 1108 στρατη·
3083 1028 3118 1091 5

653 1135 828 1228 γοῖς,
887 1131 1071 1208 οὕτω
1131 1127 1217 1208 τὸ
1274 1129 1441 1208 ἴσον
1496 1129 1584 1236 ἐξ
1637 1133 2126 1235 ἀντιστροφῆς
2204 1133 2671 1229 ὑπομένοντες
2743 1135 2835 1235 τῇ
2911 1136 3061 1208 τῶν

651 1254 1026 1348 Ῥωμαίων
1081 1255 1598 1355 παραδέδονται
1665 1253 2070 1360 δυναστείᾳ,
2126 1258 2243 1334 καὶ
2303 1262 2394 1360 τῇ
2452 1260 2597 1333 τῶν
2651 1253 2813 1335 τότε
2873 1288 3052 1357 κρα-

652 1376 966 1457 τούντων
1019 1380 1200 1482 χειρὶ
1254 1378 1792 1477 δεδαπάνηνται.
1887 1374 2112 1462 δεινός
2167 1379 2310 1481 γὰρ
2365 1382 2552 1459 οὕτω
2611 1376 2762 1459 κατ’
2819 1380 3059 1458 αὐτῶν

651 1500 994 1606 ἐξεκαύθη
1059 1499 1402 1598 πόλεμος,
1471 1504 1588 1581 καὶ
1656 1500 2189 1606 ἀπηχεστάταις
2257 1504 2441 1581 οὕτω
2503 1501 3056 1600 κεκοινωνήκασι

651 1632 1085 1732 συμφοραῖς,
1125 1628 1223 1710 ὡς
1259 1625 1449 1728 εἴπερ
1484 1626 1683 1733 ἐξῆν,
1726 1625 1934 1728 ὅρεσί
1977 1660 2052 1704 τε
2103 1630 2217 1706 καὶ
2265 1627 2554 1729 πέτραις
2600 1626 3056 1709 εἷσδύνοντας
3083 1660 3146 1705 ιο

650 1749 1053 1829 ἐντεθνάναι
1109 1749 1303 1833 τινας
1361 1748 1504 1852 πρὸ
1560 1754 1687 1843 τῆς
1742 1758 1871 1830 τοῦ
1920 1750 2245 1846 πολέμου
2296 1748 2457 1833 θέας
2507 1751 2706 1851 ἥδιον
2750 1749 2840 1829 ἂν
2886 1753 3048 1830 ἕλε’·

584 1894 627 1960 b
654 1881 852 1971 σθαι,
890 1878 1005 1954 καὶ
1056 1882 1268 1953 τοῦτο
1318 1874 1668 1957 πολλούς·
1736 1871 1776 1954 ὃ
1820 1872 1907 1973 δὴ
1959 1872 2393 1976 αἱρήσεσθαι
2440 1871 2977 1976 προαγγέλλων
3014 1876 3052 1953 ὁ

314 2009 511 2125 ἓξὲξ)
660 1998 922 2100 Κύριος
984 1997 1302 2102 ἔφασκεν
1360 2009 1402 2043 “
1427 1995 1674 2077 ‘'Orav
1728 1998 1918 2097 ἴδητε
1985 1998 2470 2097 κυκλουμένην
2528 1996 2665 2078 ὑπὸ
2728 2032 3046 2100 στρατο-

315 2138 395 2189 lb·
417 2112 559 2190 xxiii.
654 2134 698 2171 “
735 2122 967 2204 πέδων
1002 2122 1133 2222 τὴν
1169 2118 1677 2224 Ἰερουσαλὴμ,
1715 2119 1874 2232 τότε
1926 2125 2138 2225 ἐρεῖτε
2194 2129 2342 2207 τοῖς
2390 2121 2592 2225 ὄρεσι
2643 2122 3047 2228 Καλύψατε

319 2220 400 2267 '⁷⁶⁰'
654 2259 697 2295 ‘⁴
733 2249 914 2346 ἡμᾶς
955 2251 1069 2326 καὶ
1105 2253 1252 2328 τοῖς
1285 2251 1570 2339 βουνοῖς
1612 2245 1900 2326 Πέσατε
1937 2248 2049 2353 ἐφ’
2089 2245 2335 2345 ἡμᾶς.”
3077 2276 3138 2334 15

550 2579 626 2636 29
747 2560 1066 2628 Ἐξῆλθεν
1122 2557 1234 2627 οὖν
1288 2564 1326 2629 ὁ
1378 2562 1664 2629 Πιλάτοο
1714 2563 1849 2632 ἔξω
1902 2562 2069 2654 πρὸς
2123 2563 2359 2630 αὐτοὺς
2414 2560 2522 2628 καί
2574 2587 2736 2652 φησι
2788 2562 2952 2630 Τι’να

947 2687 1332 2778 κατΗι-ορίαν
1388 2693 1625 2778 φέρετε
1683 2691 1846 2756 κατὰ
1902 2696 2014 2756 τοῦ
2072 2688 2424 2779 ἀνθρώπου
2479 2690 2752 2773 τούτους

767 2892 1291 2991 Παραιτοῦνται
1346 2887 1499 2988 μὲν,
1555 2890 1652 2972 ὡς
1711 2886 2140 2996 ᾤοντοκτὸν
2193 2892 2271 2969 ἐκ
2331 2889 2558 2969 λίθων
2617 2891 2732 2968 καὶ
2790 2891 3048 2993 τοίχων

590 3051 627 3096 ο
649 3012 1053 3113 μολυσμὸν,
1102 3013 1325 3121 ἔξεισι
1382 3011 1457 3092 δὲ
1515 3022 1544 3093 ὁ
1593 3012 1925 3110 Hand-rof,
1970 3016 2086 3093 καὶ
2142 3012 2689 3094 διαπυνθάνεται
2744 3012 2874 3108 μὲν
2924 3016 3047 3111 τῆς

647 3135 828 3241 πρὸς
894 3137 1112 3217 αὐτὸν
1168 3137 1483 3244 ἀφίξεως
1542 3134 1673 3236 τὴν
1728 3138 1978 3233 αἰτίαν,
2030 3137 2296 3244 ἐξαιτεῖ
2352 3137 2425 3217 δὲ
2490 3143 2706 3217 εἰπεῖν
2766 3134 2860 3214 τὰ
2926 3142 3049 3215 τοῦ
3073 3165 3135 3209 20

649 3261 1215 3362 προσοισθέντος
1263 3253 1706 3361 ἐγκλήματα,
1744 3261 2183 3364 κατακρίνων
2221 3263 2384 3341 καθ’
2422 3260 2660 3362 ἕτερον
2696 3256 2862 3342 τοὺς
2908 3265 3050 3338 τῶν

648 3382 1011 3463 Ἰουδαίων
1068 3384 1497 3485 καθηγηταῖς.
1586 3382 1768 3486 ἀνὴρ
1824 3384 1968 3485 γὰρ
2023 3383 2428 3486 ἀλλογενὴς
2483 3383 2611 3463 τὸν
2667 3387 2811 3462 τῶν
2860 3385 3041 3462 Ἰου-

651 3508 869 3586 δαίων
926 3511 1356 3587 δυσωπεῖται
1418 3506 1715 3605 θεσμὸν,
1774 3511 1890 3587 καὶ
1955 3506 2039 3588 τὸ
2107 3512 2479 3610 κρατῆσαν
2542 3509 2710 3608 παρ’
2770 3509 3050 3591 ἐκείνοις

650 3631 810 3715 ἔθος
874 3631 964 3738 ἐξ
1021 3633 1395 3727 εὐλαβείας
1453 3630 1890 3736 αἰσχύνεται.
1990 3632 2211 3738 ἐξέθει
2278 3631 2418 3734 γὰρ
2481 3629 2860 3731 ἀσυνήθως
2923 3639 3051 3711 τοῦ

651 3759 1228 3861 φροντιστηρίου,
1288 3755 1373 3837 τὸ
1442 3755 1623 3837 ὅσον
1680 3763 1898 3836 εἰπεῖν
1954 3760 2066 3837 ἐπὶ
2122 3764 2211 3862 τῇ
2274 3755 2563 3855 δυνάμει
2628 3764 2756 3836 τοῦ
2809 3756 3044 3859 πράγ-
3075 3787 3136 3845 ²5

647 3915 875 3976 ματος
911 3889 1058 3966 τοῖς
1093 3880 1461 3965 Ἰουδαίοις
1508 3878 1627 3960 διὰ
1677 3881 1931 3961 τούτου
1970 3878 2286 3986 φράσας,
2325 3880 2433 3960 ὅτι
2485 3880 2626 3986 χρὴ
2678 3887 3048 3983 τηρεῖσθαι

646 4005 776 4087 τὸν
850 4005 1091 4105 νόμον
1185 4009 1251 4086 οἱ
1326 4004 1401 4084 δὲ
1477 4010 1625 4088 τοῖς
1699 4007 1909 4088 θείοις
1982 4004 2385 4103 ἐντάλμασι
2462 4011 2893 4110 φρονοῦντες
2962 4002 3048 4085 τὰ

582 4153 625 4218 d
646 4132 946 4227 ἐναντία,
981 4134 1098 4211 καὶ
1142 4128 1360 4233 μικρὰ
1412 4133 1668 4235 κομιδῇ
1717 4135 1862 4208 τῶν
1900 4127 2019 4209 διὰ
2057 4128 2432 4212 Μωυσέως
2468 4129 3049 4225 τεθεσπισμένων

649 4256 1184 4360 φροντίσαντες,
1222 4254 1466 4333 ἄδικον
1504 4251 1914 4357 ἐργάζονται
1968 4253 2215 4358 φόνον,
2255 4254 2368 4332 καὶ
2409 4255 2448 4332 ὁ
2485 4251 2615 4352 μὲν
2650 4252 2792 4359 ἔξω
2831 4253 3048 4351 νόμου

724 4547 803 4595 14.
842 4527 1270 4598 ὄρεσι-βουνοῖς
1294 4525 1398 4607 hoq
1423 4525 1609 4608 oizi-ine
1636 4526 1701 4581 Ε.
1726 4524 1876 4595 ὄρεσι
1901 4535 1954 4580 et
1976 4528 2184 4591 βουνοῖς
2209 4525 2348 4580 iuter
2373 4544 2431 4581 se
2456 4537 2522 4581 tr.
2553 4523 2654 4581 Ed.
2843 4539 2923 4596 ¹5·
2957 4521 3048 4580 π’·

645 4621 774 4654 care
802 4597 865 4652 Ε.
892 4598 961 4652 cf.
988 4614 1154 4667 supra
1176 4611 1278 4668 517
1299 4596 1352 4660 b,
1380 4613 1436 4650 m
1462 4614 1532 4651 xn
1566 4596 1759 4668 Proph.
1787 4597 1886 4664 148
1903 4596 1956 4652 b.
1982 4595 2171 4652 πέσετε
2201 4594 2303 4651 Ed.
