3269 5166
641 313 776 379 374
989 310 1071 374 B.
1110 307 1494 374 GYRILLI
1548 304 2087 374 ALEXANDR.
2138 302 2705 369 FRAGMENTA
2902 300 2947 365 i.
2973 300 3030 364 6.

331 407 481 476 [ιφ
495 409 574 459 M„
594 409 619 474 ]
643 475 1082 581 στρέφοντες
1144 478 1237 578 τῇ
1301 473 1532 553 κτίσει
1592 480 1808 552 τοῦτο
1880 469 2396 553 συντάττοντες
2451 465 2619 547 ἀλλ’
2667 464 3033 566 ἐπειδήπερ

643 600 845 678 ἐστὶν
883 600 958 677 ἐν
992 602 1184 678 πᾶσι
1218 594 1603 698 πρωτεύων
1639 593 1915 679 αὐτος.

310 749 399 799 Ea.
410 748 536 798 lxiii.
553 761 779 800 1..
833 781 851 799 .
900 717 1102 816 .κὸς,
1131 716 1621 868 θαυμάΙζοντες
1639 715 1897 817 ἔλεγον
1933 727 1977 765 “
2004 716 2136 800 Τίς
2172 715 2379 799 οὗτος
2406 715 2447 794 ὁ
2471 711 3038 816 παραγενόμενος

311 814 507 929 {to-{gp
530 814 598 863 ’ἀ
649 853 691 889 “
726 843 814 949 ἐξ
841 842 1109 941 Ἐδῶμ·
1174 841 1549 921 τουτέστιν
1584 843 1664 920 ἐκ
1699 845 1854 943 γῆς·
1918 839 2294 943 ἐρύθημα
2274 840 2569 936 ιματίων
2593 838 2672 915 ἐκ
2697 836 3034 937 Βοσόρ·”
2967 898 2990 929 ,

311 944 608 1059 {cf-3³15&
648 963 689 1045 ὅ
743 968 902 1045 ἐστι
951 970 1042 1072 τῇ
1085 963 1410 1094 Ἔλλαδι
1467 970 1678 1071 φωνῇ
1732 968 2051 1068 συνοχῆς
2105 960 2152 1062 ἢ
2213 963 2637 1069 θλίψεως“
2665 960 2857 1039 ἱνατί
2901 992 3039 1037 σου
3062 987 3097 1047 5

310 1075 567 1189 ’ἷῗζῗὲω
649 1100 693 1137 “
727 1088 990 1193 ἐρυθρὰ
1026 1088 1118 1169 τὰ
1150 1088 1415 1189 ἱμάτια
1459 1091 1577 1168 καὶ
1618 1085 1712 1167 τά
1765 1088 2122 1186 ἐνδύματα
2176 1120 2318 1166 σου
2372 1087 2470 1169 ὦς
2525 1081 2671 1164 ἀπὸ
2724 1092 3040 1182 πατητοῦ

311 1206 623 1321 Ξίοιιιῗίὶὶῗ
648 1223 693 1260 κ
725 1222 997 1313 Annei>-
977 1276 998 1309 ‚
1013 1215 1054 1241 ”
1110 1210 1794 1315 προσεπυνθάνοντο
1838 1210 1915 1290 δέ
1952 1212 2231 1289 κάκεῖνο
2267 1208 2597 1311 λέγοντες
2629 1218 2674 1254 “
2702 1207 2807 1287 Τί
2836 1207 3042 1287 m

312 1336 363 1387 ⁶·
649 1349 695 1386 ‘⁶
730 1343 804 1418 αἱ
856 1339 1136 1438 πληγαὶ
1192 1341 1266 1416 αἱ
1322 1335 1463 1415 ἀνά
1524 1334 1755 1435 με’σον
1815 1340 1962 1414 τῶν
2015 1339 2272 1438 χειρῶν
2325 1366 2469 1412 σου
2499 1330 2566 1428 ;”
2627 1333 2669 1410 ὁ
2727 1330 2805 1410 δὲ
2865 1330 3042 1434 πρὸς

649 1461 904 1545 αὐτούς
952 1472 994 1509 “
1017 1458 1142 1544 Ἂς
1178 1457 1506 1562 ἐπλήγην
1541 1461 1616 1538 ἐν
1653 1464 1756 1566 τῷ
1793 1457 1962 1565 οἴκῳ
1999 1462 2102 1565 τῷ
2139 1458 2489 1562 ἀγαπητῷ
2522 1455 2733 1552 μου.”
2809 1458 2930 1534 καὶ
2965 1456 3045 1534 οὖ

650 1583 882 1685 δήπου
930 1584 1111 1690 φαίη
1155 1617 1261 1667 τις
1305 1579 1396 1662 ἀν
1430 1585 1527 1666 ὡς
1573 1580 1665 1681 ἧν
1699 1580 1790 1688 ἐξ
1820 1578 2135 1683 ἀνάγκης
2186 1580 2379 1685 αὐτῷ
2433 1575 2597 1662 τοὺς
2645 1584 2792 1658 τῶν
2849 1579 3047 1679 ἥλων
3073 1609 3135 1650 ιο

649 1711 914 1791 τύπους
950 1708 1210 1787 ἐνεῖναί
1253 1740 1332 1787 τε
1375 1704 1558 1803 μετά
1611 1704 1744 1805 τὴν
1780 1702 2190 1783 ἀνάστασιν
2234 1705 2352 1782 καὶ
2405 1700 2548 1782 σὺν
2582 1703 2824 1787 αὐτοῖς
2880 1705 3044 1782 ἀνα·

649 1831 922 1925 βαίνειν
957 1835 1052 1914 εἷς
1091 1826 1218 1909 τὸν
1254 1827 1581 1932 οὐρανόν·
1652 1831 1873 1908 ἐκεῖνο
1921 1826 2000 1908 δὲ
2046 1833 2340 1925 μᾶλλον
2375 1824 2656 1909 εἰκότως
2701 1832 3050 1928 περινοεῖν

652 1953 881 2060 ἄξιον.
941 1951 1193 2054 ὥσπερ
1227 1954 1719 2052 ἀπιστήσαντι
1755 1953 1858 2059 τῷ
1895 1956 2133 2056 Θωμᾷ
2164 1946 2329 2034 τοὺς
2366 1947 2631 2033 τύπους
2668 1955 2817 2027 τῶν
2853 1948 3051 2049 ἥλων

654 2082 769 2157 καὶ
825 2075 1047 2176 αὐτὴν
1083 2076 1390 2183 ἐπέδειξε
1447 2073 1579 2175 τὴν
1612 2074 1937 2178 πλευρὰν
1972 2073 2089 2152 ἵνα
2126 2071 2384 2153 λοιπὸν
2418 2073 2776 2178 ἀναπείσῃ
2815 2072 3050 2174 λέγειν

319 2224 538 2275 S.Jo⁸n.
654 2201 742 2308 ἐξ
772 2202 1117 2297 εὐμαθοῦς
1155 2199 1464 2283 διανοίας
1500 2209 1544 2247 “
1571 2199 1671 2279 Ὁ
1713 2195 1978 2300 Κύριός
2013 2231 2155 2296 μου
2193 2199 2310 2276 καὶ
2336 2197 2377 2275 ὁ
2411 2194 2597 2281 Θεός
2631 2197 2835 2295 μου,”
2868 2197 3050 2276 οὕτω
3083 2221 3142 2280 ¹5

316 2307 405 2342 α’
432 2289 510 2339 28.
656 2320 975 2426 καθάπερ
1011 2326 1283 2431 ἐγῷμαι
1330 2329 1479 2406 τοῖς
1522 2322 1751 2425 ἁγίοις
1801 2319 2139 2423 ἀγγέλοις
2194 2321 2477 2425 ἐμφανῆ
2534 2318 2887 2403 καθιστὰς
2929 2323 3054 2417 τῆς

654 2448 838 2546 ’μετὰ
889 2445 1162 2549 σαρκὸς
1218 2446 1620 2544 οἰκονομίας
1673 2443 1802 2524 τὸν
1857 2443 2124 2546 τρόπον
2173 2443 2353 2542 μετὰ
2405 2449 2551 2523 τῶν
2596 2452 2725 2523 τοῦ
2779 2444 3053 2527 πάθους

658 2571 976 2671 σημείων
1009 2572 1356 2678 ἐφαίνετο,
1394 2566 1658 2675 ἐρυθρά
1706 2577 1883 2672 γοῦν
1919 2566 2012 2648 τά
2058 2566 2301 2665 ἱμάτια
2346 2567 2588 2674 φέρων
2626 2570 2743 2647 καὶ
2800 2566 3054 2653 αὐτοὺς

660 2694 738 2776 δὲ
794 2693 958 2779 τοὺς
1016 2695 1278 2778 τύπους
1338 2700 1484 2773 τῶν
1546 2692 1749 2794 ἥλων
1809 2692 1927 2771 ἵνα
1991 2695 2108 2771 καὶ
2170 2692 2368 2771 αὐτοὶ
2428 2689 2899 2771 πιστεύσειαν
2960 2694 3056 2775 ὦς

663 2816 882 2927 φύσει
929 2853 1008 2899 τε
1058 2821 1175 2897 καὶ
1218 2820 1509 2916 ἀληθῶς
1546 2814 1889 2919 ὑποίρχων
1926 2812 2112 2900 Θεὸς
2147 2814 2397 2917 γέγονε
2436 2818 2553 2893 καὶ
2592 2810 2736 2898 υἱός
2770 2814 3050 2917 ἀνθρώ-
3081 2849 3148 2889 zo

661 2978 830 3041 που,
870 2949 1091 3042 σῶμα
1143 2939 1398 3035 λαβὼν
1431 2942 1507 3019 ἐκ
1545 2943 1674 3038 τῆς
1709 2940 1918 3041 ἁγίας
1951 2939 2308 3040 παρθένου
2348 2942 2462 3018 καὶ
2513 2943 2750 3023 καθεὶς
2805 2937 3058 3019 ἑαυτὸν

329 3077 408 3127 ct.
430 3077 562 3127 infr·
577 3093 627 3128 ¹·
667 3074 765 3151 εἰς
820 3067 1141 3163 κένωσιν,
1176 3065 1295 3145 ἵνα
1347 3061 1787 3169 προσφορὰν
1820 3065 1937 3142 καὶ
1973 3062 2234 3143 θυσίαν
2270 3060 2520 3142 ἑαυτὸν
2554 3062 2731 3165 ὑπὲρ
2766 3061 3059 3144 πάντων

331 3156 380 3208 δ’
665 3196 763 3275 εἶς
818 3189 1058 3290 ὀσμὴν
1094 3189 1381 3271 εὐωδίας
1436 3189 1720 3271 ἀναθεὶς
1771 3192 1875 3295 τῷ
1911 3191 2078 3293 Θεῷ
2120 3191 2235 3265 καὶ
2277 3188 2511 3289 Πατρὶ
2546 3184 2884 3291 διασώσῃ
2929 3185 3058 3285 τὴν

665 3315 780 3394 ὑπ’
821 3312 1140 3415 οὐρανόν·
1217 3316 1616 3414 προσκυνεῖ
1658 3318 2039 3412 τοιγαροῦν
2076 3312 2192 3388 καὶ
2242 3310 2288 3409 ἡ
2336 3312 2481 3389 τῶν
2519 3307 2857 3410 ἀγγέλων
2892 3308 3058 3410 ἁγία

663 3435 969 3536 πληθὺς,
1006 3437 1090 3515 οὐ
1137 3434 1665 3535 παραιτουμένη
1721 3432 1853 3533 τὴν
1889 3433 2389 3536 προσκύνησιν
2443 3432 2555 3514 ὅτι
2609 3431 3057 3534 πρωτότοκος
3085 3454 3148 3510 ²5

665 3559 756 3662 ἦν
809 3561 927 3640 καὶ
973 3562 1049 3639 ἐν
1096 3567 1401 3644 πολλοῖς
1456 3561 1800 3662 ἀδελφοῖς
1855 3557 2252 3659 ἄνθρωπος,
2290 3556 2751 3658 δεδιδαγμένη
2802 3556 2879 3637 δὲ
2931 3555 3059 3654 τὴν

666 3683 1072 3782 οἰκονομίαν
1109 3686 1224 3763 καὶ
1265 3682 1392 3761 τὸν
1429 3684 1506 3761 ἐκ
1543 3687 1733 3761 Θεοῦ
1777 3678 1962 3760 κατὰ
2001 3678 2230 3787 φύσιν
2264 3681 2852 3783 ἐπιγινώσκουσα
2883 3680 3058 3759 Tabae

669 3809 787 3887 καὶ
825 3805 942 3886 ὅτε
981 3805 1230 3909 γέγονε
1268 3803 1493 3911 σάρξ.

747 4059 793 4096 1.
832 4037 1013 4122 τοῦτο]
1044 4040 1127 4095 Ῑω
1153 4038 1230 4095 H.
1574 4040 1736 4110 3-28.
1779 4038 1924 4092 Haec
1951 4046 2229 4107 assumpta
2251 4055 2318 4094 ex
2340 4055 2389 4093 c.
2414 4037 2504 4092 fol.
2533 4054 2656 4108 243,
2685 4037 2761 4094 ἰω
2784 4039 2890 4094 inci
3011 4044 3064 4091 te

670 4118 798 4184 post
812 4112 938 4166 folio
958 4112 1190 4175 ηωίοοος
1216 4127 1343 4166 cum
1367 4110 1495 4165 folio
1519 4111 1716 4164 amisso
1740 4109 1998 4163 amissum
2023 4117 2076 4162 et
2102 4126 2315 4174 nomen,
2334 4107 2560 4163 exhibeo
2584 4120 2784 4175 ωιηοη,
2808 4109 2866 4165 S.
2929 4107 3064 4181 yrilfi

671 4199 789 4239 οοοο
810 4182 902 4238 vix
928 4181 1201 4238 dubitans.
1529 4197 1612 4236 11.
1650 4181 1836 4236 ἐνεῖκαί
1861 4178 1991 4249 (err.
1997 4177 2026 4250 )
2052 4178 2143 4234 Cr.
