3269 5166
247 335 309 378 v.
342 334 450 380 20.
740 317 851 382 IN
902 309 1428 384 EPISTOLAM
1478 320 1608 385 AD
1663 322 2132 392 ROMANOS.
2250 377 2254 382 «
2519 333 2646 397 187

2816 431 2894 483 Μ.

238 476 476 575 νόμος.
554 479 936 582 νενόσηκεν
971 483 1099 563 οὖν
1135 483 1181 580 ἦ
1228 482 1453 590 φύσις
1506 481 1639 583 τὴν
1673 487 2027 591 ἁμαρτίαν
2066 487 2184 571 δια
2234 489 2348 586 τῆς
2400 528 2637 598 παρα·
2719 431 2797 497 [9
2916 431 2942 497 ]

241 602 390 696 κοῆς
432 606 543 684 τοῦ
593 604 750 695 ἕνὶς,
790 604 1160 685 τουτέστιν
1195 605 1456 702 Ἀδάμ·
1515 608 1739 692 οὕτως
1774 617 2168 717 ἁμαρτωλοὶ
2214 615 2635 708 κατεστάθη-

235 762 362 807 σαν
400 736 454 808 οἱ
509 736 794 819 πολλοὶ,
834 729 969 834 οὐχ
1018 731 1113 813 ὡς
1158 736 1261 836 τῷ
1298 728 1540 828 Ἀδὰμ
1576 733 2339 837 συμπαραβεβηκότες,
2378 739 2463 817 οὗ
2498 737 2643 841 γὰρ

232 846 422 947 ἦσαν
477 851 791 949 πώποτε,
842 854 1018 932 ἀλλ’
1072 857 1168 937 ὡς
1212 857 1339 952 τῆς
1393 855 1657 934 ἐκείνου
1715 855 2006 961 φύσεως
2063 860 2262 945 ὄντες
2316 865 2445 960 τῆς
2502 860 2640 943 ὑπὸ

175 999 208 1061 5
234 971 448 1071 νόμον
483 974 860 1076 πεσούσης
908 972 1038 1055 τὸν
1072 981 1199 1075 τῆς
1248 978 1623 1080 ἁμαρτίας.
1689 978 1941 1083 ὥσπερ
1977 984 2216 1063 τοίνυν
2251 984 2631 1087 ἠῤῥῶοτη-

231 1131 361 1177 σεν
416 1099 463 1198 ἦ
526 1099 910 1203 ἀνθρώπου
974 1100 1200 1206 φύσις
1264 1103 1343 1180 ε’ν
1395 1100 1637 1200 Ἀδὰμ.
1702 1102 1820 1181 διὰ
1880 1108 2009 1203 τῆς
2073 1110 2443 1208 παρακοῆς
2507 1105 2641 1208 τὴν

232 1221 542 1328 φθορὰν,
593 1223 833 1305 εἶσέδυ
870 1257 949 1303 τε
998 1225 1222 1307 οὕτως
1260 1222 1485 1323 αὐτὴν
1519 1224 1613 1304 τὰ
1648 1226 1870 1326 πάθη,
1909 1229 2135 1312 οὕτως
2172 1227 2640 1329 ἀπήλλακται

229 1342 450 1426 παλιν
485 1348 565 1426 ἐν
600 1350 929 1454 Χριστῷ
1007 1348 1259 1449 γε’γονε
1303 1345 1447 1449 γὰρ
1485 1347 1797 1449 ὑπήκοος
1847 1352 1952 1457 τῷ
1988 1356 2158 1459 Θεῷ
2205 1355 2324 1432 καὶ
2365 1357 2634 1457 Πῶρι,

231 1471 342 1548 καὶ
375 1470 508 1549 οὐκ
543 1470 885 1570 ἐποίησεν
922 1471 1302 1575 ἁμαρτίαν.

140 1747 207 1789 10
410 1717 632 1795 Νόμος
687 1718 759 1784 δὲ
815 1726 1270 1808 παρεισῆλθεν,
1325 1719 1433 1785 ἴνα
1487 1723 1824 1812 πλεονάσῃ
1878 1722 1953 1789 τὸ
2007 1724 2450 1812 παράπτωμα.
2671 1745 2749 1785 20

336 1907 843 2006 Διαλογιεῖταί
873 1940 1001 2005 τις,
1039 1911 1255 2011 φησὶ,
1288 1906 1472 1988 κατὰ
1506 1905 1591 1988 τὸ
1629 1907 1813 1993 εὶκος
1849 1908 2067 1990 ἐκεῖνό
2105 1945 2248 1991 που
2285 1913 2402 1990 καὶ
2440 1910 2640 2012 λεγει

235 2039 275 2076 “
300 2028 547 2113 Τύπος
606 2026 699 2129 ἦν
735 2038 865 2110 τοῦ
919 2027 1372 2127 με’λλοντος”
1432 2032 1473 2110 5
1510 2030 1773 2130 Ἀδὰμ,
1811 2036 1929 2113 καὶ
1984 2031 2235 2139 ὥσπερ
2281 2037 2356 2113 ἐν
2400 2035 2639 2143 ἐκείνω
2667 2037 2831 2167 329³
2846 2053 2952 2087 ”¹-

233 2150 771 2253 κατεστάθημεν
845 2155 1263 2257 ἁμαρτωλοὶ
1338 2152 1454 2234 δια
1528 2154 1661 2255 τὴν
1732 2154 2185 2260 παράβασιν,
2266 2158 2489 2241 οὕτως
2563 2160 2641 2236 ἐν

232 2278 532 2383 Χριστῷ
607 2277 1114 2375 δεδικαιώμεθα
1190 2277 1279 2357 δι’
1347 2280 1689 2378 ὑπακοῆς.
1791 2279 1930 2358 ἔδει
2004 2283 2240 2360 τοίνυν
2305 2292 2635 2381 μεσολα-

144 2421 209 2482 15
233 2406 549 2498 βοῦντος,
590 2404 846 2507 φησὶν,
895 2399 1175 2484 οὐδενὸς
1230 2398 1362 2501 τὴν
1417 2404 1493 2480 ἐν
1533 2407 1839 2510 Χριστῷ
1895 2401 2267 2484 δικαίωσιν
2323 2412 2471 2490 τοῖς
2526 2407 2643 2485 ἐπὶ

232 2528 362 2625 γῆς
424 2524 982 2630 ἀναφαίνεσθαι·
1090 2520 1242 2605 εἶτα
1304 2526 1476 2606 ποία
1549 2525 1800 2629 γέγονε
1871 2534 2019 2606 τῶν
2083 2525 2198 2607 διὰ
2267 2526 2644 2614 Μωυσέως

233 2647 462 2747 νόμων
509 2652 612 2732 ὡς
667 2647 757 2756 ἐξ
794 2648 1112 2752 ἀνάγκης
1154 2649 1199 2748 ἡ
1250 2650 1499 2754 χρείας
1557 2646 1741 2752 πρὸς
1786 2648 1874 2751 δὴ
1922 2649 2017 2730 τὰ
2069 2660 2360 2731 τοιαῦτα
2414 2652 2642 2733 πάλιν

235 2773 272 2850 5
307 2774 701 2857 θεσπέσιος
744 2779 1042 2856 Παῦλος
1078 2776 1457 2879 μονονουχὶ
1488 2776 1604 2854 καὶ
1628 2774 2008 2855 ἀνίσταται
2030 2775 2269 2877 λε’γων
2292 2792 2361 2856 Ν
2366 2777 2527 2882 ὅμος
2568 2773 2641 2855 δὲ

233 2894 733 3004 παρεισῗὶλθειἐ
711 2932 814 2977 ινα
859 2894 1201 3010 πλεονάσῃ
1247 2935 1320 2978 το
1374 2898 1871 3005 παράπτωμα·
1931 2932 2016 2978 το
2067 2900 2152 2978 δέ
2180 2897 2642 3008 Παρεισῆλθεν,

144 3054 213 3098 20
234 3021 381 3100 ἀντὶ
432 3028 562 3101 τοῦ
615 3022 1200 3123 παρεισβέβληκε
1256 3020 1527 3127 μεταξυ
1587 3026 1715 3120 τῆς
1771 3055 1847 3102 τε
1907 3024 1983 3101 ἐν
2016 3020 2255 3119 Ἀδὰμ
2311 3021 2644 3124 κατακρί-

233 3176 411 3228 σεως
470 3148 593 3224 καὶ
657 3142 785 3243 τὴς
846 3146 922 3223 ἐν
976 3148 1287 3252 Χριστῷ
1346 3143 1826 3246 δικαιοσύνης.
1908 3146 2027 3224 καὶ
2089 3145 2195 3228 τίς
2262 3142 2352 3224 ἂν
2410 3150 2643 3224 νοοῖτο

234 3267 449 3348 πάλιν
484 3273 621 3369 τῆς
672 3275 799 3348 τοῦ
851 3265 1072 3366 νόμου
1108 3269 1726 3372 παρεισδρομῆς
1684 3304 1729 3368 η
1767 3270 1991 3373 χρεία,
2029 3273 2293 3373 σαφῶς
2349 3268 2640 3348 ἀκούσει
2662 3297 2746 3352 10
2775 3295 2873 3354 Π.

233 3392 568 3493 λέγοντος
616 3387 767 3472 “Im
824 3393 1167 3506 πλεονάσῃ
1217 3391 1290 3473 τὶ
1349 3393 1837 3498 παράπτωμα.
1901 3394 1979 3472 τί
2019 3389 2187 3501 φῂς,
2222 3389 2282 3471 ὦ
2321 3398 2576 3472 Παῦλε
2610 3425 2632 3491 3

236 3510 369 3617 ἆρα
413 3519 530 3596 καὶ
581 3516 937 3617 ἁμαρτίας
975 3517 1016 3594 5
1054 3514 1270 3613 νόμος
1304 3512 1395 3613 ἦν
1431 3512 1803 3622 πρόξενος,
1850 3519 1967 3596 καὶ
2009 3516 2509 3617 πεπλήθυνται
2552 3517 2639 3596 δι’

151 3670 213 3729 ²5
238 3642 443 3722 αὐτοῦ
493 3638 579 3721 τὸ
633 3638 1143 3742 παράπτωμα;
1212 3636 1313 3737 μὴ
1358 3637 1659 3740 γε’νοιτο.
1742 3638 1883 3744 χρὴ
1935 3639 2175 3720 τοίνυν
2226 3647 2644 3741 κατευρῦναι

236 3769 355 3864 τῆς
410 3763 932 3867 μυσταγωγίας
986 3761 1114 3843 τὸν
1163 3761 1455 3866 τρόπον.
1536 3762 1680 3867 ἔφη
1726 3771 2107 3866 τοιγαροῦν
2143 3764 2184 3841 5
2225 3764 2496 3843 Δαυεὶδ
2533 3760 2642 3841 ὅτι

241 3898 280 3935 “
312 3887 568 3974 πάντες
607 3887 1001 3996 ἐξέκλιναν,
1039 3884 1189 3986 ἅμα
1224 3886 1749 3991 ἠχρειώθησαν,
1785 3888 1914 3967 οὐκ
1949 3883 2040 3986 ἧν
2089 3889 2129 3966 5
2181 3893 2408 3968 ποιῶν
2455 3921 2636 3991 χρη-
2663 3909 2749 3959 Pa.
2770 3907 2877 3957 xiii.
2902 3921 2950 3971 3.

241 4021 282 4059 “
312 4012 655 4113 στότητα,
680 4012 807 4093 οὐκ
840 4008 932 4110 ἦν
968 4011 1097 4096 ἕως
1134 4007 1355 4095 ends-'⁹
1417 4008 1899 4161 διεφθαρκασι
1934 4045 2065 4110 μεν
2100 4008 2245 4112 γὰρ
2280 4008 2544 4094 πάντες
2572 4014 2637 4089 οὶ
2662 4034 2740 4085 or.
2762 4032 2892 4083 Gen.
2909 4030 2974 4080 vi.

240 4137 346 4216 ἐπὶ
381 4142 506 4237 τῆς
550 4140 691 4239 γῆς
733 4134 865 4235 τὴν
902 4132 1071 4215 ὁδὸν
1104 4135 1339 4215 αὐτῶν
1373 4134 1554 4235 μετὰ
1598 4133 1732 4233 τὴν
1782 4137 1857 4213 ἐν
1891 4132 2134 4232 Ἀδὰμ
2182 4133 2630 4237 παράβασιν·
2663 4112 2741 4149 ¹²

153 4292 220 4349 30
241 4261 565 4365 ταύτῃτοι
619 4262 734 4339 καὶ
784 4256 1225 4361 ἐκολάζοντο,
1284 4257 1525 4358 κοινὴν
1588 4255 1718 4357 μὲν
1776 4255 2086 4342 ἅπαντες
2144 4258 2640 4356 ὑπομείναντες

244 4383 435 4484 δίκην
506 4382 637 4463 τὸν
701 4381 1239 4482 κατακλυσμὸν,
1298 4385 1536 4467 ἶδικῶς
1606 4379 1682 4462 δὲ
1747 4385 1864 4462 καὶ
1928 4381 2114 4461 κατὰ
2177 4379 2460 4485 καιροὺς
2526 4384 2643 4458 καὶ

250 4506 423 4587 κατὰ
455 4507 697 4613 χώρας
732 4541 809 4587 τε
840 4510 960 4588 καὶ
995 4506 1260 4591 πόλεις·
1319 4513 1379 4586 εἰ
1414 4505 1558 4610 γὰρ
1594 4509 1711 4586 καὶ
1747 4502 1961 4607 νόμος
1999 4506 2128 4586 οὐκ
2163 4503 2271 4604 ἦν,
2310 4502 2477 4582 ἀλλ’
2518 4502 2643 4580 οὖν

1346 4648 1387 4691 Β
1420 4627 1461 4691 b
1497 4648 1534 4695 2
