3269 5166
265 353 382 416 vii.
411 371 515 434 24,
543 369 644 442 25,
672 355 806 418 viii.
839 375 894 419 Ι.
986 354 1093 418 ΙΝ
1144 353 1666 420 EPISTOLAM
1718 354 1846 418 AD
1901 353 2372 419 ROMANOS.
2550 355 2680 418 209

2727 453 2839 519 [η
2861 454 2988 521 Μ.]

263 569 714 662 Ταλαίπωροο
757 572 890 648 ἐγὼ
932 573 1300 663 ἅνθρωποσ-
1374 573 1470 641 ‘ric
1507 598 1587 652 με
1634 576 1900 664 ῥύσεται
1948 575 2023 640 ἑκ
2060 579 2173 641 τοῦ
2212 573 2518 651 σώματος
2555 580 2668 639 τοῦ
2701 596 2775 649 24

370 701 657 764 θανάτου
710 697 986 783 τούτους
1041 701 1405 791 εὐχαριστῶ
1458 705 1554 788 τῷ
1603 701 1753 787 Θεῷ
1808 701 1914 768 διὰ
1961 702 2177 768 Ἰησοῦ
2226 703 2500 791 Χριστοῦ
2555 706 2669 766 τοῦ
2703 718 2780 777 25

374 823 608 914 Κυρίου
647 827 853 903 ἡμῶν.

377 997 578 1083 Τέως
620 998 697 1080 δὲ
733 998 1140 1105 σχετλιάζὲι
1175 1004 1293 1080 καὶ
1330 1000 1750 1106 κατακράζει
1779 1006 1903 1101 τῆς
1938 1002 2236 1106 σαρκός·
2299 1007 2416 1083 καὶ
2448 1008 2669 1101 σῶμα

196 1139 235 1200 5
264 1122 602 1220 θανάτου,
640 1120 725 1204 τὸ
774 1124 918 1205 ἀπὸ
962 1129 1097 1227 γῆς
1143 1128 1260 1204 καὶ
1299 1124 1696 1233 φιλήδονον
1749 1133 1962 1206 καλεῖ
2007 1126 2125 1207 διὰ
2170 1125 2254 1208 τὸ
2307 1133 2549 1207 νοσεῖν
2590 1127 2669 1205 ἐν

261 1248 459 1355 αὐτῷ
516 1252 646 1348 τῆς
700 1251 1048 1353 ἁμαρτίας
1102 1248 1230 1330 τὸν
1286 1248 1526 1348 νόμον·
1605 1247 1834 1351 ζητεῖν
1889 1249 1965 1330 δὲ
2021 1251 2214 1354 λέγει
2263 1250 2391 1332 τὸν
2445 1250 2661 1331 δυνά-

260 1405 480 1469 μενον
535 1379 681 1452 τῶν
721 1372 1060 1454 τοιούτων
1116 1372 1544 1480 ἀπαλλάξαι
1601 1380 1861 1471 κακῶν,
1919 1378 2039 1454 καὶ
2091 1375 2178 1454 ἵν’
2239 1374 2666 1483 εὖαφόρμως

262 1494 435 1594 ἡμῖν
500 1494 860 1604 εἰσαγάγῃ
934 1494 1064 1579 τὸν
1132 1497 1525 1601 λυτρωτὴν,
1592 1498 1946 1594 τουτέστι,
2011 1498 2361 1601 Χριστὸν,
2422 1495 2481 1605 ᾧ
2547 1501 2665 1577 καὶ

258 1616 395 1717 τὴν
432 1626 687 1700 πᾶσαν
731 1622 1081 1725 ὁμολογεῖ
1120 1619 1356 1727 χάριν·
1417 1623 1502 1700 δι’
1546 1623 1764 1701 αὐτοῦ
1817 1620 1963 1723 γὰρ
2010 1621 2542 1725 λελυτρώμεθα,
2579 1622 2665 1701 οὐ

152 1783 234 1823 ιο
258 1745 389 1842 τῆς
438 1742 734 1847 σαρκὸς,
769 1744 971 1825 ἀλλὰ
1006 1754 1135 1826 τοῦ
1172 1744 1484 1826 θανάτου
1537 1750 1667 1845 τῆς
1710 1744 2007 1849 σαρκός·
2068 1746 2214 1860 οὐκ.
2249 1743 2653 1826 ἀποθάνον-

256 1898 397 1963 τες,
445 1866 648 1947 ἀλλὰ
684 1876 813 1949 τοῦ
846 1871 923 1949 ἐν
959 1876 1106 1954 τοῖς
1154 1868 1414 1969 μέλεσι
1469 1866 1802 1967 θανᾶτου,
1852 1869 2183 1950 τουτέστι
2225 1874 2354 1970 τῆς
2400 1871 2476 1948 ἐν
2511 1876 2660 1954 τοῖς

255 1985 565 2088 με’λεσιν
601 1993 854 2095 ἀγρίας
891 1994 1171 2094 ἡδονῆς,
1208 1993 1813 2094 ἐλευθερωθέντες.
1899 1992 2253 2097 κρείττους
2291 1991 2435 2096 γὰρ
2472 1994 2658 2093 ἡμᾶς

254 2116 626 2223 ἀπέφηνεν
658 2119 700 2197 ὁ
737 2117 1062 2220 Χριστὸς
1098 2118 1357 2218 ἡδονῆς
1399 2119 1517 2196 καὶ
1549 2116 1925 2220 ἁμαρτίας.

244 2377 414 2465 Ἄρα
451 2374 566 2442 οὖν
603 2375 803 2445 αὐτὸς
847 2377 983 2454 &reb
1018 2380 1115 2463 τῷ
1150 2378 1269 2455 μὲν
1308 2371 1411 2442 νοῒ
1455 2375 1751 2441 δουλεύω
1790 2376 1971 2462 νόμῳ
2007 2374 2198 2457 Θεοῦ,
2235 2382 2313 2461 τῇ
2356 2375 2428 2441 δὲ
2466 2378 2658 2466 σαρκὶ

148 2525 227 2586 15
360 2505 546 2588 νόμῳ
603 2503 952 2594 ἁμαρτίας.
1041 2502 1234 2568 οὐδὲν
1292 2503 1424 2592 ἄρα
1479 2506 1590 2568 νῦν
1648 2502 2012 2591 κατάκριμα
2074 2497 2210 2568 τοῖς
2272 2502 2341 2566 ἑν
2400 2503 2655 2593 Χριστῷ
2685 2505 2838 2582 Κεφ.
2873 2500 2946 2582 η’.

347 2628 588 2711 Ἰησοῦ,
625 2631 712 2706 μὴ
753 2629 916 2696 κατὰ
955 2629 1166 2718 σάρκα
1205 2634 1672 2719 περιπατοῦσιν
1709 2627 1880 2692 ἀλλὰ
1921 2628 2084 2693 κατὰ
2122 2633 2403 2704 πνεῦμα.

368 2799 674 2904 Μακρὸς
707 2800 839 2901 μὲν
873 2802 1067 2911 αὐτῷ
1100 2802 1548 2901 ἐκπεποίηται
1586 2798 1841 2901 λόγος,
1875 2800 2338 2903 βασανίζοντι
2368 2807 2651 2887 λεπτῶς

250 2925 529 3005 ἕκαστα
581 2932 728 3006 τῶν
762 2927 838 3005 ἐν
886 2926 1057 3026 ἡμῖν
1111 2931 1228 3005 καὶ
1282 2929 1409 3024 τῆς
1462 2924 1884 3032 πλεονεξίας
1939 2922 2104 3010 τοὺς
2157 2923 2489 3027 τρόπους,
2528 2926 2653 3011 οὓς

250 3049 624 3148 ὑπομένειν
678 3050 836 3134 ἔθος
892 3050 1024 3151 τὴν
1077 3048 1459 3152 ἀνθρώπου
1515 3049 1850 3144 διάνοιαν,
1897 3045 2415 3154 ἀντεξάγοντος
2471 3050 2652 3155 αὐτῇ

134 3215 222 3257 20
247 3180 380 3252 τοῦ
417 3183 657 3255 κακοῦ·
724 3173 1194 3279 διισχυρίζετο
1244 3172 1320 3253 δὲ
1374 3177 1470 3258 ὡς
1526 3171 1894 3278 ἀσχάλλει
1948 3170 2082 3272 μὲν
2137 3171 2300 3257 ἔσθ’,
2333 3170 2451 3250 ὅτε
2505 3179 2653 3252 τῶν

244 3297 780 3401 ἐπιεικεστέρων
814 3300 852 3377 ὁ
892 3307 1055 3382 νοῦς
1098 3305 1243 3382 τοῖς
1294 3301 1421 3396 τῆς
1457 3294 1731 3399 σαρκὸς
1765 3293 2036 3377 πάθεσι
2072 3293 2648 3396 τυραννούμενος,

244 3420 453 3500 ἀλύει
507 3421 585 3501 δὲ
642 3423 939 3530 σφόδρα
994 3427 1111 3502 καὶ
1168 3424 1496 3501 ἀσθενῶν
1533 3418 1971 3524 αἰσχύνεται·
2053 3417 2137 3500 τὸ
2192 3418 2421 3521 γεμὴν
2457 3421 2641 3500 ἀπο·

245 3544 746 3649 φορτίσασθαι
801 3545 934 3646 τὴν
987 3545 1399 3645 ἀβούλητον
1435 3546 1789 3647 ἁμαρτίαν
1844 3545 2240 3643 οὐδαμόθεν
2296 3543 2457 3648 ἔχει,
2498 3549 2645 3622 δει-

244 3673 386 3751 νῶς
433 3669 1060 3770 κατεμπιπτούσης
1106 3673 1235 3769 τῆς
1279 3670 1553 3769 ἡδονῆς.
1611 3665 1945 3772 ταύτῃτοι
1990 3672 2107 3748 καὶ
2140 3670 2435 3747 ἀσθενεῖ
2462 3665 2646 3768 πρὸς

132 3826 214 3885 25
243 3792 703 3889 ἀντίστασιν,
739 3791 944 3872 οὐδὲν
979 3791 1065 3873 τὸ
1103 3792 1445 3895 παράπαν
1484 3789 1599 3872 διά
1636 3825 1722 3893 γε
1759 3799 1888 3871 τοῦ
1933 3788 2155 3889 νόμον
2206 3787 2389 3894 πρὸς
2435 3798 2647 3869 τοῦτο

120 3917 139 3931 ’
242 3914 852 4019 ἐπικουρούμενος.
915 3914 1243 4016 ἀληθεύει
1299 3916 1386 4016 δὴ
1437 3916 1562 3996 οὖν
1599 3918 1640 3996 ὁ
1677 3915 2061 3998 θεσπέσιος
2102 3919 2398 3997 Παῦλος
2444 3916 2502 3991 εὶ
2555 3922 2649 4023 τῷ

237 4037 363 4143 μὲν
422 4076 507 4120 m
561 4034 895 4120 δουλεύειν
943 4045 1045 4147 τῷ
1102 4041 1265 4149 θείω
1326 4039 1856 4144 διισχυρίσαιτο
1916 4040 2111 4145 νέμω,
2168 4073 2244 4126 τη
2308 4031 2380 4117 δὲ
2439 4044 2642 4140 capua

240 4165 421 4271 μίμῳ
475 4167 859 4271 ἁμαρτίας·
929 4167 1045 4244 καὶ
1086 4172 1298 4245 τοῦτο
1344 4160 1546 4260 οἶμαί
1584 4164 1783 4242 ἐστιν
1841 4195 2018 4263 οπερ
2076 4161 2216 4265 ἔφη
2275 4170 2318 4208 “
2345 4157 2456 4240 Το
2498 4158 2643 4262 γὰρ
2624 4185 2830 4310 Sgpra
2844 4199 2946 4233 ver.

233 4296 280 4333 ‘⁴
320 4288 559 4366 θέλειν
595 4287 1021 4391 παράκειταί
1064 4321 1209 4387 μοι,
1244 4286 1327 4368 τὸ
1370 4286 1445 4368 δε
1496 4286 2054 4391 κατεργάζεσθαι
2101 4318 2184 4365 το
2223 4282 2450 4363 καλὸν
2486 4285 2617 4363 οὔ]

314 4540 359 4577 τ.
401 4521 660 4578 Scholion
685 4523 789 4578 hoc
814 4532 1151 4596 assumptum
1179 4542 1243 4579 ex
1271 4525 1338 4579 A.
1364 4524 1527 4595 p.89.
1873 4538 1955 4596 15.
1994 4524 2225 4579 Versum
2251 4522 2396 4576 hunc
2421 4519 2645 4573 οὐδὲν-

234 4597 437 4661 πηῦμα
462 4594 736 4665 assumpsi
758 4612 823 4649 ex
849 4596 919 4651 A.
1139 4610 1222 4666 17.
1260 4593 1422 4665 αὐτῷ]
1457 4598 1528 4667 τῷ
1552 4593 1690 4650 παύλ
1696 4617 1738 4667 ῳ
1763 4595 1832 4652 A.
2049 4612 2134 4665 23.
2171 4590 2359 4663 ἕχει]”
2337 4612 2476 4661 ισχει
2503 4590 2571 4644 A.

324 4694 472 4741 ΥΟΕ.
506 4696 597 4741 111.
1395 4695 1436 4740 Ε
1466 4700 1499 4741 θ
