3269 5166
319 353 604 394 nsmsra

1143 332 1468 391 INDEX
1553 333 1927 393 RERUM.

2615 339 2733 394 615

397 519 519 575 923
548 516 657 583 ab,
688 518 996 583 975-977,
1026 515 1093 573 Μ
1126 516 1227 582 20,
1252 518 1351 581 21,
1380 517 1475 581 23,
1580 514 1879 591 Baptisma
1924 515 1985 572 in
2043 513 2152 573 SS.
2181 514 2518 574 Trinitatem
2569 519 2639 575 17
2685 536 2737 585 e,

400 616 626 682 36-40,
683 613 758 672 iii.
807 617 946 681 552,
1003 612 1075 671 cf.
1118 612 1188 670 M
1222 616 1299 671 32
1356 612 1478 670 sine

395 711 509 769 Dei
536 730 646 787 ope
673 711 960 787 impotens
988 714 1109 769 976
1138 711 1177 768 b
1198 729 1231 768 c
1254 710 1312 770 d.

311 809 509 868 Arbor
534 809 702 868 nobis
723 816 785 868 et
807 809 1082 867 damnum
1104 817 1164 867 et
1191 807 1478 866 revocatio

403 910 564 968 1060
587 926 635 965 e.

312 1008 467 1066 Arca
520 1015 693 1084 typus
749 1006 1004 1073 Christiz
1070 1026 1291 1074 aurum,
1346 1008 1480 1083 quia

394 1113 556 1163 totus
603 1105 889 1181 pretiosus
933 1114 1058 1164 est:
1120 1105 1344 1181 lignum
1392 1105 1476 1162 in·

398 1203 784 1279 corruptibilis
810 1210 872 1261 et
899 1202 1045 1280 legis
1079 1202 1479 1278 repositorium

397 1299 532 1376 quia
588 1300 839 1359 Carnem
892 1299 1175 1358 inhabitat
1223 1300 1479 1358 Verbum

399 1401 516 1456 388
547 1417 582 1456 a
598 1398 637 1455 b
688 1397 841 1456 intra
866 1398 1057 1456 velum
1083 1398 1217 1474 quia
1241 1398 1479 1456 abscon-

399 1495 554 1554 ditus
590 1497 650 1554 in
691 1513 862 1554 carne
902 1494 1065 1554 Deus
1105 1495 1366 1555 Verbum
1400 1496 1475 1555 ib.

397 1593 436 1650 b
456 1612 491 1651 c
542 1593 821 1670 populum
861 1593 1152 1689 praeceqit
1196 1594 1332 1670 quia
1370 1612 1479 1652 nos

395 1691 521 1767 agit
549 1691 706 1750 Deus
744 1691 1013 1750 Christus
1039 1691 1119 1751 ib.
1148 1692 1390 1752 d—389
1421 1692 1477 1748 d.

312 1787 517 1847 Ariani
571 1789 846 1848 haeretici
894 1793 968 1849 19
999 1790 1057 1856 d.
1104 1793 1182 1849 20
1212 1809 1264 1856 e,
1316 1793 1393 1849 25
1423 1809 1475 1855 e,

398 1890 519 1946 496
548 1906 603 1953 a,
649 1890 766 1947 521
803 1906 855 1956 e,
898 1887 981 1945 iii.
1004 1888 1147 1960 370,
1175 1892 1315 1955 371,
1339 1891 1475 1954 583,

395 1984 472 2043 cf.
501 1984 583 2044 iii.
615 1988 756 2054 367,
790 1988 907 2045 375
969 1984 1210 2043 Judaeis
1251 1987 1477 2061 pejores

403 2086 519 2143 178
544 2102 599 2142 a.

312 2181 500 2239 Arieti
526 2180 821 2239 confertur
848 2179 1116 2239 Christus
1150 2184 1307 2241 1096
1336 2181 1390 2240 b.

313 2278 498 2337 Arma
522 2277 799 2356 spiritalia
825 2297 971 2354 quae
998 2277 1063 2336 M
1099 2283 1235 2339 101.

312 2377 611 2435 Articulns
664 2375 1096 2454 grammaticus,
1139 2396 1338 2435 verum
1388 2397 1476 2436 se·

311 2494 340 2505 ·
391 2475 768 2551 junctumque
831 2474 1035 2533 definit
1092 2478 1169 2534 39
1201 2476 1257 2544 d,
1312 2479 1389 2535 64
1419 2476 1477 2549 b,

398 2575 518 2633 683
537 2593 589 2641 a,
624 2576 781 2633 1109
811 2593 863 2632 c.

313 2671 596 2730 Ascensio
616 2671 834 2730 Christi
856 2670 1060 2731 Carnis
1087 2672 1253 2731 nobis
1283 2691 1474 2732 neces·

397 2769 609 2828 sarium
639 2769 806 2827 valde
835 2772 955 2829 916
985 2788 1038 2829 e.

319 2867 583 2926 Ascetica
611 2866 733 2926 sine
759 2885 955 2926 amore
983 2866 1126 2926 nihil
1164 2872 1282 2928 754
1311 2889 1344 2928 c
1367 2870 1405 2926 d
1426 2890 1474 2929 e.

317 2973 356 2996 “
375 2965 597 3023 Audire
619 2964 656 2988 '⁸
713 2965 786 3022 de
841 2965 968 3023 Deo
1032 2964 1264 3039 dictum,
1334 2967 1479 3027 scire

401 3066 523 3122 519
554 3082 606 3121 c.

314 3170 354 3195 “
376 3161 597 3220 Audire
616 3160 650 3184 '⁹
674 3178 846 3238 saepe
868 3169 907 3193 “
926 3160 1158 3220 obedire
1173 3162 1207 3185 ’⁹
1228 3166 1347 3223 567
1369 3163 1408 3222 d
1424 3183 1475 3223 e.

312 3258 591 3317 Auricula
644 3257 852 3316 dextra
915 3257 1276 3336 sinistraque,
1334 3280 1477 3338 quae

406 3359 563 3417 1018
594 3374 626 3414 c
648 3355 705 3414 d.

872 3519 923 3576 B

316 3653 713 3712 Barnun:
741 3654 821 3720 in,
846 3651 1226 3728 interrogatio
1251 3654 1474 3713 confes·

399 3752 597 3827 sioque
654 3750 880 3828 triplex,
938 3747 1155 3808 Christi
1214 3752 1476 3828 exemplo

405 3853 557 3908 1191
609 3848 650 3907 d
715 3848 1001 3925 perfectos
1055 3849 1229 3907 efficit
1282 3847 1349 3908 Μ
1398 3853 1472 3909 61

401 3950 483 4024 [p.
506 3948 674 4022 2791,
710 3946 787 4004 iii.
821 3951 939 4007 422
980 3946 1242 4005 remissio
1278 3967 1476 4024 pecca-

397 4053 591 4103 torum
647 4043 712 4102 M
777 4048 844 4102 11
946 4045 1265 4121 consepulti
1347 4065 1479 4105 cum

399 4141 634 4201 Christo
655 4144 946 4219 quomodo
967 4142 1032 4201 M
1058 4147 1131 4204 12
1178 4142 1480 4220 Baptisma

396 4249 529 4316 post
555 4241 690 4299 fidei
718 4242 1139 4301 confessionem
1167 4241 1232 4300 M
1263 4247 1355 4301 11.

315 4338 690 4415 Baptismatis
728 4339 1105 4398 ministerium
1138 4344 1271 4399 πᾶσι
1298 4365 1475 4417 τεταγ-

397 4437 566 4508 μένοις
619 4439 691 4495 εἷς
745 4439 1028 4511 ἐπισκοπὴν
1083 4440 1369 4498 commisit
1413 4439 1474 4499 S.

399 4534 609 4594 Paulus
637 4534 704 4593 Μ
738 4540 832 4595 50.

1666 615 1742 671 93
1772 631 1823 679 a,
1853 612 1921 670 M
1957 616 2031 671 10
2103 611 2204 672 sed
2245 620 2305 672 et
2345 613 2405 670 in
2444 610 2738 673 Christum

1666 709 1735 767 M
1774 714 1869 770 10.

1580 806 1878 884 Baptisma
1911 811 2025 867 147
2056 828 2107 876 c,
2143 813 2257 869 159
2289 810 2346 876 d,
2382 813 2497 869 164
2525 829 2576 882 e,
2618 813 2738 869 602

1664 905 1703 964 d
1729 925 1763 965 e
1818 907 2194 966 sanctificatio
2231 909 2444 985 duplex
2485 910 2741 986 corporis

1662 1012 1722 1063 et
1749 1003 1972 1063 animae
2006 1009 2119 1064 147
2151 1025 2184 1064 c
2232 1025 2264 1065 e
2295 1007 2419 1064 Deo
2445 1015 2612 1066 natos
2654 1007 2738 1065 ef·

1663 1102 1801 1169 ficit,
1845 1103 2106 1161 Naturae
2135 1102 2379 1163 Divinae
2415 1106 2738 1181 participes,

1664 1208 1724 1258 et
1765 1199 2044 1276 Spiritum
2086 1199 2365 1259 Sanctum
2412 1201 2472 1259 in
2522 1203 2740 1279 seipsos

1662 1297 1909 1357 incolam
1955 1303 2075 1358 475
2105 1318 2157 1364 c,
2201 1298 2275 1356 cf.
2310 1303 2469 1359 1086
2498 1318 2550 1366 a,
2602 1300 2669 1356 M
2706 1304 2733 1357 1

1661 1415 1780 1472 per,
1813 1395 2028 1454 Christi
2059 1415 2256 1455 sumus
2284 1397 2354 1454 M
2385 1401 2464 1456 50
2492 1397 2617 1455 init.

1581 1493 1879 1569 Baptisma
1922 1493 1963 1553 J
1967 1494 2168 1551 oannis
2219 1497 2334 1554 156
2378 1514 2410 1551 ο
2481 1493 2738 1553 Distine-

1661 1592 1850 1651 tiones
1890 1592 2315 1668 Baptismatum
2352 1591 2611 1651 locorum
2653 1591 2739 1650 di-

1663 1690 1930 1749 versitate
1957 1690 2214 1749 innuitur
2248 1694 2361 1750 157
2384 1710 2434 1748 a.

1579 1789 1956 1864 Baptismatis
2013 1789 2220 1847 modus
2279 1792 2398 1848 630
2439 1807 2472 1846 c
2501 1788 2539 1846 d
2608 1787 2742 1846 fidei

1661 1887 1945 1946 confessio
1986 1888 2065 1959 in,
2107 1907 2225 1945 non
2266 1887 2595 1945 hominibus
2637 1885 2739 1944 sed

1662 1983 1794 2043 Deo
1836 1985 1991 2043 facta
2026 1988 2146 2044 683
2177 1986 2213 2042 d
2271 2003 2615 2061 sponsorum
2661 1985 2740 2055 in,

1663 2081 1899 2141 Martha
1925 2083 2218 2158 exemplar
2246 2085 2365 2142 683
2397 2083 2435 2141 d
2460 2101 2512 2141 e.

1579 2180 1951 2254 Baptismatis
1991 2180 2273 2256 primitiae
2315 2198 2494 2256 aquae
2538 2179 2740 2238 effusio

1660 2298 1693 2337 e
1722 2279 1940 2338 Christi
1961 2279 2168 2338 Latere
2204 2283 2359 2338 1074
2389 2298 2441 2336 c.

1581 2377 1877 2453 Baptisma
1914 2378 1988 2436 ad
2019 2378 2395 2455 praeparatio,
2423 2377 2568 2435 fides
2595 2376 2739 2434 vita·

1662 2495 1771 2554 que
1797 2478 1894 2553 pia
1925 2481 2076 2537 1101
2111 2477 2165 2536 d.

1585 2573 1937 2650 Baptismate
1977 2595 2096 2634 non
2129 2577 2339 2653 egebat
2367 2573 2633 2636 Christus
2661 2573 2736 2632 iii.

1666 2675 1807 2731 526.

1580 2769 1950 2847 Baptismalis
2005 2791 2153 2847 aqua
2194 2771 2487 2848 quomodo
2531 2771 2741 2830 virtute

1661 2868 1919 2943 praedita
1959 2863 2158 2927 147'd.

1581 2965 1862 3041 Baptista,
1882 2967 2165 3042 baptisma
2185 2985 2220 3024 a
2241 2965 2475 3023 Christo
2503 2984 2738 3042 rogans,

1662 3064 2022 3140 baptismatis
2065 3064 2247 3122 sancti
2281 3062 2528 3141 gratiam
2556 3082 2739 3141 agno-

1667 3162 1776 3219 scit
1805 3167 1924 3222 475
1955 3163 1993 3221 b
2015 3181 2067 3220 c.

1579 3262 1844 3337 Baptista
1870 3279 1987 3318 non
2008 3258 2291 3336 Angelus,
2313 3259 2414 3317 sed
2435 3278 2470 3317 a
2490 3259 2740 3318 Domino

1662 3361 1743 3418 ita
1783 3358 2132 3425 nominatus,
2175 3357 2310 3435 quia
2350 3357 2581 3425 missus,
2610 3358 2744 3433 quia

1663 3458 1790 3525 Dei,
1818 3475 1933 3514 non
1964 3474 2084 3523 sua,
2114 3455 2290 3514 verba
2313 3454 2554 3531 loquens
2582 3458 2656 3514 61
2690 3474 2741 3522 c,

1665 3559 1742 3616 62
1778 3574 1810 3614 c
1879 3555 2034 3613 Laus
2074 3556 2200 3632 ejus
2241 3557 2321 3613 64
2364 3573 2419 3621 a,
2488 3553 2567 3612 iii.
2598 3558 2741 3625 459,

1662 3654 1954 3713 Nativitas
1988 3653 2113 3729 ejus
2147 3672 2280 3712 cum
2319 3651 2554 3712 Christo
2594 3653 2744 3712 nati·

1661 3753 1840 3811 vitate
1878 3759 2208 3827 comparata
2255 3756 2372 3812 125
2449 3751 2740 3826 quomodo

1663 3850 1916 3909 minutus
1991 3853 2108 3910 160
2185 3850 2452 3918 Veritati,
2524 3850 2583 3909 id
2651 3858 2742 3909 est

1664 3947 1918 4021 Christo,
1985 3947 2384 4007 testimonium
2450 3947 2743 4023 perhibuit

1665 4050 1784 4107 244
1813 4047 1852 4104 b
1892 4046 2206 4104 Dominum
2249 4064 2416 4104 suum
2444 4046 2740 4105 confessus

1662 4153 1752 4203 est
1777 4144 1854 4203 iii.
1876 4147 1993 4203 459
2038 4143 2285 4203 officium
2309 4163 2473 4202 suum
2494 4144 2742 4220 explicat

1669 4246 1697 4301 1
1712 4247 1785 4303 10
1795 4262 1828 4301 e
1860 4242 2148 4319 Propheta
2167 4241 2337 4300 simul
2352 4249 2408 4300 et
2421 4240 2741 4316 Apostolus

1668 4344 1782 4400 113
1813 4359 1848 4398 a
1888 4340 2175 4417 Propheta
2203 4347 2336 4399 ante
2361 4346 2589 4415 partum
2623 4342 2737 4397 115

1663 4458 1696 4496 c
1764 4438 2049 4514 quomodo
2087 4439 2268 4497 nescit
2295 4434 2585 4497 Christum
2622 4440 2738 4495 115

1663 4556 1694 4595 c
1713 4537 1800 4595 de
1856 4536 2030 4595 verba
2079 4556 2181 4595 sua
2225 4536 2434 4595 iterum
2482 4543 2739 4611 repetere
