3269 5166
795 353 1363 421 FRAGMENTA
1416 353 2062 421 HOMILIARUM.
2496 354 2627 419 473

225 512 608 614 “πᾶντα,”
659 517 912 598 ἑαυτὸν
965 521 1251 625 ἐμφανῆ
1310 517 1715 621 κατέστησε
1772 518 2007 622 λε’γων
2062 529 2106 568 “
2129 516 2329 620 Ἐγώ
2392 522 2531 617 εἶμι
2586 518 2627 597 5
2651 522 2946 637 S6Jmn1v.

225 647 269 685 ‘⁶
304 645 563 719 λαλῶν
596 642 767 722 σοι.’
864 647 981 722 καὶ
1038 640 1125 723 τὸ
1188 642 1320 742 μὲν
1373 642 1667 746 γύναιον
1722 641 1965 751 δρόμῳ
2023 642 2457 723 συντείνεται
2511 643 2630 720 καὶ

221 759 356 860 τὴν
414 768 877 866 Σαμαρειτῶν
929 764 1550 867 μεμυσταγῶγηκε
1614 763 1856 846 πόλιν·
1914 763 2115 850 εἰδὼς
2174 763 2251 845 δὲ
2305 761 2631 867 Χριστὸς

224 882 335 964 ὅτι
409 889 678 967 πολλοὶ
751 887 1281 970 πιστεύσουσιν
1343 890 1450 970 ἐπ’
1518 889 1766 986 αὐτὸν,
1833 896 1980 974 τοῖς
2051 890 2278 991 ἁγίοις
2350 888 2628 992 ἔφασκε

163 1044 200 1104 5
224 1015 659 1108 μαθηταῖς“
699 1010 901 1113 Ἐγω
953 1011 1323 1115 βρῶσιν
1275 1047 1417 1118 εχω
1466 1011 1814 1157 φαγεῖν
1771 1047 1862 1112 ην
1908 1013 2098 1111 ὑμεῖς
2154 1014 2280 1092 οὐκ
2331 1011 2624 1107 οἵδατε,”
2650 1029 2733 1080 Ib-
2761 1043 2837 1093 3²

226 1132 471 1239 τρέφει
514 1133 659 1238 γὰρ
708 1133 960 1239 ὥσπερ
1008 1134 1142 1236 τὴν
1178 1133 1643 1239 ἦμερωτάτην
1690 1135 1921 1242 φύσιν
1956 1142 2102 1215 τῶν
2136 1134 2631 1216 ἀπολωλότων

225 1257 659 1360 ησωτηρία.

338 1381 439 1459 Ὁ
475 1379 606 1480 μὲν
654 1381 781 1462 οὖν
829 1381 1130 1485 γνήσιος
1184 1382 1479 1483 οἰκέτης·
1541 1381 2005 1483 ἀναβήσομαι
2061 1379 2206 1485 γὰρ
2260 1381 2461 1464 αὖθις
2515 1382 2632 1460 ἐπὶ

226 1501 359 1584 τὸν
405 1512 533 1584 τοῦ
590 1503 815 1607 λόγου
868 1505 1176 1587 σκοπόν·
1235 1504 1363 1586 τὸν
1413 1510 1540 1606 τῆς
1595 1507 1957 1590 ἐπιεικείας
2013 1502 2413 1604 ἀνεδήσατο
2463 1503 2631 1583 στεῗ-

126 1658 205 1699 10
231 1634 487 1734 φανον,
525 1627 1056 1729 εἶσκεκόμισται
1104 1628 1250 1733 γὰρ
1281 1636 1377 1715 εἶς
1417 1629 1550 1728 τὴν
1589 1630 1822 1734 χαρὰν
1859 1637 1987 1710 τοῦ
2035 1628 2211 1709 ἰδίου
2248 1625 2627 1708 δεσπότου·

228 1753 271 1830 5
322 1750 404 1832 δέ
452 1786 535 1853 γε
579 1751 833 1849 λαβὼν
868 1752 954 1834 τὸ
1007 1752 1389 1852 τάλαντον,
1425 1750 1577 1834 εἶτα
1611 1753 1929 1857 γεγονὼς
1964 1750 2281 1856 ὀκνηρὸς,
2317 1786 2632 1855 προσερ-

226 1873 644 1975 γασάμενος
700 1874 776 1955 δὲ
829 1883 1205 1962 παντελῶς
1261 1875 1485 1976 οὐδὲν,
1533 1875 2002 1984 κατακρύψας
2060 1876 2136 1957 δὲ
2187 1884 2480 1976 μᾶλλον
2534 1881 2632 1960 εἰς

227 2001 369 2099 γῆν
406 1996 602 2096 αὐτὸ,
637 2007 792 2084 ταῖς
841 1999 1182 2106 ἐσχάτως
1232 2001 1721 2105 περιπέπτωκε
1773 2000 2019 2084 δίκαις.
2096 1998 2441 2106 φύγωμεν
2484 2000 2632 2079 τοί-

230 2156 356 2201 νυν
410 2121 544 2222 τὴν
595 2121 921 2224 μίμησιν,
966 2123 1568 2230 ἀποπεμψῶμεθα
1633 2129 1762 2224 τῆς
1811 2124 2080 2205 ἑαυτῶν
2135 2122 2445 2207 διανοίας
2503 2120 2633 2202 τὸν

125 2268 154 2308 ¹
164 2264 202 2325 5
228 2247 491 2348 ἀκερδῆ
542 2247 660 2325 καὶ
708 2246 1063 2350 ε’πιίρατον
1101 2247 1330 2345 ὄκνον,
1368 2244 1497 2327 τὸν
1534 2249 1639 2328 ἐπ’
1680 2251 1976 2349 ἀγαθοῖς
2014 2244 2349 2347 δηλονότι
2397 2278 2632 2326 σπου-

228 2368 585 2469 δάσμασι,
632 2369 731 2471 μὴ
787 2375 884 2454 εἶς
942 2371 1200 2475 ἀργίαν
1254 2370 1386 2471 τὴν
1431 2374 1773 2452 δοθεῖσαν
1829 2371 1997 2471 ἡμῖν
2049 2368 2248 2474 παρὰ
2302 2374 2633 2472 Χριστοῦ

228 2493 765 2601 καταχῶσωμεν
799 2493 1034 2600 χάριν.
1114 2497 1312 2602 φησί
1358 2529 1502 2576 που
1556 2493 1674 2575 διὰ
1729 2499 1976 2602 φωνῆς
2017 2493 2335 2574 “Ησαΐου
2391 2495 2431 2573 5
2487 2500 2632 2573 τῶν

226 2616 425 2699 ὅλων
460 2615 642 2703 Θεός
678 2628 724 2666 “
754 2618 992 2722 ’Ῑερεῖς
1035 2617 1417 2719 λαλήσατε
1454 2624 1549 2704 εἷς
1584 2618 1717 2721 τὴν
1753 2620 2050 2723 καρδίαν
2083 2616 2627 2721 Ἱερουσαλήμ·”
2655 2641 2744 2692 Es.
2769 2641 2839 2691 xl.
2867 2657 2913 2691 α.

224 2742 305 2821 τί
353 2739 430 2820 δὲ
484 2745 544 2821 εἶ
602 2743 643 2821 5
697 2738 828 2839 μὲν
878 2742 1243 2822 διδοίσκων
1292 2739 1457 2826 τοὺς
1512 2746 1824 2850 ὠφελεῖν
1868 2741 2202 2826 εἰωθότας
2259 2740 2630 2849 ἐξυφαίνοι

122 2890 202 2932 20
226 2860 496 2966 λόγους
531 2871 678 2949 τοῖς
712 2864 1202 2967 ἀκροωμένοις,
1237 2869 1301 2945 οἱ
1340 2863 1416 2945 δὲ
1452 2866 1581 2945 οὐκ
1626 2872 1723 2950 εἷς
1767 2873 1935 2945 νοῦν
1971 2868 2086 2944 καὶ
2120 2866 2416 2967 καρδίαν
2448 2866 2627 2944 ἀπο-

224 2987 539 3069 τίθενται
589 2986 724 3088 τὴν
775 2987 1316 3091 μυσταγωγίαν,
1364 2990 1536 3069 ἀλλ’
1582 2987 2177 3092 ἐπικροτήσαντες
2229 2984 2455 3086 μόνον
2510 2993 2628 3067 καὶ

222 3117 522 3214 γυμνοῖς
592 3112 902 3197 ἐπαίνοις
971 3113 1448 3218 ἀμειψάμενοι
1522 3111 1651 3193 τὸν
1712 3107 2223 3214 μυσταγωγὸν,
2287 3108 2628 3211 ἄγευστοι

222 3241 371 3315 τῶν
417 3241 624 3339 ἱερῶν
663 3235 1102 3394 ἀπομένουσι
1160 3234 1663 3339 διδαγμάτων;
1720 3231 1864 3337 ἆρα
1918 3236 2223 3333 ὀκνῆσαι
2274 3232 2629 3337 προσήκει

221 3357 355 3439 τὸν
386 3357 924 3463 μυσταγωγόν·
904 3422 926 3458 ,
989 3357 1140 3440 εἶτα
1192 3360 1438 3445 ποίους
1491 3358 1776 3465 εὑρήσει
1823 3356 2089 3461 λόγους
2123 3359 2239 3437 ε’πι
2273 3363 2401 3437 τοῦ
2437 3355 2628 3437 θείου

114 3496 197 3557 25
223 3481 550 3582 βηματος
587 3481 751 3568 τοὺς
783 3485 1326 3587 ἐπικουροῦντας
1361 3484 1554 3608 αὐτῷ
1590 3481 1766 3563 ὅταν
1793 3481 2200 3582 αἰτιάσηται
2233 3487 2378 3561 τῶν
2415 3483 2628 3585 ἀκρο-

225 3605 517 3705 ωμένων
551 3604 635 3686 τὸ
670 3601 995 3714 ῥάθυμον
1029 3610 1146 3687 καὶ
1181 3589 1590 3715 εὗάφορμον
1616 3606 1780 3713 εἴπῃ
1817 3603 1935 3686 διὰ
1971 3614 2184 3685 τοῦτο
2220 3603 2347 3685 τὸν
2375 3638 2622 3685 οκνον·
2603 3668 2623 3701 ,

227 3727 821 3832 κατακριθήσεται
858 3728 1002 3833 γὰρ
1034 3736 1326 3830 μᾶλλον
1363 3733 1460 3814 ὡς
1497 3730 1699 3809 ἔστιν
1736 3732 1976 3810 ιδεῖν’
1939 3763 2016 3809 εκ
2068 3733 2197 3828 τῆς
2243 3731 2620 3830 εὐαγγελι-

225 3856 353 3953 κῆς
410 3856 864 3955 παραβολῆς·
927 3854 969 3933 5
1026 3851 1169 3957 γάρ
1224 3886 1334 3933 τοι
1391 3852 1477 3932 τὸ
1532 3850 1891 3933 τάλαντον
1940 3850 2194 3949 λαβὼν
2242 3850 2443 3955 παρὰ
2496 3861 2626 3932 τοῦ

220 3974 754 4073 οικοδεσπότου,
804 3975 1174 4080 κατέχωσε
1235 3974 1368 4075 μὲν
1416 3979 1514 4060 εἶς
1571 3979 1714 4078 γῆν
1768 3975 1943 4057 αὐτὸ
2001 4010 2120 4056 και
2181 3978 2617 4056 ἀπολυπλα·

110 4138 191 4195 3ο
216 4098 537 4179 σίαστον
572 4098 755 4203 ἔχων
789 4096 1256 4202 προσεκόμιζε
1292 4097 1530 4201 λε’γων
1568 4110 1611 4148 “
1645 4098 1864 4204 Κύριε
1916 4097 2114 4180 ἵδε”
2064 4134 2244 4205 εχεις
2288 4097 2372 4179 τὸ
2410 4096 2598 4182 σόν)
2602 4102 2700 4180 ’s
2720 4130 2911 4182 Matth.

214 4219 331 4326 ἄρ’
369 4222 499 4302 οὖν
541 4223 846 4328 ἐπῃνέθη
901 4224 1020 4302 καὶ
1066 4228 1298 4326 γερῶν
1341 4222 1665 4329 ἠξίωται,
1699 4220 1746 4326 ἢ
1797 4223 2277 4323 κατεδικάσθη
2332 4230 2624 4322 μᾶλλον

298 4452 317 4490 1
332 4452 380 4491 1.
415 4434 505 4507 τὸ]
533 4435 589 4490 ἓν
610 4436 750 4491 iuter
770 4454 941 4492 unone
964 4437 1115 4493 addit
1138 4437 1333 4506 Maius,
1359 4447 1694 4509 repugnante
1721 4437 1782 4494 L.
1948 4438 2028 4493 18.
2063 4436 2242 4509 Ἰερεῖς
2263 4436 2531 4505 λαλῆσατε
2559 4436 2623 4492 L.

215 4509 263 4560 1ae
334 4507 383 4563 ς
404 4507 692 4575 λαλησότυ
720 4507 916 4563 Maius.
1174 4525 1255 4580 19.
1291 4509 1557 4579 ἐξυφαίνει
1586 4509 1647 4562 L.
1887 4525 1973 4580 31.
2012 4509 2228 4578 ἐπῃνέθη
2260 4507 2318 4562 L.
2342 4507 2623 4578 ἑπηνέχθιιι

284 4578 422 4632 aium
661 4581 829 4647 γερῶν
850 4577 1125 4634 emendavi
1149 4597 1211 4634 ex
1245 4579 1303 4634 L.
1326 4581 1494 4651 γέρων
1520 4579 1718 4634 Maius.

310 4678 451 4725 von.
487 4677 596 4724 111.
1407 4683 1444 4746 3
1478 4681 1514 4724 P

2647 4211 2769 4245 xxv.
2798 4208 2875 4257 25.
