3269 5166
281 2837 509 2892 miv.

283 3719 544 3779 looaA.
563 3734 602 3776 a

280 4323 446 4376 Sum

286 4406 320 4440 x
417 4391 494 4445 16.

612 312 741 376 128
1221 313 1302 377 B.
1350 310 1775 377 CYRILLI
1835 307 2426 376 ALEXANDR.
2775 328 2886 370 xx.
2914 323 3027 372 20.

611 478 688 556 ἐν
724 482 873 562 τοῖς
906 476 1219 580 πρώτοις
1254 478 1358 557 ἔτι
1393 477 1792 584 διεφαίνετο
1825 475 2185 581 σχήμασι,
2212 472 2345 574 τὴν
2379 475 2507 574 τῆς
2543 468 3025 554 ἀναστάσεως

594 601 862 721 ,πίστιν
915 603 1044 708 οὑκ
1097 603 1209 708 ἐφ’
1251 599 1489 704 ἕτερόν
1543 635 1612 681 τι
1665 604 1922 705 σχῆμα
1976 602 2094 679 καὶ
2147 603 2368 696 σῶμα
2420 594 3021 699 μετακομίζεσθαι

614 723 850 804 θέλων
894 721 940 826 ἢ
990 730 1088 810 εἰς
1136 723 1313 827 ὅπερ
1364 722 1634 820 ἐ’λαβεν
1678 726 1756 804 ἐκ
1811 727 1939 822 τῆς
1994 723 2205 826 ἁγίας
2249 721 2629 824 παρθένου,
2666 722 2744 799 ἐν
2784 716 2849 827 ᾧ
2899 721 3021 800 καὶ

613 849 1048 950 σταυρωθεὶς
1119 847 1424 930 ἀπέθανε
1488 845 1674 929 κατὰ
1737 847 1867 933 τὰς
1935 845 2247 992 γραφὰς,
2311 849 2440 944 τῆς
2509 852 2640 925 τοῦ
2702 842 3022 924 θανᾶτου

556 998 593 1043 ο
616 970 977 1071 δυνάμεως
1051 971 1233 1052 κατὰ
1294 970 1520 1075 μόνης
1580 970 1980 1078 τρεχούσης
2043 974 2171 1070 τῆς
2237 969 2532 1072 σαρκὸς,
2596 967 2685 1075 ἐξ
2744 966 2833 1069 ἧς
2900 970 3021 1048 καὶ
3043 981 3083 1043 5

612 1095 1091 1196 ἀπελήλαται.
1171 1101 1230 1176 εἰ
1284 1095 1430 1199 γὰρ
1484 1094 1585 1198 μὴ
1642 1094 1910 1196 ἀνέστη
1967 1130 2054 1177 το
2108 1091 2448 1194 τεθνηκος
2500 1092 2720 1172 αὑτοῦ
2773 1098 3023 1189 σῶμα,

612 1226 815 1303 ποῖος
880 1220 1231 1321 νενίκηται
1305 1218 1634 1318 θάνατος,
1696 1229 1842 1301 ποῦ
1904 1218 1982 1301 δὲ
2040 1215 2353 1320 ἠτόνησε
2410 1252 2497 1298 το
2554 1219 2681 1317 τῆς
2735 1221 3025 1322 φθορᾶς

616 1341 920 1446 κράτος·
896 1404 919 1442 ,
991 1345 1074 1424 οὐ
1124 1343 1211 1424 δι’
1251 1341 1407 1429 ἑνος
1463 1343 1950 1428 ἀποθανόντος
2006 1349 2153 1423 τῶν
2206 1347 2522 1445 λογικῶν
2576 1339 3020 1439 κτισμάτων,

613 1468 698 1548 οὑ
732 1472 998 1573 ψυχῆς,
1037 1469 1166 1549 οὑκ
1202 1469 1544 1572 ἀγγέλου,
1573 1466 1748 1569 μήτι
1783 1501 1871 1571 γε
1908 1472 2024 1548 καὶ
2062 1468 2282 1548 αὐτοῦ
2316 1474 2446 1546 τοῦ
2483 1471 2676 1546 Θεοῦ
2706 1461 2962 1567 Λόγου
2990 1496 3015 1560 ;

614 1589 732 1671 ὅτε
788 1592 1027 1672 τοίνυν
1065 1595 1232 1696 περὶ
1284 1591 1512 1691 μόνον
1554 1592 1641 1673 τὸ
1698 1591 2123 1698 φθείρεσθαι
2175 1587 2494 1698 πεφυκὸς
2546 1588 2632 1669 τὸ
2685 1595 2821 1669 τοῦ
2876 1594 3015 1670 θα·
3050 1617 3126 1658 10

617 1715 831 1795 νάτου
895 1717 1161 1819 γίνεται
1225 1715 1510 1821 κράτος,
1569 1715 1737 1823 περὶ
1807 1715 1981 1797 αὐτὸ
2055 1713 2145 1817 δὴ
2218 1714 2508 1798 πάντως
2577 1716 2695 1794 καὶ
2770 1713 2817 1813 ἦ
2892 1718 3025 1814 τῆς

614 1835 1086 1925 ἀναστάσεως
1119 1839 1414 1939 δύναμις
1450 1843 1661 1922 νοοῖτ’
1702 1837 1794 1921 ἂν
1829 1839 2135 1939 εἰκότως,
2170 1840 2289 1920 ἵνα
2322 1841 2441 1919 καὶ
2483 1837 2528 1937 ἡ
2570 1845 2696 1920 τοῦ
2746 1872 3015 1941 τυραν-

615 1963 971 2065 νήσαντος
1028 1964 1486 2069 παραλύηται
1551 1964 1865 2065 δύναμις.
1959 1963 2044 2044 τὸ
2109 1962 2187 2044 δὲ
2245 1967 2601 2043 εἰσελθεῖν
2652 1961 2777 2043 ταῖν
2830 1959 3029 2071 θυρῶν

619 2086 1105 2197 κεκλεισμένων
1141 2088 1268 2170 τὸν
1307 2088 1599 2194 Κύριον,
1637 2095 1787 2174 τοῖς
1821 2086 2080 2173 ἄλλοις
2125 2086 2343 2167 αὑτοῦ
2390 2085 2713 2187 σημείοις
2747 2119 3019 2166 συντε-

2951 2207 2977 2236 ἱ

549 2226 594 2292 d
615 2210 907 2319 τάξεται
974 2210 1174 2317 παρά
1243 2246 1326 2316 γε
1399 2220 1548 2299 τοῖς
1618 2213 1991 2320 σώφροσι.
2095 2208 2628 2313 κατασπάζεται
2699 2209 2780 2291 δὲ
2852 2244 3022 2296 τους
3053 2231 3127 2297 15
3232 2217 3233 2266 ἓ

615 2337 862 2440 ἀγιους
909 2334 1259 2437 μαθητάς.
1340 2339 1529 2445 εἰρήνη
1578 2335 1725 2442 γὰρ
1777 2341 1930 2444 ὗμιν
1966 2335 2294 2442 φησιν,
2257 2368 2510 2416 εαυτον
2549 2330 2725 2414 εἶναι
2777 2334 3025 2436 λέγων

613 2458 746 2559 τὴν
782 2460 1084 2564 εἰρήνην.
1168 2460 1273 2546 οις
1319 2460 1463 2565 γὰρ
1515 2459 1608 2542 ἀν
1641 2463 1899 2565 παρείη
1935 2458 2284 2564 Χριστὸς,
2323 2457 2598 2543 τούτοις
2635 2458 2894 2564 ἕψεται
2926 2456 3023 2560 δὴ

614 2582 904 2670 πάντως
958 2589 1075 2666 καὶ
1129 2621 1215 2666 το
1276 2588 1353 2667 ἐν
1399 2586 1742 2695 ἀταράχῳ
1798 2565 2290 2687 διατηρεΐσθαι
2345 2581 2722 2682 πνεύματι.
2827 2619 2873 2663 ο
2927 2582 3025 2683 δὴ

617 2712 736 2790 καὶ
772 2715 1074 2795 Παῦλος
1110 2708 1424 2820 ὑπάρξαι
1467 2710 1669 2815 παρὰ
1705 2715 1898 2791 Θεοῦ
1946 2716 2094 2794 τοῖς
2144 2714 2243 2794 εἰς
2291 2703 2509 2789 αὐτον
2546 2706 3027 2788 πιστεύουσιν

617 2832 964 2941 ἐπηύχετο
1027 2835 1266 2938 λέγων
1319 2845 1365 2883 “
1398 2836 1502 2915 H
1569 2834 1809 2987 εἰρήνη
1875 2841 2003 2915 τοῦ
2064 2838 2395 2937 Χριστοῦ
2456 2831 2502 2933 ἡ
2568 2818 3025 2937 ὑπερέχουσα
3050 2864 3137 2908 πο

620 2969 663 3008 “
697 2958 938 3041 πάντα
986 2968 1154 3041 νοῦν
1190 2956 1588 3065 φρουρήσει
1636 2956 1767 3044 τὰς
1816 2954 2105 3062 καρδίας
2155 2959 2353 3057 ὑμῶν
2386 2991 2504 3038 και
2547 2952 2641 3036 τὰ
2697 2955 3026 3056 νοήματα

619 3086 965 3185 “oman‘’
1053 3082 1336 3190 εἰρήνην
1391 3087 1724 3189 Χριστοῦ
1775 3078 1908 3182 τὴν
1964 3080 2284 3163 ἐπέκεινα
2349 3088 2475 3161 νοῦ
2529 3114 2827 3172 παντος.
2886 3081 3026 3186 οὖχ

618 3210 863 3312 ἑτέραν
916 3206 1092 3290 εἷναι
1157 3209 1396 3312 λέγων
1448 3205 1651 3312 παρὰ
1716 3240 1803 3286 το
1861 3212 2161 3305 Πνεῦμα
2219 3206 2464 3301 αὑτοῦ,
2525 3204 2745 3308 οὗπερ
2798 3204 2868 3285 εἴ
2911 3238 3027 3290 τις

618 3334 988 3438 μετάσχοι,
1024 3330 1294 3418 παντὸς
1342 3331 1721 3416 ἀνάπλεως
1765 3329 1972 3411 ἔσται
2017 3337 2270 3410 καλοῦ.

931 3559 1309 3648 ἘχάρΗσαν
1362 3556 1478 3627 οὖν
1529 3558 1591 3628 οἶ
1645 3558 1931 3638 μαθηταὶ
1984 3555 2236 3625 ἰδόντες
2289 3557 2402 3625 τέν
2460 3556 2710 3644 Κύριον.
3054 3580 3130 3641 25

734 3711 907 3791 Τοῖς
942 3714 1071 3787 τοῦ
1108 3710 1444 3812 Σωτῆρος
1485 3708 1806 3813 ῥήμασιν
1841 3710 2300 3810 ἐπιμαρτυρεῖ
2341 3702 2473 3803 τὴν
2504 3700 2855 3803 ἀλήθειαν
2888 3704 3025 3782 κάν

622 3830 852 3940 τούτῳ
916 3828 1004 3931 δὴ
1066 3829 1292 3913 πάλιν
1348 3832 1398 3911 ὁ
1450 3831 1795 3936 μακάριος
1856 3826 2431 3933 Εὑαγγελιοτὴς,
2489 3826 2837 3927 θυμηδίας
2904 3827 3023 3907 καὶ

620 3964 849 4063 χαρᾶς
883 3959 1445 4057 ἀναπεπλῆσθαι
1479 3956 1717 4060 λεγων
1753 3954 1919 4039 τοῦς
1960 3952 2308 4056 μαθητας,
2349 3952 2635 4054 ἐπείπερ
2668 3947 2859 4031 εἶδον
2893 3985 3027 4031 τον

618 4084 927 4182 Ἰησοῦν.
1025 4079 1439 4183 μεμνήμεθα
1502 4078 1647 4184 γὰρ
1720 4113 1831 4160 οτι
1903 4076 2086 4182 πρὸς
2156 4075 2409 4162 αὐτοὺς
2482 4079 3024 4176 αἰνιγματωδῶς

621 4204 785 4292 τοῦς
825 4208 990 4309 περὶ
1023 4215 1152 4287 τοῦ
1190 4206 1424 4304 τιμίου
1456 4211 1777 4308 σταυροῦ
1813 4207 1930 4284 καὶ
1967 4207 2094 4303 τῆς
2129 4203 2208 4281 ἐκ
2245 4206 2512 4305 νεκρῶν
2547 4197 3025 4285 ἀναστάσεως
3050 4232 3131 4290 30

622 4329 1023 4440 ἐξυφαίνων
1059 4327 1324 4432 λόγους
1361 4338 1405 4375 “
1437 4327 1726 4431 Μικρὸν
1762 4327 1924 4434 ἔφη,
1963 4330 2080 4407 καὶ
2117 4325 2347 4407 οὐκέτι
2390 4320 2718 4428 θεωρεῖτέ
2752 4357 3027 4422 με,και

622 4566 675 4621 8
692 4512 830 4620 4-'93
850 4515 979 4637 Ἠμ-
963 4489 1569 4618 τοὶῦεθανάτου-Λόγου
1602 4489 1730 4546 citat
1761 4488 2000 4545 collectio
2024 4486 2329 4561 supradicta
2352 4485 2475 4543 cod.
2498 4483 2741 4558 ejusdem
2764 4483 2860 4541 fol.
2886 4501 2959 4558 ⁴9
2972 4498 3031 4542 v.

713 4588 775 4620 ου
831 4565 869 4619 ι’
923 4585 1021 4635 ουχ
1109 4579 1173 4635 yr
