3269 5166
333 378 607 418 sualvus
652 378 919 419 SANCTUS

415 543 562 601 vitae
632 542 940 619 sapientiae
994 543 1220 602 virtutis
1280 549 1397 607 840
1452 567 1486 605 c

413 639 789 699 inhonoratus
830 642 876 698 si
913 642 1284 701 inhonoratus
1311 645 1486 702 Filius

415 739 532 796 909
564 738 602 794 (1
672 738 795 795 Filii
823 739 1027 815 Imago
1056 742 1176 798 988
1205 740 1243 797 1)
1312 741 1480 799 Simi-

411 834 592 893 litudo
623 839 740 894 995
772 836 830 893 (1.

330 930 578 1008 Spiritus
609 931 857 990 Sanctus
890 934 947 991 in
977 934 1121 992 Filio
1151 943 1210 993 et
1238 954 1309 993 ex
1338 937 1482 995 Filio

408 1034 592 1104 προῖὸν
614 1034 732 1089 910
756 1032 812 1097 1),
840 1034 958 1090 926
976 1051 1027 1098 a,
1059 1035 1178 1091 929
1195 1052 1246 1099 e,
1279 1036 1397 1094 930
1420 1035 1477 1101 1),

409 1130 527 1187 932
558 1148 592 1186 c
646 1138 917 1204 tanquam
958 1132 1221 1205 proprius
1262 1149 1296 1187 a
1338 1131 1479 1189 Filio

407 1227 482 1283 ad
523 1227 829 1300 discipulos
872 1226 1039 1285 datur
1067 1231 1186 1286 910
1216 1248 1248 1286 c
1305 1236 1365 1286 et
1407 1230 1480 1287 ad

412 1325 671 1399 Angelos
698 1323 775 1382 iii.
810 1328 927 1384 534
971 1344 1089 1382 non
1117 1325 1281 1383 Alius
1308 1346 1477 1401 quam

405 1420 582 1478 Filius
625 1421 734 1478 nisi
768 1421 919 1496 quod
962 1423 1171 1480 existat
1199 1423 1328 1498 Ipse
1358 1428 1476 1484 925

406 1538 460 1584 c,
507 1522 626 1578 926
657 1539 710 1586 a,
757 1523 874 1579 932
905 1539 955 1589 c,
1001 1523 1119 1579 993
1150 1522 1207 1586 d,
1250 1521 1325 1578 iii.
1358 1525 1476 1580 558

405 1616 532 1673 Filii
589 1617 846 1674 Gloriam
901 1619 1115 1675 revelat
1165 1622 1305 1682 928,
1357 1623 1476 1678 929

400 1733 476 1771 ex
503 1714 772 1792 Essentia
800 1715 906 1772 Dei
932 1716 1192 1790 procedit
1218 1716 1479 1793 inestque

402 1815 524 1870 930
566 1830 603 1869 a
628 1811 685 1882 b,
742 1815 856 1871 931
891 1832 924 1871 c
1007 1812 1300 1889 Sapientia
1344 1815 1475 1873 Vir·

403 1918 611 1984 tusque
657 1913 772 1968 931
826 1929 860 1967 e
937 1910 1062 1968 Filii
1106 1911 1355 1987 Spiritus
1394 1912 1474 1972 iii.

402 2008 522 2066 584
616 2006 938 2065 Paracletus
1020 2009 1166 2067 alius
1247 2019 1479 2086 propter

399 2104 733 2162 affinitatem
785 2105 929 2164 Filio
980 2110 1097 2165 809
1140 2126 1173 2164 e
1228 2105 1476 2182 Spiritus

402 2202 696 2270 Veritatis,
734 2213 931 2279 utpote
971 2203 1219 2280 Spiritus
1262 2205 1476 2266 Christi

400 2299 495 2374 qui
551 2309 642 2358 est
684 2300 913 2360 Veritas
964 2305 1082 2362 810
1134 2321 1186 2368 a,
1258 2306 1377 2362 910
1421 2325 1473 2371 a.

401 2399 516 2456 911
558 2417 610 2463 c,
657 2401 776 2458 925
805 2400 842 2455 1)
880 2418 912 2456 c
939 2399 997 2465 d,
1029 2402 1148 2458 986
1177 2400 1234 2463 b.
1267 2405 1385 2460 987
1415 2403 1472 2469 (1,

403 2499 560 2555 1006
590 2515 623 2553 c
693 2493 906 2554 Christi
948 2497 1193 2554 Animus
1234 2507 1472 2557 vocatus

400 2597 517 2654 812
555 2614 605 2661 c,
663 2597 784 2653 828
820 2614 872 2661 c,
932 2598 1049 2654 837
1081 2596 1137 2662 (1,
1196 2601 1315 2657 925
1358 2598 1395 2655 1)
1420 2617 1469 2668 e,

399 2696 517 2751 926
548 2711 584 2751 a
687 2691 900 2751 Christi
943 2694 1062 2751 Pax
1105 2697 1224 2754 839
1253 2714 1303 2768 e,
1351 2698 1469 2756 840

396 2789 540 2848 bcd
613 2789 753 2847 Filio
792 2789 1307 2849 Consubstantialis
1351 2796 1468 2851 812

397 2906 448 2954 c,
495 2889 612 2945 813
642 2905 696 2952 a,
743 2890 856 2946 911
889 2887 946 2955 1),
991 2892 1110 2948 929
1138 2909 1189 2961 e,
1222 2893 1379 2949 1095
1408 2890 1467 2961 1),

402 2987 560 3044 1098
589 2984 648 3052 1),
692 2984 767 3042 iii.
801 2988 919 3044 579
990 2995 1051 3044 et
1076 2985 1230 3044 Patri
1261 2990 1376 3046 911
1410 2988 1467 3055 1),

396 3081 473 3138 iii.
504 3085 624 3140 579
673 3101 707 3139 a
728 3080 899 3140 Patre
928 3083 1094 3141 datus
1124 3088 1242 3145 810
1266 3085 1323 3150 (1,
1351 3089 1468 3145 813

395 3178 452 3244 1),
487 3181 642 3237 1097
671 3179 710 3236 b
751 3199 786 3237 a
806 3179 976 3238 Patre
996 3200 1098 3257 per
1115 3183 1318 3241 Filium
1352 3187 1469 3243 810

394 3277 454 3342 (1,
488 3278 606 3334 813
629 3295 678 3343 e,
710 3280 829 3338 910
854 3278 909 3344 (1,
943 3281 1060 3339 987
1091 3283 1197 3348 ab,
1232 3285 1388 3341 1095
1409 3283 1467 3349 (1,

397 3373 462 3430 Μ
497 3376 594 3440 86,
634 3378 707 3432 91
743 3394 778 3432 a
803 3375 948 3433 Filio
980 3379 1098 3437 810
1128 3379 1185 3443 d.
1224 3382 1379 3437 1097
1410 3381 1466 3446 1),

401 3474 558 3531 1098
588 3473 644 3536 1),
675 3471 739 3529 M
771 3475 849 3532 92
879 3473 1002 3532 init.
1032 3484 1092 3532 et
1119 3476 1237 3542 fin..
1271 3479 1348 3535 97
1381 3478 1465 3554 [p.

397 3570 569 3644 351],
592 3568 664 3626 iii.
693 3574 811 3630 526
833 3626 838 3631 .
860 3579 921 3629 et
948 3571 1070 3630 Sibi
1099 3582 1158 3631 et
1178 3582 1468 3633 creaturae

396 3669 511 3724 991
548 3667 604 3735 d,
637 3671 755 3727 992
786 3687 836 3731 e.
870 3671 989 3727 998
1019 3689 1072 3728 c.

311 3763 562 3840 Spiritus
604 3764 850 3824 Sanctus
891 3785 993 3842 per
1023 3768 1209 3837 Quem
1247 3788 1355 3827 nos
1381 3770 1468 3829 in-

394 3862 613 3920 habitat
635 3862 895 3923 Christus
920 3868 1034 3924 173
1053 3866 1108 3932 1),
1133 3869 1251 3925 214
1269 3866 1323 3934 1),
1348 3870 1465 3928 823

396 3960 455 4024 (1,
491 3964 604 4019 831
628 3980 679 4027 a,
712 3964 830 4020 857
854 3980 904 4027 e,
939 3965 1057 4021 933
1079 3983 1134 4028 a,
1165 3961 1232 4021 M
1256 3968 1331 4022 27
1361 3964 1465 4037 bis,

396 4063 476 4118 64
508 4054 586 4138 [ρ.
615 4054 780 4138 285],
807 4062 883 4118 88
916 4063 994 4136 [p.
1023 4062 1189 4135 3291,
1219 4061 1297 4120 iii.
1330 4065 1465 4129 371,

397 4159 515 4213 404
559 4156 631 4213 ad
660 4156 865 4214 Filium
910 4159 1137 4216 unimur
1166 4161 1282 4218 857
1311 4160 1350 4217 b
1394 4160 1466 4218 ad

394 4254 580 4311 Deum
615 4254 842 4312 unimur
870 4258 990 4314 989
1019 4257 1076 4323 (1,
1109 4259 1227 4315 995
1260 4258 1316 4325 (1,
1346 4260 1464 4318 996

390 4351 451 4414 1),
514 4354 671 4411 1009
705 4371 738 4410 e
808 4352 917 4410 Dei
969 4352 1155 4412 Patris
1203 4354 1467 4433 Suaeque

394 4447 652 4506 Naturae
685 4450 1087 4526 cognationem
1115 4452 1316 4512 inserit
1345 4456 1463 4514 858

395 4546 452 4611 1),
488 4549 643 4606 1009
667 4566 699 4604 e
755 4555 982 4607 sanctos
1011 4550 1278 4628 obsignat
1306 4552 1466 4611 Deus

1152 364 1474 424 INDEX
1558 369 1932 430 RERUM.

2613 382 2725 438 651

1669 555 1786 612 302
1816 572 1865 619 e,
1895 553 1966 611 cf.
1998 554 2068 612 M
2097 560 2175 615 25
2231 556 2472 616 invicem
2507 559 2733 619 unimur

1664 659 1723 707 et
1750 651 1823 707 ad
1851 651 2036 710 Deum
2067 657 2186 712 999
2216 655 2271 721 (1,
2308 660 2463 716 1000
2493 676 2525 714 c
2592 659 2731 716 vivi-

1666 749 1797 807 ficat
1826 750 2000 808 Filius
2030 756 2148 811 312
2172 754 2226 820 d,
2258 758 2374 811 323
2397 754 2435 812 1)
2482 764 2548 813 ut
2574 756 2732 814 Deus

1663 846 1943 905 illuminat
1988 854 2104 908 347
2139 851 2226 909 bc
2316 852 2566 927 loquitur
2610 856 2727 912 828

1663 944 1700 1001 1)
1770 946 2202 1021 intelligentiam
2237 949 2335 1007 dat
2375 955 2493 1010 936
2524 952 2579 1019 (1,
2610 956 2727 1012 937

1660 1061 1695 1099 a
1717 1042 1772 1099 b.

1580 1138 1827 1214 Spiritus
1884 1140 2130 1200 Sanctus
2184 1144 2340 1202 Deus
2393 1166 2496 1221 per
2539 1147 2728 1216 Quem

1661 1237 1972 1296 Filiationis
1999 1241 2241 1315 gratiam
2275 1243 2580 1318 accipimus
2608 1248 2722 1304 811

1660 1353 1692 1391 c
1752 1336 1824 1393 ad
1838 1337 1999 1415 ‘filios
2033 1356 2137 1395 nos
2171 1339 2441 1415 obsignat
2466 1340 2729 1401 Christus

1661 1433 1736 1490 iii.
1768 1437 1884 1493 393
1941 1454 2343 1512 regeneramur
2372 1443 2489 1497 475
2519 1440 2574 1505 b,
2608 1442 2726 1499 857

1659 1531 1698 1587 (1
1768 1533 1979 1608 templa
2008 1533 2118 1590 Dei
2159 1553 2264 1592 nos
2294 1539 2412 1594 475
2442 1554 2493 1605 c,
2526 1539 2644 1594 810
2673 1555 2725 1607 e,

1660 1628 1737 1687 iii.
1772 1633 1888 1688 424
1959 1631 2245 1689 diabolum
2293 1633 2561 1709 fugamus
2606 1637 2725 1694 922

1660 1727 1698 1785 b
1728 1746 1760 1784 c
1830 1728 1898 1786 iis
1941 1730 2034 1805 qui
2085 1729 2245 1806 digni
2287 1739 2421 1789 sunt
2463 1739 2729 1807 operatur

1658 1823 1836 1884 Pater
1879 1829 1994 1887 931
2029 1827 2067 1885 (1
2134 1828 2359 1888 fortiter
2404 1849 2728 1907 pugnamus

1659 1926 1778 1981 937
1815 1923 1874 1991 1),
1930 1929 2085 1985 1006
2119 1946 2152 1984 c
2181 1926 2219 1983 d
2300 1928 2725 2004 evangelizave-

1658 2028 1793 2078 runt
1821 2022 2082 2097 Apostoli
2113 2027 2232 2084 986
2262 2044 2294 2082 c
2318 2026 2357 2082 d
2428 2025 2728 2084 illuminati

1660 2121 1779 2177 986
1811 2118 1863 2185 d,
1921 2124 2076 2178 1009
2110 2121 2207 2178 bd
2277 2123 2349 2179 nd
2391 2122 2516 2180 Filii
2572 2125 2727 2181 simi-

1657 2199 1955 2258 litudinem
2025 2202 2395 2278 obsignamur
2461 2208 2616 2263 1006
2671 2224 2725 2271 c,

1663 2300 1817 2357 1097
1889 2317 1938 2366 e,
2028 2301 2181 2359 1098
2254 2319 2289 2357 a
2369 2319 2469 2376 per
2537 2301 2724 2371 Quem

1654 2414 1723 2453 ea
1802 2416 1946 2472 quse
2014 2398 2265 2456 humano
2320 2397 2518 2475 generi
2570 2399 2726 2474 prius

1656 2495 1789 2551 data
1850 2495 2092 2563 fuerant,
2138 2497 2438 2573 recipimus
2494 2500 2611 2556 995
2669 2498 2725 2565 (1,

1654 2592 1731 2650 iii.
1761 2596 1877 2651 378
1907 2595 2022 2664 Qui
2042 2596 2438 2654 formationem
2457 2589 2726 2657 Divinam

1652 2691 1712 2747 in
1753 2691 2046 2749 animabus
2089 2694 2385 2770 insculpsit
2414 2696 2532 2753 995
2563 2695 2619 2765 (1,
2648 2694 2724 2755 iii.

1657 2791 1775 2847 553
1786 2807 1887 2864 per
1902 2792 2359 2848 communionem
2377 2791 2641 2860 Quocum
2651 2792 2726 2850 ad

1654 2886 2047 2944 fortitudinem
2085 2906 2259 2963 super
2294 2896 2554 2945 naturam
2590 2908 2722 2946 nos·

1655 2995 1802 3043 tram
1869 2986 2225 3043 ascendimus
2286 2988 2440 3044 1032
2490 2985 2528 3043 1)
2620 3005 2726 3062 per

1655 3084 1844 3153 Quem
1864 3081 1973 3140 Dei
1990 3082 2271 3158 profunda
2288 3081 2514 3140 discunt
2542 3082 2727 3141 sancti

1656 3181 1721 3241 M
1752 3185 1829 3239 64
1865 3184 1944 3256 [p.
1970 3180 2135 3253 285],
2167 3184 2238 3239 91
2278 3181 2353 3256 [p.
2377 3182 2518 3256 336]
2565 3188 2721 3238 vete-

1654 3279 1809 3336 ribus
1836 3279 2063 3336 locutus
2092 3287 2181 3336 est
2209 3279 2472 3337 Christus
2502 3278 2575 3335 iii.
2605 3281 2724 3338 364

1650 3376 1961 3434 formamur
2006 3377 2077 3433 ad
2121 3375 2413 3435 Christum
2453 3376 2533 3433 iii.
2581 3379 2720 3443 397,

1655 3477 1773 3532 557
1857 3493 1959 3549 per
2014 3474 2203 3544 Quem
2266 3473 2505 3532 Divinae
2575 3475 2723 3533 Suae

1650 3581 1941 3630 consortes
1991 3573 2247 3630 Naturae
2296 3572 2467 3631 efficit
2517 3575 2634 3632 857
2665 3573 2721 3641 1),

1654 3674 1772 3730 932
1802 3670 1914 3738 ab,
1960 3673 2079 3729 989
2109 3690 2161 3738 e,
2209 3675 2365 3731 1000
2395 3690 2445 3741 c,
2481 3676 2632 3732 1001
2666 3692 2718 3740 e,

1657 3774 1812 3829 1002
1842 3788 1894 3835 a.
1931 3772 2086 3830 1096
2115 3770 2169 3842 1),
2212 3769 2278 3826 M
2312 3773 2389 3828 27
2450 3770 2718 3828 virtutem

1652 3867 1723 3925 ad
1747 3867 2184 3942 praedicandum
2204 3877 2542 3941 acceperunt
2560 3869 2719 3942 Apo-

1654 3964 1785 4022 stoli
1820 3968 1969 4024 1031
2005 3965 2061 4031 (1,
2103 3968 2258 4023 1032
2289 3963 2381 4021 ab
2450 3964 2721 4040 obsigna-

1648 4081 1777 4119 mur
1823 4060 1888 4120 M
1936 4066 2013 4121 28
2069 4062 2350 4120 formatur
2388 4060 2448 4118 in
2490 4079 2596 4118 nos
2643 4060 2721 4120 iii.

1654 4163 1772 4219 593
1817 4160 2239 4218 similitudinem
2260 4160 2331 4218 ad
2345 4159 2534 4218 Deum
2552 4161 2722 4216 amis-

1651 4277 1774 4314 sam
1831 4277 2230 4333 recuperamus
2285 4258 2360 4314 iii.
2414 4260 2532 4317 594
2615 4276 2722 4331 per

1652 4355 1839 4425 Quem
1876 4355 2087 4413 donum
2127 4355 2423 4431 pristinum
2463 4355 2535 4411 de
2568 4374 2718 4413 novo

1651 4452 1817 4510 nobis
1859 4453 2035 4511 donat
2075 4452 2337 4512 Christus
2364 4452 2439 4511 iii.
2470 4455 2588 4512 554
2644 4453 2719 4511 ad

1652 4551 1825 4609 vitam
1909 4560 2166 4610 sanctam
2250 4551 2720 4610 transformamur

1442 4663 1657 4728 402
