3269 5166
313 424 576 490 [94M·]

624 325 754 388 344
970 324 1048 388 B.
1087 324 1466 390 CYRILLI
1520 326 2049 392 ALEXANDR.
2109 324 2676 391 FRAGMENTA
2844 326 2931 389 iv,
2968 339 3023 404 7.

1460 797 1986 872 ΤΟΜΟΣ
2098 797 2184 871 Γ.

1542 1026 1936 1102 ΛΟΓΟΣ
2015 1026 2103 1102 A.

1344 1263 1462 1329 Ἐν
1517 1262 1926 1354 ὀστρακίνοις
1981 1264 2288 1328 σκεύεσιν.

740 1437 1097 1514 ΣΚΕΥΗ
1140 1434 1491 1539 ὀστράκινα
1527 1433 1609 1516 τὸ
1646 1439 1774 1534 τῆς
1810 1433 2071 1542 λέξεως
2108 1431 2429 1535 ὀνομάζει
2468 1433 2724 1528 κοινὸν,
2763 1434 2848 1512 οὐ
2888 1431 3034 1535 γὰρ

626 1558 702 1635 ἐν
740 1555 994 1665 κόμπῳ
1044 1559 1382 1661 ῥημάτων
1426 1567 1572 1641 τῶν
1609 1562 1817 1640 θείων
1852 1561 2020 1659 ἡμῖν
2056 1560 2474 1661 μυστηρίων
2512 1557 2557 1656 ἡ
2598 1557 3032 1660 παράδοσις,
3061 1585 3096 1644 5

626 1681 795 1759 ἀλλ’
838 1683 932 1764 ὡς
968 1683 1043 1760 ἐν
1080 1680 1269 1789 λε’ξει
1319 1688 1409 1788 τῇ
1455 1690 1642 1764 πᾶσι
1697 1681 2214 1788 κατειθισμένῃ,
2249 1682 2367 1761 ἵνα
2422 1679 2685 1764 πάντες
2741 1682 3025 1779 μανθά-

626 1838 808 1884 νωσι
847 1808 962 1884 καὶ
1001 1815 1313 1887 νοοῦσιν.
1395 1808 1467 1886 τί
1512 1809 1659 1906 οὖν,
1698 1804 1755 1885 ὦ
1794 1815 2046 1888 Παῦλε
2079 1840 2098 1902 ;
2159 1807 2241 1887 οὖ
2283 1805 2427 1909 γὰρ
2466 1804 2553 1904 ἦν
2589 1803 2887 1912 ἐφικτὸν
2923 1809 3031 1911 τῷ

622 1925 898 2013 πάντας
935 1937 1291 2034 σοφοῦντι
1329 1934 1495 2039 Θεῷ
1537 1933 1702 2016 τοῦς
1754 1931 1996 2033 ἁγίους
2045 1928 2506 2014 ἀποστόλους
2553 1925 3023 2026 εὐστομωτά-

623 2086 787 2136 τους
833 2086 909 2133 τε
954 2052 1143 2154 ἄγαν
1197 2058 1565 2161 ἀποφῆναι
1618 2058 1877 2162 ῥᾳδίως
1936 2059 2049 2133 καὶ
2104 2052 2298 2134 πολὺ
2351 2060 2643 2153 μᾶλλον
2683 2051 2728 2152 ἢ
2775 2055 3026 2132 ε’κεΐνοι

622 2177 1416 2277 κατευγλωττισμένους
1471 2182 1586 2258 καὶ
1644 2178 1887 2286 κτύπῳ
1942 2176 2283 2281 ῥημάτων
2336 2174 2865 2276 καταπλήττειν
2927 2181 3026 2254 εἱ-
3059 2208 3132 2247 10

623 2299 833 2384 δότ-ας
869 2300 1034 2385 τοὺς
1082 2301 1643 2407 ἐντυγχάνοντας
1677 2335 1697 2401 ;
1764 2305 1883 2381 ναί
1933 2310 2184 2409 φησιν,
2242 2302 2452 2384 αὐτὸς
2502 2298 2645 2402 γάρ
2683 2302 2844 2379 ἐστι
2893 2303 3026 2396 τῆς

621 2426 891 2529 σοφίας
930 2428 968 2505 ὅ
1015 2424 1343 2531 χορηγός·
1405 2426 1573 2506 ἀλλ’
1615 2428 1674 2507 ἐν
1719 2430 2122 2537 ὀστρακίνοις
2177 2424 2472 2515 σκεύεα-ι,
2512 2425 2908 2521 τουτέστιν,
2945 2425 3025 2501 ἐν

624 2546 766 2653 ἕξει
822 2555 1053 2658 μικρῷ
1109 2553 1212 2631 τὶν
1273 2558 1462 2632 θεῖον
1525 2552 1695 2651 ἡμῖν
1753 2550 2165 2631 κατέκλεισε
2232 2548 2558 2656 θησαιῦρον.
2630 2545 2744 2627 διὰ
2804 2546 3024 2628 ποίαν

621 2671 899 2770 αἱτίαν;
979 2674 1091 2754 ἵνα.
1142 2679 1176 2769 »5
1224 2673 1559 2782 ὑπερβολῆ
1617 2673 1735 2769 τ’ἧς
1786 2670 2124 2781 δυνάμεως
2169 2671 2202 2787 ᾗ
2251 2677 2360 2753 τοῦ
2407 2676 2579 2753 Θεοῦ
2632 2679 2751 2752 καὶ
2801 2670 2898 2777 pov}
2946 2671 3024 2777 ἐξ

620 2795 817 2900 ἦμῶν.
888 2798 1110 2881 οὕτως
1147 2796 1290 2900 γὰρ
1327 2798 1620 2877 ἔπεισαν
1654 2796 1927 2884 πάντας
1965 2801 2455 2900 προσδραμεῖν
2491 2801 2582 2901 τῇ
2618 2796 2886 2875 πίστει.
2959 2801 3021 2873 εἰ
3058 2823 3130 2881 15

617 2917 761 3021 γὰρ
815 2916 905 3018 ἦν
941 2922 1017 2999 ἐν
1056 2922 1290 3003 αὐτοῖς
1346 2921 1680 3023 λαμπρὸς
1731 2924 1770 3001 ὃ
1824 2920 2067 3022 λόγος,
2105 2920 2360 3027 ἔδοξαν
2412 2916 2501 2999 ἂν
2554 2918 2715 2999 ἔσθ’
2758 2918 2878 2998 ὅτε
2934 2919 3022 2997 οὔ

616 3049 744 3144 τῆς
781 3047 996 3124 αὐτοῦ
1033 3043 1392 3143 δυνάμεως
1429 3049 1867 3147 γεγενῆσθαι
1903 3044 2349 3147 κατόρθωσις
2386 3050 2532 3123 τῶν
2566 3041 3023 3141 κεκλημένων

617 3170 662 3268 ἡ
704 3169 973 3253 πίστις.
1046 3168 1285 3269 ἐπειδὴ
1322 3171 1395 3249 δὲ
1434 3169 1550 3247 διὰ
1596 3175 1847 3274 ψιλῶν
1884 3170 2176 3249 ἔπεισαν
2231 3165 2571 3271 ῥημάτων
2622 3168 2849 3250 οὐδεὶς
2903 3167 3018 3244 ἐν·

618 3290 868 3393 δοιάζει
905 3293 1013 3372 ὅτι
1051 3299 1242 3372 Θεοῦ
1277 3293 1524 3394 γέγονε
1552 3291 1670 3385 τῆς
1706 3295 1781 3371 ἐν
1817 3292 2047 3402 τούτῳ
2086 3288 2424 3396 δυνάμεως
2464 3295 2498 3386 »5
2535 3293 2902 3399 ὑπερβολή.

726 3414 1174 3519 Ὀστράκινα
1219 3415 1442 3516 σκεύη
1495 3416 1800 3519 λε’γομεν
1836 3412 1885 3494 ἃ
1921 3416 2372 3519 περικείμεθα
2409 3415 2721 3512 σώματα
2757 3415 2834 3492 ἐν
2870 3419 3022 3496 τοῖς
3055 3446 3131 3486 20

618 3543 983 3636 αἰσθητοῖς
1043 3539 1259 3638 ὄντες,
1316 3541 1588 3646 διανοίᾳ
1644 3541 1957 3646 τοιαύτῃ*
2038 3543 2187 3620 ἐπεὶ
2249 3539 2352 3618 ἔτι
2409 3538 2652 3638 σάρκα
2701 3538 3013 3639 περικεί-

615 3696 815 3759 μενοι
875 3661 1007 3761 τὴν
1072 3663 1591 3764 ἐμποδίζουσαν
1652 3669 1741 3767 τῇ
1809 3664 2067 3770 θεωρίᾳ
2131 3667 2258 3762 τῆς
2320 3662 2679 3761 ἀληθείας,
2741 3667 3022 3763 γνῶσιν

616 3785 871 3890 ἔχομεν
907 3787 1036 3888 τὴν
1080 3791 1242 3891 περὶ
1297 3792 1425 3887 τῆς
1461 3784 1792 3890 Τριάδος,
1840 3791 1874 3882 »5
1925 3786 2262 3893 ὑπερβολῆ
2319 3795 2447 3865 τοῦ
2502 3785 2852 3884 μεγέθους
2894 3790 3024 3884 τῆς

614 3909 952 4010 γνώσεως
1008 3912 1135 3991 οὐκ
1194 3912 1266 4018 ἐξ
1322 3910 1517 4018 ἡμῶν,
1578 3912 1747 3989 ἀλλ’
1804 3912 1880 3990 ἐκ
1940 3912 2113 3992 Θεοῦ
2178 3904 2518 4017 δυνάμεως
2586 3906 3024 4014 ὑπάρχουσα

616 4034 784 4132 ἡμῖν
820 4034 1251 4138 γνωρίζεται.
3057 4052 3129 4112 ²5

693 4263 817 4345 1,'2'.
860 4257 941 4312 Ita
968 4257 1045 4312 H.
1155 4327 1170 4345 Ι
1295 4277 1454 4331 4-19.
1495 4260 1617 4315 Hoc
1645 4260 1888 4315 scholion
1912 4259 2068 4314 nobis
2094 4256 2401 4381 suffeditat
2428 4255 2503 4311 H.
2759 4255 2816 4311 6.
2853 4280 3024 4312 κατα·

615 4327 768 4395 θισμε
833 4325 857 4398 ]
885 4350 915 4381 κ
1013 4329 1228 4398 θισμενη
1257 4329 1392 4386 Cod.
1630 4344 1683 4400 7.
1723 4329 1956 4401 νοοῦσιν]
1989 4330 2070 4383 lta
2097 4327 2178 4382 Co
2221 4367 2234 4382 .
2341 4330 2404 4381 τὸ
2431 4325 2568 4380 Cod.
2823 4329 2908 4382 18.
2943 4329 3023 4381 ε’ν-

614 4350 831 4471 ὃοιάζεᾝ
862 4398 943 4453 lta
1018 4399 1106 4455 od.
1269 4415 1460 4471 20-25.
1500 4400 1739 4456 Adnotat
1765 4420 1820 4456 se
1849 4402 1975 4456 haec
2000 4418 2062 4454 ex
2090 4400 2194 4453 alio
2220 4398 2401 4453 codice
2426 4396 2792 4468 desumpsisse
2820 4398 3023 4452 Maius.
