3269 5166
223 347 362 412 viii.
392 370 495 435 30-
740 350 844 414 IN
892 350 1415 415 EPISTOLAM
1470 350 1597 413 AD
1654 348 2127 414 ROMANos.
2509 352 2633 414 221

226 513 576 620 ἁγιασμῷ
612 518 983 596 πολιτείαν
1021 521 1138 595 καὶ
1174 513 1382 618 ζωήν·
1458 514 1708 619 ὥσπερ
1746 513 1891 616 γὰρ
1927 513 2161 595 εἰκόνα
2205 523 2332 594 τοῦ
2376 523 2641 618 χοικοῦ,
2696 449 2806 514 [3²
2832 447 2960 513 M]

226 638 606 718 τουτέστιν
661 638 923 738 Ἀδὰμ,
980 639 1113 739 τὴν
1167 642 1244 719 ἐν
1304 640 1639 742 παρακοῇ
1694 673 1771 717 τε
1839 642 1956 719 καὶ
2018 641 2392 743 ἁμαρτίαις·
2460 639 2645 743 ζωὴν

228 759 418 842 εἶναι’
449 771 711 866 φαμεν,
749 766 935 844 οὕτω
982 769 1098 843 καὶ
1147 762 1381 843 εἰκόνα
1425 771 1553 842 τοῦ
1603 762 2044 865 ἐπουρανίου,
2082 763 2414 844 τουτέστι
2450 768 2636 869 Χρι·

228 894 442 984 στοῦ,
499 885 628 966 τὸν
694 885 1060 989 ἀγιασμὸν
1120 891 1239 968 καὶ
1300 884 1434 987 τὴν
1488 885 1861 967 δικαίωσιν
1922 891 2037 966 καὶ
2093 885 2227 987 τὴν
2285 887 2633 988 ὑπακοήν.

162 1032 204 1092 5
232 1010 401 1090 ὅσοι
458 1013 696 1091 τοίνυν
750 1011 1379 1114 προεγνώσθησαν
1435 1013 1531 1094 ὡς
1568 1009 1900 1110 ἐσόμενοι
1956 1009 2140 1090 κατὰ
2189 1011 2472 1115 καιροὺς
2515 1017 2646 1112 τῆς

234 1138 568 1236 Χριστοῦ
623 1132 802 1238 ζωῆς
857 1135 1294 1243 σύμμορφοί·
1325 1170 1402 1217 τε
1440 1138 1557 1215 καὶ
1592 1140 1893 1233 μιμηταὶ
1930 1133 2113 1214 κατά
2156 1170 2236 1238 γε
2277 1135 2360 1215 τὸ
2404 1138 2636 1240 ἐγχω·

228 1266 411 1363 ροῦν
446 1264 538 1365 τῇ
577 1261 991 1366 ἀνθρωπίνῃ
1029 1260 1271 1366 φύσει,
1308 1260 1502 1340 οὗτοι
1541 1262 1658 1339 καὶ
1696 1259 2094 1358 κέκληνται.

237 1501 371 1567 Οῦο
426 1501 498 1567 δὲ
553 1501 905 1591 προώρισε,
960 1505 1231 1569 τούτους
1288 1503 1396 1567 καὶ
1452 1502 1752 1569 ἐκάλεσε·
1819 1500 1925 1565 καί
1979 1502 2093 1568 οὓς
2151 1502 2441 1583 ἐκάλεσε,
2496 1503 2644 1568 τού-
2674 1530 2752 1587 30

310 1650 462 1694 τους
501 1628 608 1693 καί
642 1627 1050 1694 ἐδικαίωσεν·
1125 1630 1239 1694 060
1277 1626 1349 1694 δὲ
1387 1626 1759 1708 ἐδικαίωσε,
1796 1628 2065 1693 τούτους
2104 1624 2203 1693 καὶ
2242 1626 2572 1695 ἐδόξασεν.

124 1836 208 1878 ιο
351 1798 794 1905 Εὖάφορμον
850 1805 979 1901 τῆς
1045 1801 1385 1884 ἀπιστίας
1446 1800 1532 1879 τὸ
1586 1804 1834 1906 χρῆμα
1887 1801 2257 1881 ποιεῖσθαί
2305 1834 2503 1886 τινας
2556 1801 2643 1881 τὸ

235 1922 529 2007 ἀπεικὸς
576 1923 797 2023 οὐδὲν,
833 1926 923 2033 ἐξ
971 1927 1279 2022 ἀμαθίας·
1316 1926 1965 2028 συνηρπασμένους
2012 1929 2127 2005 καὶ
2165 1926 2514 2029 λέγοντας
2553 1931 2643 2005 Ei

232 2047 358 2131 οὓς
409 2046 619 2132 αὐτὸς
655 2048 984 2153 προέγνω
1027 2047 1211 2129 κατὰ
1258 2046 1607 2152 πρόθεσιν
1658 2052 1773 2128 καὶ
1833 2048 2257 2152 προώρισεν,
2296 2049 2489 2129 οὗτοι
2526 2051 2644 2128 καὶ

234 2171 638 2271 κέκληνται,
677 2173 859 2276 πρὸς
914 2173 1097 2273 ἡμᾶς
1154 2172 1316 2256 τοὺς
1374 2175 1574 2254 οὔπω
1632 2172 2195 2256 πεπιστευκότας
2252 2174 2478 2253 οὐδέν·
2559 2173 2644 2253 οὖ

235 2295 385 2399 γάρ
422 2331 531 2375 τοι
582 2298 1009 2397 κεκλήμεθα,
1047 2299 1206 2377 οὔτε
1258 2296 1403 2397 μὴν
1441 2299 1983 2400 προωρίσμεθα·
2043 2296 2227 2400 πρὸς
2275 2296 2396 2381 οὓς
2433 2300 2636 2398 ἐροῦ-

130 2459 208 2520 15
234 2456 392 2520 μεν,
431 2420 540 2500 ὅτι
576 2422 616 2500 ὃ
653 2427 879 2502 ποιῶν
915 2420 1079 2505 τοὺς
1115 2422 1388 2524 γάμους
1416 2428 1519 2529 τῷ
1558 2426 1684 2528 υἱῲ
1722 2423 1959 2519 αὐτοῦ,
1997 2419 2161 2504 τοὺς
2198 2421 2330 2520 μὲν
2366 2416 2640 2506 οἰκέτας
2667 2444 2716 2494 S·
2736 2444 2929 2524 {lutth-

235 2543 664 2626 ἀπέστειλεν
719 2553 1135 2649 συναγεῖραι
1189 2545 1355 2631 τοὺς
1411 2545 1904 2646 κεκλημένους,
1945 2551 2011 2626 οἱ
2067 2546 2140 2626 δὲ
2196 2548 2323 2626 οὐκ
2379 2547 2642 2646 ἤθελον
2665 2527 2787 2560 xm.
2805 2525 2850 2569 ²’
2875 2525 2923 2574 3‘

234 2672 495 2751 ἐλθεῖν·
552 2674 895 2769 εἰσῆλθον
947 2670 1022 2750 δὲ
1072 2672 1220 2768 μετ’
1261 2671 1562 2755 ἐκείνους
1611 2676 1678 2751 οὶ
1732 2674 1985 2770 κλητοὶ
2032 2673 2182 2750 κατ’
2225 2675 2408 2751 ἶδίαν
2457 2670 2639 2771 πρό-

239 2799 470 2890 θεσιν,
526 2795 944 2894 πέπλησται
1016 2796 1094 2874 δὲ
1168 2798 1392 2879 οὕτως
1463 2798 1504 2875 ὃ
1581 2796 1884 2901 νυμφὼν
1940 2802 2087 2876 τῶν
2150 2796 2644 2893 ἀνακειμένων.

235 2916 443 2998 οὐδὲν
498 2919 624 2998 οὖν
679 2921 821 3021 ἀρα
873 2926 1022 3003 τοῖς
1076 2914 1456 2999 ἐθέλουσιν
1509 2922 1747 3001 ἐλθεῖν
1801 2920 2128 3014 ἐμποδὼν
2185 2922 2434 3021 ὁρᾶται
2493 2923 2640 3001 κεί-

131 3079 214 3120 20
237 3072 485 3143 μενον·
554 3046 782 3123 ἀδικεῖ
830 3042 905 3123 δὲ
964 3044 1215 3123 οὐδένα
1269 3042 1351 3123 τὸ
1408 3043 1714 3143 σύμπαν
1751 3044 1796 3144 ἡ
1831 3043 2267 3147 πρόγνωσις,
2305 3046 2464 3124 οὔτε
2500 3042 2644 3141 μὴν

238 3166 532 3267 ὀνίνησί
578 3201 798 3252 τινας.
868 3169 1043 3247 ἐπεὶ·
1068 3166 1557 3248 διδασκόντων
1595 3174 1654 3248 εἰ
1699 3168 1800 3266 μὴ
1853 3173 1968 3248 καὶ
2019 3168 2218 3248 αὐτοὶ
2266 3166 2636 3269 προεγνῶ·

236 3299 564 3392 σθησαν,
603 3296 669 3370 οἱ
717 3298 872 3376 ταῖς
915 3293 1299 3376 ἀπειθείαις
1336 3292 1788 3399 ἐξυβρικότες
1824 3292 1951 3371 τὸν
1986 3290 2383 3390 κεκληκότα
2421 3291 2639 3372 Θεόν·

237 3417 448 3500 ἀλλὰ
508 3419 625 3498 καὶ
683 3418 1060 3517 κέκληνται
1115 3417 1246 3512 μὲν
1300 3422 1418 3498 καὶ
1483 3418 2064 3518 εἶσπεπηδήκασί
2116 3453 2299 3504 τινες
2363 3425 2461 3504 εἷς
2517 3417 2646 3499 τὸν

235 3543 499 3647 γάμον,
553 3540 753 3642 πλὴν
807 3543 892 3622 οὐ
945 3539 1338 3645 γεγόνασιν
1374 3544 1716 3640 ἐκλεκτοὶ,
1754 3542 1913 3623 οὐδὲ
1951 3543 2427 3624 δεδικαίωνται
2485 3543 2646 3624 οὐδὲ

135 3696 213 3757 25
239 3665 775 3773 ἐδοξάσθησαν·
862 3664 979 3746 διὰ
1041 3666 1256 3747 ποίαν
1316 3666 1599 3765 αἶτίαν;
1689 3665 1799 3746 ὅτι
1863 3665 1964 3765 μὴ
2020 3668 2442 3770 πρέπουσαν
2496 3675 2646 3752 τοῖς

238 3789 500 3894 γάμοις
550 3787 1027 3895 ἠμφιέννυντο
1077 3791 1381 3890 στολήν.
1445 3791 1695 3875 ἄλλως
1733 3825 1810 3871 τε
1848 3795 1964 3871 καὶ
1998 3791 2214 3871 αὐτὸν
2249 3788 2647 3893 εὑρήσομεν

237 3913 370 3995 τὸν
440 3915 712 4018 Κύριον
783 3913 986 4015 ἡμῶν
1055 3915 1347 4013 Ἰησοῦν
1420 3914 1754 4018 Χριστὸν
1828 3914 2245 4021 ἀναφανδὸν
2319 3916 2649 4018 εἰρηκότα

319 4124 365 4163 ῐ.
404 4110 600 4166 εἰκόνος
623 4109 750 4177 (εἰσ)
776 4109 845 4163 Α.
1062 4126 1113 4163 2.
1137 4130 1194 4164 τε
1217 4117 1559 4180 assumptum
1584 4126 1647 4163 ex
1674 4118 1713 4165 t.
1740 4118 1842 4164 cet.
2080 4127 2131 4177 4.
2161 4112 2244 4163 καὶ
2266 4110 2359 4178 τὴν
2382 4111 2650 4165 δικαίωσιν

239 4181 322 4234 καὶ
347 4180 440 4248 τὴν
462 4178 718 4251 ὑπακοήν]
744 4180 839 4249 τὴν
863 4178 1204 4248 δικαιοσῦνην,
1228 4179 1323 4247 τὴν
1346 4179 1571 4249 ὑπακοήν
1593 4188 1632 4233 t.
1660 4189 1761 4235 cet.
2220 4199 2302 4235 10.
2345 4181 2458 4236 Inc.
2484 4183 2650 4237 Οὐδὲν

238 4250 414 4318 μέντοι
450 4254 513 4306 τὸ
548 4252 778 4314 ἀπεικὸς,
802 4251 1101 4320 εὐάφορμον
1123 4252 1214 4318 τῆς
1247 4250 1492 4306 ἀπιστίας
1521 4251 1582 4304 τὸ
1607 4253 1780 4321 χρῆμα
1803 4251 2068 4305 ποιεῖσθαί
2091 4273 2230 4308 τινας
2254 4253 2312 4320 ἐξ
2336 4251 2552 4320 ἀμαθίας
2576 4256 2645 4308 Α.

244 4337 329 4376 12.
366 4324 665 4391 προώρισεν
691 4323 758 4375 A.
782 4320 1090 4392 προαίρεσιν
1116 4319 1218 4374 Ed.
1316 4322 1398 4374 καὶ
1422 4322 1512 4375 alt.
1540 4331 1881 4392 assumptum
1907 4340 1970 4375 ex
1997 4323 2065 4377 A.
2242 4339 2322 4393 13.
2361 4324 2481 4379 τοὺς
2504 4328 2647 4378 οὔπω

238 4396 645 4450 πεπιστευκότας
669 4391 823 4446 οὐδέν
847 4391 949 4445 hoe
974 4389 1159 4445 ordine
1187 4392 1253 4445 A.
1277 4392 1426 4445 οὐδὲν
1451 4400 1572 4446 ante
1596 4393 1715 4449 τοὺς
1740 4402 2098 4462 transponunt
2117 4392 2181 4446 B.
2206 4392 2305 4447 Ed.
2421 4394 2503 4447 16.
2528 4392 2646 4462 ἧθέ-

241 4467 413 4532 Mean
434 4466 507 4519 A.
964 4479 1045 4531 19.
1084 4462 1236 4516 οὐδὲν
1259 4462 1327 4516 Α.
1354 4461 1462 4517 οὐδ’
1493 4462 1558 4517 Β.
1586 4462 1690 4519 Ed.
1795 4463 1898 4533 ἄρα
1920 4465 2028 4520 τοῖς
2051 4464 2120 4518 Α.
2144 4463 2225 4534 ἀρ’
2251 4464 2424 4519 αὐτοῖς
2450 4463 2514 4517 Β.
2543 4463 2647 4517 Ed.

240 4550 327 4590 22.
361 4537 642 4591 σεσωκότα
668 4551 770 4604 pro
797 4535 1075 4600 κεκληκότα
1100 4532 1169 4587 Α.
1512 4550 1597 4600 24.
1636 4534 1756 4587 οὐδὲ
1818 4531 1955 4604 rius]
1984 4534 2044 4587 οὔ
2072 4535 2137 4589 Α.
2247 4534 2365 4589 οὐδὲ
2391 4535 2481 4587 alt.
2508 4532 2646 4586 A.B.

234 4606 341 4662 οὐδ’
369 4606 477 4662 Ed.
806 4601 895 4659 26.
934 4602 1219 4675 εὑρήσομεν
1247 4604 1313 4659 A.
1341 4604 1646 4676 εὑρίσκομεν
1673 4604 1738 4659 Β.
1768 4552 1867 4661 gd.
