3269 5166
669 334 759 398 46
1278 340 1357 403 B.
1405 340 1825 407 CYRILLI
1885 342 2465 409 ALEXANDR.
2767 366 2944 407 mu
2973 342 3068 410 28.

616 528 653 572 ο
673 505 770 584 εἷς
819 502 1046 583 τύπον
1089 538 1164 584 τε
1216 507 1333 584 καὶ
1381 507 1832 613 παραψυχὴν
1869 510 2235 613 ἡμετέραν,
2273 508 2359 589 τὸ
2413 510 2522 591 ἑνί
2567 544 2709 590 που
2758 507 2981 613 τυχὸν
3026 509 3070 608 ἦ

673 626 943 728 ὀλίγοις
999 634 1145 707 τῶν
1181 629 1406 732 ἁγίων
1445 633 1934 733 συμβεβηκός.
2016 635 2504 732 διδασκόμεθα
2557 633 2701 737 γὰρ
2758 635 3072 714 ἐντεῦθεν

670 746 771 849 μὴ
824 758 980 834 ταῖς
1035 754 1302 832 ἑαυτῶν
1352 755 1754 840 ἀσθενείαις
1807 759 2198 858 ἐνορῶντας
2254 758 2416 838 ἔσθ’
2458 758 2575 838 ὅτε
2625 762 3072 860 καταναρκᾶν

671 874 1134 969 ἀβουλότατα
1167 876 1254 957 τὸ
1293 880 1651 959 δουλεύειν
1684 884 1791 988 τῷ
1827 886 2013 989 Θεῷ,
2050 882 2462 962 πεποιθέναι
2514 880 2589 961 δὲ
2635 889 2929 979 μᾶλλον
2963 883 3072 961 ἐπὶ

668 1003 772 1104 τῷ
807 998 1085 1085 πάντας
1123 1008 1413 1103 νευροῦν
1451 1001 1802 1108 ἰσχύοντι,
1840 1007 1956 1084 καὶ
2003 1011 2151 1090 τοῖς
2201 1005 2377 1110 ὑπὲρ
2424 1009 2656 1111 φύσιν
2689 1002 3066 1108 ἐναβρύνε-
3092 1026 3122 1087 5

669 1129 847 1203 σθαι
884 1124 1397 1228 κατορθώμασι
1433 1129 1552 1205 καὶ
1590 1129 1760 1230 παρ’
1797 1129 2059 1210 ἐλπίδα
2093 1130 2555 1239 χαριζομένῳ.

567 1417 953 1491 α8Ἂι-ουσιν
1007 1415 1121 1484 οὖν
1176 1419 1290 1488 τὸν
1335 1419 1591 1487 ἸΗσοῦν
1646 1420 1780 1487 ἀπὸ
1844 1425 1956 1487 τοῦ
2018 1422 2282 1509 Καῖάφα
2347 1419 2441 1487 εἰς
2503 1422 2581 1488 τὸ
2642 1420 3066 1511 πραιτώριον·

771 1538 849 1609 ἦν
902 1543 975 1609 δὲ
1029 1538 1223 1632 πρωΐ·
1282 1545 1386 1609 καί
1441 1546 1628 1611 αὐτοὶ
1681 1547 1799 1611 οὐκ
1855 1543 2158 1614 εἰσῆλθον
2212 1544 2306 1612 εἰς
2359 1547 2436 1614 τὸ
2491 1546 2920 1637 πραιτώριον,
2963 1549 3068 1613 ἵνα

769 1670 856 1741 μή
913 1670 1290 1752 μιανθῶσιν,
1344 1671 1483 1736 ἀλλ’
1543 1673 1652 1738 ἵνα
1708 1675 1969 1761 φάε-ωσι
2022 1674 2099 1741 τὸ
2153 1676 2388 1762 πάσχα.

597 1744 641 1810 d

325 1855 547 1986 ἓξὲξ.
781 1849 1025 1948 Κρΐμα
1075 1845 1344 1926 δίκαιον
1389 1847 1674 1950 κρίνετε,
1713 1850 1832 1927 καὶ
1869 1858 1914 1895 “
1942 1850 2183 1955 ἀθῷον
2217 1853 2335 1928 καὶ
2384 1847 2653 1928 δίκαιον
2700 1849 2829 1926 οὐκ
2880 1850 3064 1928 ἀπο·
3093 1881 3148 1922 ιο

324 1988 389 2066 pf-
407 1960 561 2105 1650113·
666 1978 709 2014 ‘⁶
735 1969 1052 2067 κτενεῖς,”
1078 1968 1462 2073 διαῤῥήδην
1499 1972 1725 2056 οὕτως
1763 1967 2330 2074 ἀνακεκραγότος
2366 1978 2494 2052 τοῦ
2532 1967 2754 2070 νόμου
2789 1974 2911 2050 καὶ
2947 1975 3070 2069 τῆς

326 2069 360 2104 ι’
384 2068 406 2103 ¹
448 2090 461 2104 ⁸
664 2092 856 2177 θείας
908 2095 1226 2194 ἐντολῆς,
1274 2096 1747 2198 ἐπερυθριῶσι
1801 2095 1933 2193 μέν
1973 2129 2130 2179 πως
2185 2102 2276 2200 τῇ
2330 2102 2479 2175 τῶν
2531 2101 2777 2175 αἰτιῶν
2818 2096 3070 2201 ἐρημίᾳ

665 2220 782 2296 καὶ
817 2218 952 2323 οὐχ
987 2216 1265 2302 ἑκόντες
1307 2223 1372 2298 οἱ
1421 2220 1742 2299 δείλαιοι·
1804 2218 2372 2325 ἀπροφάσιστον
2409 2218 2485 2300 δέ
2531 2218 2667 2318 ἤδη
2719 2215 2854 2317 τὴν
2890 2217 3068 2298 κατὰ

664 2347 996 2444 Χριστοῦ
1045 2341 1305 2441 μανίαν
1352 2343 1825 2444 εὑρίσκοντες,
1860 2339 2259 2446 εἶργόμενοί
2301 2378 2381 2424 τε
2432 2348 2561 2445 τῆς
2616 2342 3069 2425 αὖτοκτονίας

665 2465 783 2545 διὰ
837 2465 965 2546 τὸν
1018 2467 1452 2565 ἐπικείμενον
1508 2465 1894 2568 ἀγνισμόν·
1978 2467 2290 2564 ἔμελλον
2343 2466 2489 2572 γὰρ
2551 2466 2689 2568 ἤδη
2753 2467 2949 2549 θύειν
3000 2467 3067 2548 τὶ
3093 2498 3150 2555 15

666 2590 960 2689 ποία-χοι,
988 2589 1171 2670 κατὰ
1204 2589 1330 2671 τὸν
1367 2590 1569 2671 οὐδὲν
1603 2594 1771 2696 παρ’
1803 2593 2041 2676 αὐτοῖς
2078 2594 2430 2698 ἰσχύοντα
2464 2591 2705 2691 νόμον·
2768 2590 3070 2700 Πιλάτφ

667 2717 1171 2818 προσάγουσιν,
1228 2719 1305 2795 ἐκ
1368 2720 1660 2815 πολλῆς
1724 2715 1913 2820 ἄγαν
1973 2719 2364 2801 ἀσυνεσίας
2423 2721 2571 2802 τοῖς
2634 2720 2764 2816 τῆς
2827 2718 3071 2796 ἀδίκου

667 2841 1076 2945 μιαιφονίας
1143 2837 1603 2942 ἐγκλήμασιν
1667 2841 1796 2920 οῦκ
1868 2839 1958 2920 ἂν
2022 2839 2213 2925 ὅλως
2277 2845 2702 2946 ἐνσχεθῆναι
2762 2838 3062 2920 πιστεύ-

667 2997 948 3064 σαντες,
987 2971 1048 3045 εἶ
1100 2961 1502 3070 αὐτόχειρες
1554 2963 1689 3061 μὲν
1731 2964 1860 3043 οῦκ
1918 2962 2008 3042 ἂν
2053 2960 2186 3043 εἷεν
2224 2966 2447 3060 αὐτοὶ,
2482 2965 2961 3065 προσοίσειαν
2997 2961 3070 3041 δὲ

665 3096 960 3188 μᾶλλον
1007 3096 1160 3174 ταῖς
1214 3088 1455 3191 ἑτέρου
1512 3089 1769 3193 χερσὶν
1811 3087 2031 3167 ἐκεῖνο
2078 3087 2528 3187 πεισόμενον,
2573 3085 2707 3167 κάν
2752 3094 2901 3171 τοῖς
2958 3084 3072 3167 διὰ
3094 3116 3154 3160 ιο

674 3213 1049 3298 Μωυσέως
1085 3209 1328 3321 ἀπᾴδῃ
1367 3211 1608 3310 νόμοις
1647 3211 1825 3316 ὅπερ
1860 3210 1949 3311 ἦν
1985 3213 2225 3296 αὐτοῖς
2274 3209 2459 3291 κατὰ
2503 3220 2696 3292 νοῦν.
2775 3211 3067 3314 γελοιό-

333 3359 586 3417 1038Δ.
608 3375 645 3415 a
669 3369 887 3414 τατον
952 3334 1027 3415 δὲ
1094 3334 1392 3443 σφόδρα
1453 3339 1733 3416 κάκεῖνο
1806 3335 1988 3438 πρὸς
2052 3337 2284 3443 τούτῳ
2350 3334 2797 3441 πεπραχότες
2862 3334 3067 3415 ἀλώ-

669 3491 951 3537 σονται.
1022 3457 1428 3541 εὐθύνοντες
1465 3457 1609 3562 γὰρ
1648 3462 1745 3544 ὡς
1779 3461 1896 3540 ἐπὶ
1930 3467 2077 3544 τοῖς
2110 3457 2445 3564 ἐσχάτοις
2481 3459 3075 3561 κατεγνωσμένον

667 3580 797 3661 τὸν
844 3578 1302 3683 ἡμαρτηκότα
1354 3581 1596 3682 μηδὲν,
1649 3586 1766 3662 καὶ
1821 3580 1953 3683 τὴν
2001 3585 2186 3664 οὕτω
2244 3580 2839 3690 φρικωδεστάτην
2891 3580 3068 3662 ἀσέ-

667 3713 871 3802 βειαν
907 3709 1032 3806 τῆς
1076 3706 1346 3786 ἑαυτῶν
1383 3705 1850 3811 καταχέοντες
1900 3711 2253 3813 κεφαλῆς,
2298 3705 2425 3788 τὸν
2461 3715 2588 3787 τοῦ
2635 3708 3075 3810 πραιτωρίου
3099 3731 3160 3793 ²5

668 3829 1062 3936 φεύγουσιν
1107 3826 1338 3927 οὐδὸν,
1375 3831 1472 3912 ὡς
1527 3828 1877 3928 ἐσόμενον
1926 3831 2160 3913 αὐτοῖς
2218 3829 2594 3933 παραίτιον
2641 3837 3067 3929 μολυσμοῦ,

667 3956 785 4034 καὶ
821 3953 905 4033 τὸ
942 3954 1293 4057 ἀνδράσιν
1317 3952 1835 4056 ἐπιμίσγεσθαι
1870 3958 2020 4037 τοῖς
2056 3950 2389 4056 ἀνάγνοις
2427 3952 2531 4033 ε”τι
2556 3962 3073 4057 παραιτοῦνται

665 4075 784 4158 διὰ
838 4081 1180 4182 σπουδῆς.
1266 4076 1514 4160 λίθους
1569 4075 1737 4180 γὰρ,
1793 4073 2009 4177 οἶμαι,
2068 4080 2186 4158 καὶ
2240 4076 2639 4181 ἀνθρώπων
2693 4082 2842 4155 τῶν
2899 4079 3074 4176 ὃμο-

665 4207 894 4304 γενῶν
956 4201 1265 4300 σώματα
1329 4199 1849 4299 καταμολύνειν
1913 4201 2268 4281 δύνασθαι
2337 4197 2867 4282 πεπιστεύκασι
2937 4197 3073 4301 τὴν

665 4325 1049 4429 ἀνθρώπου
1097 4323 1372 4431 ψυχήν·
1433 4323 1517 4404 τὸ
1567 4321 1644 4404 δὲ
1695 4322 1785 4423 δὴ
1838 4322 2131 4405 πάντων
2175 4324 2565 4431 αἴσχιστον
2613 4329 2760 4403 τῶν
2796 4331 3067 4421 κακῶν,
3097 4351 3166 4411 30

872 4599 925 4655 5.
964 4580 1064 4656 τῷ]
1092 4585 1182 4638 τὸν
1205 4582 1270 4638 Ε.
1582 4582 1636 4637 6.
1673 4585 2012 4654 χαριζόμενον
2037 4584 2102 4640 Ε.
2435 4600 2516 4654 13.
2556 4580 2763 4652 δῆλαιοι
2793 4581 2858 4637 Ε.
