3269 5166
233 281 325 346 ix.
358 283 400 345 6
432 305 567 369 sqq.
756 282 865 348 IN
914 281 1437 348 EPISTOLAM
1487 282 1616 347 AD
1671 280 2141 349 ROMANOS.
2512 287 2640 352 225

2691 404 2805 470 [34
2826 404 2945 471 M·]

230 444 681 547 οἰκειότητος,
718 452 779 526 εἶ
833 445 933 545 μὴ
988 451 1117 547 τῆς
1162 453 1309 527 τῶν
1361 448 1587 550 ἁγίων
1641 447 1971 549 πατέρων
2026 448 2393 555 ἐξέφυσαν
2445 448 2639 553 ῥίζης

229 571 351 649 καὶ
388 575 516 666 τῆς
565 569 848 650 ἐκείνων
879 568 1195 653 εὐκλείας
1245 569 1591 649 τέθεινται
1642 570 2095 671 κληρονόμοι,
2132 579 2191 650 εἰ
2229 570 2329 672 μὴ
2364 579 2640 674 πρῶτοι

227 688 399 776 τοὺς
456 696 584 792 τῆς
638 698 734 775 εἰς
772 691 964 772 Θεὸν
1000 693 1335 797 λατρείας
1380 690 1908 792 μεμελετήκασι
1962 691 2293 793 τρόπους,
2331 698 2448 774 καὶ
2502 693 2633 781 τὰς

229 818 363 912 τῆς
407 814 842 917 ἐπαγγελίας
889 813 1478 914 πεπλουτήκασιν
1524 815 1843 912 ἐλπίδας,
1887 816 2360 918 μετριωτέραν
2397 815 2488 898 ἄν
2530 852 2640 905 τις

167 956 207 1017 5
230 935 368 1036 τὴν
404 938 514 1018 ἐπ’
546 940 783 1021 αὐτοῖς
817 937 1207 1036 ἐποιήσατο
1244 936 1505 1037 λύπην.
1564 936 1803 1036 ἐπειδὴ
1842 936 1917 1017 δὲ
1953 940 2189 1017 αὐτῶν
2216 946 2282 1020 οἱ
2317 942 2636 1043 πατέρες,

230 1062 352 1140 καὶ
386 1059 482 1139 τὰ
517 1060 746 1140 ἄλλα·
820 1059 1042 1159 μόνον
1077 1061 1154 1140 δὲ
1192 1062 1350 1165 οὐχὶ
1389 1063 1503 1139 καὶ
1541 1059 1631 1166 ἐξ
1662 1061 1900 1163 οὐρίας
1938 1063 2172 1145 αὐτοῖς
2207 1070 2354 1142 τῶν
2387 1098 2633 1166 πραγ-

226 1182 485 1281 μάτων
521 1184 792 1281 ἰόντων,
832 1190 928 1268 εἷς
977 1182 1325 1282 ἀδόκητον
1360 1181 1860 1264 ἐκπεπτώκασι
1903 1181 2117 1266 τέλος
2164 1188 2278 1263 καὶ
2325 1189 2628 1290 διημαρ-

228 1304 501 1404 τήκασι
565 1311 690 1406 τῆς
753 1309 1066 1391 ἐλπίδος·
1150 1313 1306 1392 πῶς
1372 1307 1456 1387 οὐ
1524 1305 1902 1386 πάνδεινον
1976 1310 2266 1405 ἀληθῶς
2328 1307 2414 1388 τὸ
2489 1317 2636 1393 τοῖς

230 1430 515 1512 ἀθλίοις
568 1429 1080 1532 συμβεβηκός3

122 1715 203 1754 10
526 1687 657 1775 Οὐχ
710 1682 851 1754 οἷον
905 1688 979 1755 δὲ
1029 1690 1131 1756 ὅτι
1184 1688 1605 1756 ἐκπέπτωκεν
1659 1689 1696 1757 ὁ
1751 1689 1940 1764 λόγος
1994 1692 2107 1754 τοῦ
2159 1687 2351 1754 Θεοῦ.
2664 1693 2853 1770 6sqq.

343 1858 694 1960 Ἀκριβὴς
747 1861 788 1938 ό
838 1856 1086 1960 λόγος·
1151 1859 1414 1959 ἥκιστα
1463 1855 1607 1962 γὰρ
1654 1860 2084 1965 διεψεῦσθαί
2127 1866 2381 1964 φησιν,
2414 1859 2639 1960 ἤγουν

229 1983 593 2065 δύνασθαι
626 1986 755 2080 τῆς
790 1983 1129 2081 ἀληθείας
1167 1985 1534 2063 διαπεσεῖν
1571 1980 1701 2061 τὸν
1735 1991 1861 2061 τοῦ
1899 1988 2091 2062 Θεοῦ
2125 1980 2375 2084 λόγον·
2418 1979 2640 2085 ἐπήγ-

229 2116 494 2209 γελται
547 2104 679 2204 μὲν
732 2103 877 2206 γὰρ
932 2104 1527 2207 ὁμολογουμένως
1581 2112 1686 2213 τῷ
1742 2105 2088 2208 Ἀβραὰμ.
2146 2107 2219 2185 ἐν
2280 2109 2535 2209 ἀρχαῖς
2597 2107 2637 2184 ὃ
2661 2132 2745 2187 35
2779 2130 2875 2188 Π.

229 2236 383 2311 τῶν
456 2227 653 2308 ὅλων
727 2225 945 2326 Θεὸς,
1025 2228 1133 2308 ὅτι
1208 2227 1451 2333 πατὴρ
1524 2227 1730 2308 ἔσται
1801 2234 2132 2308 πολλῶν·
2222 2230 2338 2308 καὶ
2410 2226 2637 2308 πάλιν
2659 2245 2789 2296 Gen·
2810 2243 2934 2294 xvii.

126 2376 203 2437 15
231 2364 275 2400 ‘⁶
310 2351 723 2452 Πληθύνων
771 2358 1119 2451 πληθυνῶ
1167 2351 1252 2431 τὸ
1303 2351 1600 2456 σπέρμα
1646 2386 1788 2431 σου
1837 2354 2011 2432 ὡσεὶ
2065 2349 2159 2431 τὰ
2214 2351 2454 2454 ἄστρα
2510 2360 2638 2431 τοῦ
2661 2329 2879 2426 ἷὶωιίῑ.
2898 2387 2973 2438 17·

232 2487 278 2523 ‘⁶
316 2477 627 2579 οὐρανοῦ
690 2481 794 2583 τῷ
867 2473 1191 2575 πλήθει·”
1282 2475 1417 2556 ἔδει
1488 2477 1727 2555 τοίνυν
1796 2477 1953 2579 οὐχὶ
2024 2474 2265 2575 μόνων
2336 2481 2483 2554 τῶν
2554 2475 2645 2583 ἐξ

230 2597 546 2702 Ἰσραὴλ
602 2602 1101 2703 ἀναδειχθῆναι
1153 2599 1430 2702 πατέρα
1484 2598 1612 2678 τὸν
1665 2598 2033 2701 Ἀβραάμ·
2096 2598 2297 2683 ἔθνος
2352 2596 2494 2703 γὰρ
2548 2597 2639 2698 ἦν

232 2720 311 2801 ἓν
346 2720 435 2801 τὸ
472 2722 562 2829 ἐξ
590 2722 806 2802 αὐτοῦ
855 2723 1197 2829 πεφηνὸς,
1235 2723 1454 2824 μυρία
1491 2721 1567 2802 δὲ
1606 2720 1752 2802 ὅσα
1789 2721 1970 2802 κατὰ
2019 2729 2272 2802 πᾶσαν
2306 2721 2438 2820 τὴν
2474 2727 2637 2821 γῆν,

233 2844 285 2925 ἂ
317 2848 437 2925 καὶ
489 2852 587 2929 εἷς
638 2845 851 2925 τέκνα
886 2846 1228 2926 τέθεινται
1277 2851 1381 2952 τῷ
1413 2842 1779 2948 Ἀβραὰμ,
1830 2844 2023 2948 εἴπερ
2058 2846 2242 2925 εἰσὶν
2279 2845 2365 2950 ἐξ
2401 2847 2629 2947 ἐπαγ-

128 3003 206 3043 20
233 2969 515 3071 γελίας,
594 2972 711 3048 καὶ
785 2977 828 3014 “
860 2977 1243 3073 στοιχοῦσι
1316 2974 1463 3052 τοῖς
1535 2967 1769 3073 ἴχνεσι
1840 2971 1969 3066 τῆς
2041 2969 2116 3046 ἐν
2190 2966 2637 3072 ἀκροβυστίᾳ
2658 2980 2821 3094 {xpm
2837 2982 2902 3032 iv.

233 3106 279 3142 ‘⁶
314 3094 682 3176 πίστεως”
727 3093 967 3188 αὑτοῦ,
1006 3090 1185 3203 κατὰ
1224 3089 1308 3170 τὸ
1343 3090 1865 3194 γεγραμμένον·
1938 3094 2036 3174 ὡς
2071 3088 2212 3193 γὰρ
2251 3089 2461 3173 αὐτός
2496 3124 2638 3170 που
2728 3081 2742 3096 ’

232 3219 472 3321 φησὶν
513 3216 553 3293 ὁ
589 3213 933 3318 μακάριος
974 3219 1270 3297 Παῦλος
1322 3225 1365 3263 “
1390 3216 1507 3293 Οὐ
1557 3213 1674 3293 διὰ
1726 3213 1948 3312 νόμου
2003 3215 2048 3313 ἡ
2092 3213 2488 3316 ἐπαγγελία
2537 3220 2950 3320 Tq31b.13,14.

234 3350 281 3387 “
316 3336 666 3440 Ἀβραὰμ
705 3343 801 3422 εἶς
847 3337 933 3417 τὸ
978 3335 1430 3439 κληρονόμον
1473 3336 1692 3416 αὐτὸν
1726 3333 1902 3416 εἶναι
1947 3334 2246 3436 κόσμου,
2285 3335 2487 3417 ἀλλὰ
2524 3335 2639 3417 διὰ

236 3474 281 3509 “
319 3461 779 3561 δικαιοσύνης
813 3464 1144 3545 πίστεως·
1203 3467 1261 3541 εἶ
1297 3457 1442 3565 γὰρ
1470 3464 1537 3540 οὶ
1573 3462 1653 3539 ἐκ
1690 3457 1911 3560 νόμου
1946 3461 2398 3565 κληρονόμοι,
2428 3464 2638 3568 φησὶ,

136 3614 209 3673 ²5
236 3597 281 3634 “
317 3586 695 3667 κεκένωται
757 3584 804 3682 ἡ
867 3584 1114 3668 πίστις
1179 3587 1297 3664 καὶ
1357 3581 1798 3687 κατήργηται
1855 3585 1901 3685 ἦ
1962 3584 2426 3686 ἑπαγγελία.”
2524 3582 2640 3663 ὅτε

235 3710 476 3789 τοίνυν
534 3709 631 3790 ὡς
685 3708 762 3785 ἐν
814 3703 1072 3785 Ἰσαὰκ
1126 3705 1212 3786 τὸ
1278 3705 1369 3813 ἐξ
1424 3704 1770 3809 Ἀβραὰμ
1830 3705 2264 3811 λελόγισται
2323 3707 2639 3810 σπέρμα,

233 3831 613 3913 τουτέστιν
675 3831 839 3910 καθ’
900 3828 1325 3935 ὑπόσχεσιν,
1380 3831 1829 3932 ἐπαγγελίας
1892 3831 2032 3935 γαρ
2089 3839 2119 3910 ὁ
2176 3826 2393 3931 λόγος
2458 3829 2639 3915 οὗτος

240 3951 453 4037 Κατᾶ
511 3951 615 4036 τὸν
672 3952 891 4057 καιρὸν
948 3955 1157 4034 roffi-ov
1213 3949 1579 4058 ἐλεύσομαι
1641 3961 1762 4033 καὶ
1823 3952 2016 4033 ἔσται
2068 3961 2145 4066 τῇ
2197 3954 2428 4062 Σοίρῥα
2482 3949 2637 4043 υίὸς,

232 4082 465 4178 δῆλον
502 4073 592 4156 ἂν
624 4077 729 4177 εἴη
772 4074 1126 4176 δήπουθεν
1161 4074 1270 4155 ὅτι
1306 4081 1375 4156 οὐ
1411 4073 1505 4157 τα
1538 4075 1745 4156 τέκνα
1790 4074 1908 4168 τ’ἧς
1943 4076 2198 4184 σαρκὸς
2238 4089 2633 4178 καταλογι·

136 4235 210 4292 3ο
234 4207 475 4282 σθεῖεν
512 4198 603 4280 ἂν
636 4198 878 4299 πάντη
914 4232 989 4278 τε
1036 4204 1153 4278 καὶ
1186 4196 1475 4284 πάντως
1530 4204 1627 4283 εἶς
1682 4196 1888 4279 τέκνα
1926 4202 2117 4290 Θεοῧ,
2163 4198 2390 4303 ἔχοιεν
2444 4199 2506 4278 δ’
2548 4195 2639 4278 ἂν

237 4500 271 4555 d
304 4448 359 4502 3.
381 4425 1073 4554 ἒρόπους-πεπλοντὴκασι
1097 4443 1205 4481 om.
1234 4425 1372 4497 (scil.
1400 4443 1431 4480 a
1456 4447 1605 4480 -κασι
1629 4425 1696 4480 ad
1723 4446 1870 4480 -κιισι
1890 4423 2215 4493 transiliens)
2236 4424 2302 4478 Β.
2445 4439 2497 4492 9.
2533 4420 2640 4475 Hic

274 4519 349 4556 eo.
430 4541 443 4555 .

320 4602 460 4649 von.
494 4605 596 4649 111.
1399 4597 1437 4641 ο
1469 4600 1518 4662 g
