3269 5166
782 337 901 401 DE
935 337 1485 402 *DOGMATUM
1535 340 2077 408 SOLUTIONE.
2502 348 2627 410 555

1164 641 1697 702 ΕΠΙΛΎΣΙΣ.

333 805 428 880 Εἰ
483 797 615 895 μὲν
649 799 887 902 ἕτερον
934 800 1049 878 καὶ
1103 798 1342 902 ἕτερον
1392 796 1574 879 εἷναί
1619 806 1813 908 φασι
1865 800 1950 881 τό
1994 804 2172 882 Κατ’
2213 803 2470 903 εἰκο’να,
2510 808 2626 885 καὶ

218 926 386 1004 καθ’
427 923 794 1025 ὁμοίωσιν,
834 923 1376 1004 διδασκε’τωσαν
1412 920 1544 1023 τ’ὴν
1582 925 1961 1030 διαφοράν.
2044 927 2446 1026 διακείμεθα
2481 928 2625 1031 γὰρ
2647 965 2682 1004 a
2712 949 2839 1005 372
2868 948 2948 1006 A.

215 1048 439 1147 ἡμεῖς,
478 1049 576 1132 ὦς
626 1045 828 1127 οὐδὲν
872 1048 1111 1148 ἕτερον
1144 1044 1228 1127 τό
1268 1048 1448 1126 Κατ’
1490 1045 1724 1128 εἰκόνα
1775 1051 2005 1148 δηλοῖ,
2041 1049 2241 1148 πλὴν
2278 1050 2386 1131 ὅτι
2428 1054 2621 1133 Καθ’

155 1209 188 1264 5
218 1171 591 1270 ὁμοίωσιν,
629 1171 745 1250 καὶ
788 1171 1046 1270 ὁμοίως
1093 1170 1198 1267 τό,
1233 1170 1398 1249 ’καθ’
1438 1171 1806 1269 ὁμοίωσιν,
1848 1171 1933 1252 τὸ
1971 1172 2095 1252 καί
2141 1175 2320 1254 Κατ’
2362 1173 2620 1254 εἰκόνα·

217 1293 353 1393 τὴν
402 1294 491 1373 δέ
538 1327 626 1396 γε
675 1290 859 1395 πρὸς
910 1292 1099 1373 Θεὸν
1154 1292 1503 1390 ὁμοίωσιν
1559 1292 1915 1399 ἐλάχομεν
1963 1296 2041 1375 ἐν
2095 1296 2347 1402 πρώτῃ
2408 1332 2625 1377 κατα-

218 1422 472 1522 σκευῇ,
513 1419 637 1510 καί
679 1419 901 1514 ε’σμεν
936 1414 1192 1498 εἰκόνες
1228 1420 1443 1497 Θεοῦ.
1516 1416 1794 1516 δεκτικὴ
1832 1416 1996 1520 γὰρ,
2035 1421 2132 1502 ὡς
2168 1419 2376 1526 ἔφην,
2420 1420 2464 1517 ἡ
2498 1429 2625 1500 τοῦ

220 1540 606 1644 ἀνθρώπου
650 1539 875 1647 φύσις
925 1542 1085 1620 ἐστὶ
1135 1543 1249 1618 καὶ
1308 1538 1756 1641 ἀγαθότητος
1814 1544 1931 1620 καὶ
1991 1542 2444 1643 δικαιοσύνης
2508 1547 2626 1623 καὶ

222 1665 610 1766 ἁγιασμοῦ,
649 1667 767 1744 καὶ
814 1663 946 1762 τὴν
980 1665 1054 1744 ἐν
1100 1662 1373 1747 τούτοις
1419 1664 1672 1769 ἔφεσιν
1706 1666 2434 1765 ἐγκαταβεβλημένην
2484 1655 2626 1770 ἔχει

122 1826 192 1865 ιο
220 1785 424 1890 παρὰ
488 1792 706 1868 Θεοῦ.
813 1791 930 1867 καὶ
997 1796 1211 1867 τοῦτο
1286 1786 1487 1866 ἔστιν
1549 1790 1870 1868 ἐντεῦθεν
1936 1793 2126 1869 ἰδεῖν.
2182 1790 2257 1886 ἠ
2318 1788 2624 1892 ἐκτροπὴ
2649 1806 2691 1870 b

219 1912 474 2012 γε’γονε
509 1917 600 2016 τῇ
644 1909 1025 2013 ἀνθρώπου
1078 1909 1369 2016 διανοίᾳ,
1409 1911 1537 1990 οῦκ
1573 1908 1718 1990 α’πό
1763 1944 1857 2013 γε,
1884 1918 2027 1991 τῶν
2064 1910 2370 2019 φαύλων
2407 1916 2506 1996 εἰς
2539 1900 2627 1992 τῦ

219 2032 522 2136 ἀγαθὸν,
558 2036 728 2113 ἀλλ’
768 2037 847 2113 ἐκ
895 2041 1024 2113 τοῦ
1077 2034 1358 2135 ἀγαθοῦ
1407 2031 1591 2135 πρὸς
1642 2031 1728 2114 τὸ
1777 2041 2087 2141 φαῦλον.
2160 2041 2449 2137 πρῶτον
2501 2035 2628 2114 οὖν

221 2163 440 2239 ἐκεῖνο
490 2156 1056 2260 προϋποκεῖσθαι
1104 2155 1267 2261 χρὴ,
1316 2154 1357 2235 ὃ
1406 2155 1495 2255 δὴ
1545 2157 1663 2236 καὶ
1713 2159 2012 2264 ἀφέντες
2068 2158 2620 2261 ε’κτετροῖμμεθα.

224 2283 340 2362 ὅτι·
383 2279 530 2385 γὰρ
565 2278 930 2383 ἐνεσπάρη
979 2286 1069 2384 τῇ
1114 2287 1242 2359 τοῦ
1279 2279 1663 2382 ἀνθρώπου
1697 2286 1912 2388 ψυχῇ
1949 2283 2026 2361 ἐκ
2062 2280 2351 2384 πρώτης
2401 2314 2621 2361 κατα-

117 2453 141 2493 1
157 2451 197 2509 5
222 2409 486 2505 σκευῆς
531 2403 803 2488 παντὸς
856 2406 1131 2504 ἀγαθοῦ
1177 2401 1425 2509 ἔφεσις
1477 2437 1551 2483 τε
1605 2406 1722 2483 καί
1774 2406 2141 2507 προθυμία
2176 2407 2293 2484 καὶ
2330 2410 2625 2507 γνῶσις,

219 2535 571 2638 σαφηνιεΐ
617 2524 857 2630 λέγων
892 2527 933 2607 ὃ
968 2525 1353 2634 πάνσοφος
1393 2529 1693 2612 Παῦλος
1741 2536 1785 2574 “
1808 2525 2052 2608 ‘'Orav
2104 2527 2248 2631 γὰρ
2299 2526 2467 2627 ἔθνη
2525 2524 2618 2607 τὰ
2713 2552 2857 2601 Rom.
2876 2551 2929 2601 ii.

220 2666 265 2701 “
301 2653 404 2753 μὴ
436 2649 659 2752 νόμον
695 2650 952 2757 ἔχοντα
989 2650 1208 2759 φύσει
1244 2648 1338 2730 τὰ
1374 2657 1504 2729 τοῦ
1540 2649 1765 2749 νόμου
1799 2660 2149 2747 ποιοῦσιν,
2170 2652 2362 2731 οὗτοι
2402 2649 2622 2749 νόμον
2718 2631 2793 2680 ¹⁴’
2821 2631 2897 2680 ¹⁵‘

220 2788 266 2824 ‘⁴
301 2774 407 2876 μὴ
473 2777 753 2880 ἔχοντες
824 2777 1097 2860 ἑαυτοῖς
1169 2776 1311 2854 εἰσὶ
1385 2770 1622 2872 νόμος,
1682 2773 1932 2860 οἵτινες
1996 2776 2465 2854 ἐνδείκνυνται
2535 2770 2621 2854 τὸ
2648 2808 2683 2850 ο

220 2912 266 2948 “
303 2900 518 3004 ἔργον
576 2906 704 2980 τοῦ
758 2897 980 2998 νόμου
1032 2895 1361 3001 γραπτὸν
1415 2898 1490 2976 ἐν
1543 2904 1699 2981 ταῖς
1749 2898 2066 2999 καρδίαις
2106 2899 2365 2992 αὐτῶν,
2419 2920 2622 2996 συμό

115 3067 194 3107 20
222 3035 268 3071 ‘⁶
301 3022 808 3127 μαρτυρούσης
880 3022 1116 3102 αὐτῶν
1183 3024 1313 3121 τῆς
1386 3019 1924 3120 συνειδήσεως.”
2018 3026 2076 3100 εἰ
2142 3018 2217 3099 δὲ
2287 3023 2404 3099 καὶ
2477 3026 2625 3103 τοῖς

219 3148 461 3228 ἔθνεσι
498 3154 646 3231 τοῖς
683 3146 824 3253 ἔξω
863 3142 1104 3244 νόμου,
1143 3148 1470 3250 φυσικῶς
1508 3143 1744 3223 ἔνεστι
1777 3141 1863 3222 τὸ
1900 3142 2152 3222 εἰδέναι
2189 3140 2429 3241 νόμον,
2468 3142 2624 3241 ἤτοι

223 3276 364 3353 τοῦ
406 3270 793 3371 νομοθέτου
841 3267 968 3350 τὸν
1020 3266 1328 3348 σκοπόν·
1405 3269 1631 3367 δῆλον
1668 3267 1873 3346 ἔσται
1927 3266 2150 3347 παντί
2184 3296 2288 3373 τῳ
2330 3262 2619 3365 λοιπὸν,

221 3394 338 3475 ὅτι
375 3394 609 3474 δικαία
658 3394 777 3472 καὶ
828 3391 1064 3495 ἀγαθὴ
1112 3390 1407 3493 γε’γονεν
1452 3392 1527 3469 ἐν
1563 3391 1817 3495 ἀρχαῖς
1854 3389 1898 3488 ἡ
1935 3389 2317 3495 ἀνθρώπου
2369 3389 2621 3496 φύσις,

303 3665 354 3704 1.
392 3648 634 3705 ἐπίλυσις
657 3652 995 3719 assumptum
1023 3648 1074 3701 A
1096 3664 1210 3717 mg.
1234 3647 1427 3717 κεφαλ.
1452 3667 1495 3699 ε.
1524 3645 1577 3698 D
1602 3663 1717 3716 mg.
1742 3643 1848 3700 Ed.
2078 3661 2235 3700 2-10.
2274 3643 2399 3699 citat
2424 3644 2627 3699 Catena

224 3721 280 3775 in
308 3719 705 3775 octateuchum
729 3720 787 3773 in
812 3717 1086 3773 codicibus
1112 3716 1501 3772 Parisiensibus
1529 3714 1662 3786 Reg.
1688 3717 1805 3779 128,
1831 3732 1948 3786 129.
1974 3731 2091 3785 130,
2120 3715 2177 3770 S.
2202 3715 2372 3769 Marci
2388 3714 2627 3770 venetiis

225 3806 334 3861 534
359 3806 572 3844 necnon
596 3790 652 3843 in
678 3787 969 3860 Nicephori
995 3787 1114 3843 Cat.
1140 3788 1243 3842 col.
1267 3806 1358 3854 44.
1714 3802 1765 3841 ο.
1803 3787 1886 3840 καὶ
1909 3786 2085 3855 ἕτερον
2100 3786 2163 3843 jn
2187 3784 2272 3840 ed.
2294 3785 2629 3840 Vulcaniana

222 3870 462 3923 exstans,
489 3878 554 3914 ex
578 3859 908 3914 Aubertiana
930 3858 1066 3914 forte
1088 3856 1302 3912 excidit.
1407 3853 1536 3911 εἶναι’
1557 3857 1699 3927 φασι
1723 3855 1825 3910 hoc
1850 3856 2033 3910 ordine
2060 3856 2208 3910 A.D.
2304 3856 2388 3909 καὶ
2411 3854 2529 3926 alt.]
2566 3865 2616 3917 -Ι-

222 3934 287 3986 τό
314 3930 438 3985 Cat.
460 3931 522 3984 τὸ
541 3947 652 3985 non
677 3929 893 3984 exhibet
915 3938 1094 3984 tamen
1119 3927 1237 3984 cod.
1267 3927 1387 3981 Par.
1420 3944 1536 3998 130.
1751 3943 1804 3996 3.
1841 3926 2231 3981 διδασκέτωσαν
2252 3926 2346 3994 τὴν
2370 3927 2628 3996 διαφοράν

225 4002 332 4056 hoc
356 4000 545 4055 ordine
564 4001 635 4056 A.
656 3999 777 4056 Cat.
990 4013 1044 4067 5.
1079 4000 1140 4052 τὸ
1158 3996 1277 4069 alt.]
1305 4000 1378 4069 τῷ
1406 3996 1509 4050 Ed.
1534 3997 1960 4067 repugnantibus
1984 3997 2251 4052 omnibus,
2325 3995 2515 4049 Statim
2541 3997 2625 4050 καὶ

224 4080 572 4141 assumptum
594 4090 660 4125 ex
685 4072 755 4125 A·
837 4141 851 4159 ἱ
950 4138 964 4157 ι
1013 4083 1064 4139 7.
1098 4069 1286 4152 εἰκόνες
1309 4067 1453 4149 ᾼῖῐ).
1483 4066 1600 4121 Cat.
1625 4067 1916 4157 εἰκονιρμξις
1944 4066 2045 4122 Ed.
2342 4067 2395 4120 8.
2432 4065 2623 4137 φύσις]

225 4164 579 4268 {Zamen-
549 4140 851 4267 “5²22ssae
863 4141 1057 4264 3335
1066 4136 1528 4264 AFfffiaifmssZssh
1539 4136 1743 4277 (ἂι).
1758 4145 2364 4277 ἕῗέ..ῗίῗ.ῗῗὲἑ“ὶξᾟ.“
2400 4135 2626 4275 ’ἶὲῩὲἷῇ

230 4290 291 4348 -Ι-
321 4285 417 4337 τοῦ
441 4281 559 4339 Cat.
668 4283 761 4337 οὐκ
785 4281 856 4335 Α.
884 4279 1004 4336 Cat.
1029 4280 1114 4335 καὶ
1137 4280 1227 4334 οὐκ
1255 4279 1326 4333 D.
1353 4276 1457 4333 Ed.
1845 4295 1927 4348 13.
1963 4275 2372 4347 προῦποκεῖσθαι
2396 4276 2498 4345 χρὴ
2522 4275 2627 4329 hoc

219 4353 416 4421 ¹ordine
440 4353 509 4409 Α.
822 4350 905 4405 16.
940 4350 1239 4406 ἀπόστολος
1262 4367 1360 4420 pro
1382 4350 1662 4418 πάνσοφος
1686 4348 1751 4403 Α.
2079 4360 2159 4418 17.
2196 4349 2437 4401 ποιοῦσιν
2460 4347 2528 4399 A.
2553 4345 2624 4410 cf,

223 4425 283 4489 in
311 4425 385 4478 xii
413 4423 609 4496 Proph.
645 4425 745 4496 781
776 4439 826 4475 a.
851 4425 973 4489 ποιῇ
1002 4420 1106 4475 Ed.
1310 4436 1396 4473 21.
1433 4420 1493 4473 τὸ
1518 4418 1727 4489 εἰδέναι]
1755 4420 1815 4473 τὸ
1841 4418 1977 4473 δίναι
2008 4418 2130 4488 (sic)
2159 4418 2227 4471 A.
2413 4431 2496 4468 22.
2534 4417 2626 4467 τοῦ

223 4494 508 4562 νομοθέτου
543 4498 636 4551 τὸν
673 4495 878 4550 σκόπον
910 4491 1010 4545 hoc
1046 4490 1232 4545 ordine
1257 4492 1324 4544 Α.
1352 4492 1442 4544 τὸν
1466 4490 1665 4545 σκοπὸν
1692 4493 1784 4543 τοῦ
1820 4489 2097 4557 νομοθέτου
2123 4487 2225 4541 Ed.
2350 4486 2408 4537 τὸ
2436 4500 2530 4554 pro
2553 4506 2625 4558 τῳ

230 4564 359 4635 (sic)
384 4566 524 4622 AJ).

1347 4668 1386 4725 4
1420 4666 1458 4708 Β
1495 4666 1530 4709 2
