3269 5166
202 340 337 404 xviii.
360 343 459 407 28.
693 343 810 411 IN
871 343 936 406 S.
988 338 1505 405 JOANNEM.
1598 335 1794 400 LIB.
1841 331 2004 398 XII.
2471 328 2557 389 47

206 502 305 603 τὴν
356 508 795 610 ἀδικωτάτην
862 506 1304 614 μιαιφονίαν,
1373 501 1576 583 οὐδὲν
1642 501 1832 584 ὅλως
1906 501 2144 582 αὐτοῖς
2206 494 2554 600 προστρί-
2583 504 2627 567 b

207 635 427 719 βεσθαι
482 632 897 730 νενομίκασι
953 628 1261 727 βλάβος.
1335 631 1452 708 καὶ
1507 626 1590 707 τό
1646 661 1728 729 γε
1783 623 2219 730 παράδοξον,
2271 629 2563 722 μᾶλλον

210 750 267 829 δὲ
310 762 437 835 τῶν
491 756 748 837 ἄλλων
803 752 1266 856 εὖηθέστερόν
1320 787 1397 833 τε
1461 755 1579 831 καὶ
1645 750 2121 852 ἀλογώτερον,
2180 747 2563 849 ἁγνεύουσι

207 875 300 954 διὰ
345 878 466 978 τὴν
521 888 650 959 τοῦ
704 878 1083 982 προβάτου
1137 875 1462 983 σφαγὴν,
1515 877 1757 979 ἕτερον
1811 874 1984 973 ἡμῖν
2038 875 2570 954 ἀνατυποῦντος

155 1010 185 1070 5
206 1000 446 1102 οὐδὲνῆ
494 1012 625 1083 τοῦ
675 1002 862 1083 κατὰ
897 1001 1230 1105 Χριστὸν
1275 1001 1676 1103 μυστηρίου
1722 996 1856 1097 τὴν
1891 997 2130 1077 σκιάν·
2196 1001 2263 1076 οὶ
2314 993 2392 1074 δὲ
2442 992 2571 1072 τὸν

206 1122 396 1204 τύπον
455 1134 797 1226 τιμῶντες
859 1135 987 1205 τοῦ
1049 1122 1474 1227 πράγματος
1547 1129 1643 1206 εἰς
1718 1120 1939 1220 αὐτὴν
2000 1118 2365 1222 ὑβρίζουσι
2439 1116 2572 1218 τὴν

205 1247 538 1346 ἀλήθειαν.
615 1248 1099 1347 πλαττόμενοι
1149 1247 1293 1351 γὰρ
1343 1248 1451 1328 ἐπ’
1492 1248 1686 1354 αὐτῷ
1733 1245 1867 1345 τὴν
1901 1244 2210 1347 ἁγνείαν,
2248 1250 2339 1350 τῇ
2388 1242 2573 1323 κατὰ

206 1373 502 1472 Χριστοῦ
562 1374 937 1480 μιαιφονίᾳ
994 1371 1455 1473 μεμόλυνται.
1558 1377 1802 1453 καλῶς
1863 1370 1988 1449 οὖν
2046 1368 2208 1471 ἀρα,
2268 1366 2384 1449 ὁτὲ
2443 1367 2573 1466 μὲν

204 1492 448 1599 τάφους
506 1498 1039 1596 κεκονιαμένους
1091 1494 1344 1580 αὐτοὺς
1401 1492 1745 1598 ὠνόμαζε,
1808 1500 1955 1576 τοῖς
2010 1492 2274 1599 ἔξωθεν
2329 1495 2444 1572 καὶ
2498 1495 2576 1573 ἐκ
2664 1488 2916 1617 Q}

122 1651 185 1691 10
203 1621 426 1725 τέχνης
484 1625 725 1707 αὐτοῖς
788 1623 1312 1729 ἐπῃωρημένοις
1375 1619 1920 1723 περιβλήμασιν
1975 1616 2572 1725 ἐξωραῖσμένους,
2601 1645 2637 1688 0

205 1743 450 1826 ἔσωθεν
511 1747 739 1850 γεμὴν
800 1747 1181 1847 δύσοσμον
1244 1749 1362 1826 καὶ
1428 1742 2030 1850 δυσαχθεστάτην
2094 1742 2387 1848 ἔχοντας
2451 1740 2583 1843 τὴν

206 1868 658 1973 ἀκαθαρσίαν·
723 1869 839 1951 ὁτὲ
895 1871 969 1951 δὲ
1025 1870 1273 1967 πάλιν,
1311 1869 1642 1973 διυλίζειν
1689 1868 1820 1969 μὲν
1868 1867 2008 1974 ἔφη
2064 1866 2190 1948 τὸν
2239 1866 2577 1964 κώνωπα,
2673 1882 2753 1932 Ib·
2777 1895 2859 1943 2⁴·

208 1996 590 2076 καταπίνειν
653 1995 729 2074 δὲ
792 1993 921 2074 τὸν
980 1993 1336 2093 κάμηλον.
1435 1993 2120 2096 ἀκριβολογούμενοι
2182 1989 2326 2094 γὰρ
2401 2003 2587 2071 πολ-

210 2113 391 2201 λάκις
437 2122 551 2200 ἐπὶ
606 2126 757 2202 τοῖς
812 2119 1174 2215 ἁπάντων,
1219 2122 1319 2202 ὡς
1373 2117 1542 2231 ἐπος
1595 2122 1829 2214 εἰπεῖν,
1875 2119 2289 2223 ἐλαχίστοις
2338 2150 2416 2196 τε
2470 2117 2590 2195 καὶ

123 2263 185 2321 15
207 2238 477 2341 μείοσιν,
514 2242 561 2344 ἢ
603 2247 718 2322 καὶ
758 2245 872 2322 ἐπὶ
910 2245 1155 2342 μηδενὶ
1192 2249 1588 2327 παντελῶς·
1652 2242 1729 2321 τί
1768 2241 1910 2344 γὰρ
1948 2241 2137 2326 ὅλως
2178 2244 2218 2321 ὁ
2261 2241 2537 2343 κώνωψ
2567 2271 2587 2334 ;

207 2359 287 2439 τὰ
334 2371 472 2445 τῶν
525 2364 1008 2468 ἐγκλημάτων
1062 2366 1695 2469 περιπληθέστερα
1757 2368 2068 2446 τίθενται
2132 2364 2301 2468 παρ’
2360 2363 2586 2462 οὐδὲν,

210 2490 310 2563 καὶ
358 2492 704 2595 ποτηρίου
756 2489 886 2588 μὲν
922 2494 1039 2569 καὶ
1089 2491 1386 2575 πίνακος
1439 2487 1856 2592 ἀπονίζουσι
1903 2490 1987 2570 τὸ
2038 2489 2199 2598 ἔξω,
2243 2489 2463 2594 λόγος
2514 2489 2588 2569 δὲ
2681 2493 2763 2544 lb.
2789 2505 2867 2556 ²⁵·

208 2612 424 2697 αὐτοῖς
484 2621 866 2699 παντελῶς
932 2618 1156 2699 οὐδεὶς
1216 2620 1343 2714 τῆς
1401 2614 1604 2695 ἔνδον
1662 2618 2132 2718 ἀκαθαρσίας.
2235 2615 2389 2698 ἰδοὺ
2448 2614 2592 2719 γὰρ

210 2734 347 2815 ἰδοὺ
380 2740 609 2820 καίτοι
650 2748 779 2819 τοῦ
813 2738 1194 2845 προφήτου
1232 2739 1574 2842 λε’γοντος
1610 2739 1951 2843 Ἱερεμίου
1985 2748 2247 2847 σαφῶς
2286 2753 2328 2789 “
2353 2739 2584 2821 Ἀπό·
2684 2736 2830 2865 ξω·
2853 2734 2921 2784 3'·

128 2887 192 2928 20
212 2867 251 2902 ‘⁶
281 2870 500 2942 πλυνε
569 2863 720 2944 ἀπὸ
794 2862 1044 2948 κακίας
1117 2861 1250 2963 τὴν
1317 2864 1611 2967 καρδίαν
1686 2899 1848 2961 σου,
1903 2863 2405 2967 Ἰερουσαλὴμ,
2479 2866 2595 2944 ἵνα

212 2991 252 3026 “
284 2990 582 3091 σωθῇς,”
630 2986 765 3086 τὴν
802 2987 933 3085 μὲν
968 2988 1116 3068 ἔσω
1163 2991 1279 3068 καὶ
1323 2993 1400 3068 ἐν
1438 2991 1775 3074 διανοίαις
1810 2989 2149 3085 ἀσέβειαν
2185 2986 2386 3069 οὐδὲν
2425 2986 2599 3068 εἶναι
2626 2994 2665 3058 d

212 3111 447 3215 κομιδῇ
498 3110 1180 3192 διαπεπιστεύκασι·
1239 3111 1736 3215 προσάγοντες
1783 3113 1859 3192 δὲ
1901 3112 2206 3220 Πιλάτῳ
2242 3110 2597 3215 Χριστὸν,

211 3243 716 3331 παραιτοῦνται
778 3235 1041 3320 τόπους
1103 3239 1201 3319 ὡς
1259 3239 1526 3339 ἐναγεῖς
1588 3239 1707 3317 καὶ
1770 3240 2050 3340 ἀνδρῶν
2105 3235 2604 3340 ἀπεριτμήτων

214 3353 527 3456 σώματα,
568 3362 694 3439 καὶ
748 3365 807 3438 εὶ
850 3358 950 3459 μὴ
997 3363 1222 3467 δρῷεν
1260 3363 1458 3440 αὐτοὶ
1512 3369 1667 3445 ταῖς
1721 3364 1924 3446 ἰδίαις
1980 3372 2190 3468 χερσὶ
2239 3361 2323 3443 τὸ
2371 3362 2604 3466 παρά-

133 3499 196 3559 25
218 3507 439 3580 νυμον,
499 3480 874 3585 ὑπουργὸν
929 3480 1008 3562 δὲ
1062 3481 1317 3586 ὥσπερ
1369 3489 1496 3585 τῆς
1550 3486 1817 3567 ἑαυτῶν
1873 3487 2237 3588 ὠμότητος
2290 3494 2607 3568 ποιοῖντο

219 3602 554 3704 Πιλάτον,
593 3606 741 3714 ἔξω
778 3606 867 3707 δὴ
903 3605 1151 3707 πάσης
1187 3608 1414 3692 αἰτίας
1459 3612 1807 3709 διαμένειν
1842 3611 1930 3718 ἐξ
1977 3612 2217 3695 ἀνοίας
2268 3615 2604 3710 ὑπολαμ-

217 3724 533 3815 βοίνουσι.
640 3730 1032 3829 θαυμάσειε
1090 3733 1162 3811 δ’
1214 3731 1305 3811 ἄν
1358 3768 1466 3817 τις
1522 3733 1683 3814 οὐδὲ
1737 3735 2004 3836 ταύτην
2060 3740 2294 3817 αὐτῶν
2348 3738 2612 3838 ἠγνοη-

221 3845 417 3934 κότας
474 3853 611 3953 τὴν
670 3854 1016 3950 ἀσέβειαν
1069 3854 1235 3939 τοὺς
1291 3856 1534 3959 ἁγίους
1589 3860 1940 3961 εὑρίσκων
1993 3859 2396 3966 προφήτας·
2474 3860 2615 3965 ἔφη

221 3972 354 4075 γάρ
388 4009 531 4057 που
569 3981 741 4081 περὶ
777 3981 1012 4058 αὐτῶν
1049 3982 1092 4059 ὁ
1141 3980 1486 4084 μακάριος
1520 3982 1842 4067 Ἠσαίας
1881 3994 1925 4032 “
1952 3986 2144 4064 Οὐαὶ
2191 3990 2294 4092 τῷ
2341 3985 2610 4093 ἀνόμῳ·
2711 4002 2960 4052 &iii-¹1·

136 4128 203 4184 30
223 4103 265 4141 “
291 4101 573 4204 πονηρὰ
638 4100 829 4182 κατὰ
902 4102 993 4182 τὰ
1065 4104 1241 4207 ἔργα
1315 4112 1462 4186 τῶν
1535 4114 1797 4212 χειρῶν
1867 4110 2084 4189 αὐτοῦ
2159 4106 2621 4209 συμβήσεται

226 4228 266 4263 “
300 4224 560 4332 ἁύτῷ.”
621 4224 965 4330 Ἱεζεκιὴλ
996 4226 1074 4308 δὲ
1112 4227 1340 4311 πάλιν
1376 4242 1420 4278 “
1454 4230 1718 4316 Καθὼς
1755 4234 2119 4333 ἐποίησας,
2159 4234 2382 4316 οὕτως
2418 4232 2625 4313 ἔσται
2717 4256 2967 4319 obuias.

234 4577 277 4631 E
293 4511 761 4639 4ὁῦσᾶνατιητοΕὓέτες
788 4515 912 4586 (pto
937 4517 1108 4588 more)
1136 4517 1201 4574 E.
1436 4536 1518 4574 11.
1557 4518 1831 4590 δύσοσμον
1855 4520 1915 4575 F.
1942 4520 2046 4576 Ed.
2073 4538 2183 4591 mg.
2210 4520 2483 4592 δῦσσομον
2509 4521 2633 4592 (εἰσ)

282 4618 295 4631 .
420 4605 551 4653 opor
672 4625 687 4639 .
