3269 5166
485 978 628 1053 DE
712 979 1402 1057 FRAGMENTIS
1490 981 1788 1074 QUAE
1875 981 2068 1058 HIC
2155 982 2515 1059 TOMUS

1310 1157 1689 1231 HABET.

385 1686 1006 1759 commonuit
1050 1686 1121 1751 in
1159 1686 1515 1771 Epistolam
1552 1689 1633 1753 ad
1675 1687 1995 1753 Romanos
2033 1688 2408 1774 fragmenta,
2440 1710 2514 1754 ee
2551 1693 2703 1753 sunt

296 1813 459 1876 quae
500 1790 743 1875 primus
786 1789 988 1854 edidit
1027 1790 1213 1855 Card.
1253 1790 1470 1855 Maius
1510 1790 1706 1875 (Bibl.
1739 1793 1928 1858 Nova
1970 1791 2254 1871 Petrum,
2284 1794 2462 1857 Tom.
2494 1792 2593 1875 iii)
2623 1814 2701 1856 ex

298 1894 543 1959 Catena
587 1893 744 1958 satis
796 1892 1007 1978 ampla
1055 1915 1217 1978 quae
1266 1900 1366 1959 est
1411 1895 1480 1959 in
1515 1893 1867 1975 Vatican05
1920 1896 2022 1960 eui
2065 1896 2147 1961 ad
2191 1896 2701 1981 supplementum

298 1998 609 2063 Catenam
640 1998 1089 2062 Monacensem
1119 1996 1399 2076 adhibui,
1430 2019 1468 2061 a
1498 1998 1817 2064 Cramerio
1848 2000 2120 2065 nostrati
2148 1998 2406 2064 editam.

383 2103 482 2166 Ea
529 2122 777 2187 quoque
826 2121 984 2185 quae
1033 2105 1187 2165 sunt
1230 2100 1307 2166 de
1356 2101 1598 2166 duobus
1649 2102 1729 2167 ad
1773 2102 2137 2168 Corinthios
2180 2102 2486 2188 Epistolis
2533 2101 2700 2167 idem

297 2209 654 2271 excusserat
696 2202 914 2268 Maius
960 2224 1040 2267 ex
1081 2203 1301 2268 eadem
1344 2204 1730 2287 amplissima
1774 2206 2057 2285 Catena3
2119 2206 2406 2272 adhibita
2446 2206 2704 2289 insuper

298 2308 720 2394 pulcherrima
750 2307 992 2373 Catena
1020 2306 1091 2371 in
1121 2329 1337 2373 omnes
1370 2309 1438 2371 S.
1466 2308 1648 2374 Pauli
1676 2309 2017 2396 Epistolas,
2047 2332 2205 2394 quae
2234 2316 2332 2374 est
2359 2309 2431 2373 in
2462 2308 2702 2373 Biblio-

296 2413 483 2478 theca
524 2418 631 2477 τοῦ
678 2410 1168 2492 Παυτοκράτορος
1209 2410 1280 2474 in
1318 2411 1547 2477 Monte
1576 2413 1775 2478 Atho.
1866 2413 2080 2478 Codex
2107 2412 2230 2491 hie,
2262 2412 2594 2498 prioribus,
2624 2417 2701 2475 ut

295 2515 570 2595 videtur,
600 2514 793 2581 seculi
820 2537 865 2577 x
893 2514 1080 2579 annis
1108 2514 1515 2600 conscriptus,
1547 2515 1719 2580 haud
1751 2515 1952 2581 multa
1982 2516 2164 2581 utilia
2192 2517 2447 2582 exhibet
2474 2518 2596 2582 nisi
2630 2518 2701 2581 in

296 2622 411 2686 has
454 2620 611 2684 duas
653 2619 989 2704 Epistolas‚
1027 2619 1140 2684 ubi
1184 2641 1311 2683 non
1357 2620 1422 2683 S.
1458 2619 1684 2705 Cyrilli
1728 2625 2006 2699 tantum,
2047 2621 2157 2685 sed
2202 2621 2467 2707 Didymi
2509 2623 2703 2689 etiam

297 2724 506 2788 multa
539 2728 691 2787 sunt
725 2722 982 2787 scholia.
1073 2721 1401 2807 Cyl-illane
1442 2724 1509 2787 in
1554 2745 1627 2787 eo
1670 2724 1884 2788 omnia
1924 2724 2052 2788 fere
2094 2724 2454 2808 fragmenta
2493 2727 2704 2812 mag-is

298 2828 619 2914 epitomen
660 2837 875 2909 sapere
913 2824 1213 2891 videntur
1256 2848 1447 2910 quam
1489 2848 1650 2911 quae
1694 2832 1845 2891 sunt
1887 2827 1958 2890 in
1987 2826 2345 2906 Vatieano;
2392 2830 2525 2914 ejus
2554 2851 2702 2894 vero

297 2931 500 3017 operis
528 2929 728 3014 partis
754 2951 1214 3015 nonnunquam
1243 2930 1518 3016 epitome
1553 2935 1673 3008 est,
1704 2952 1863 3014 quae
1902 2929 1970 2993 in
2000 2930 2151 2997 Vat.
2183 2953 2314 2995 non
2353 2932 2699 2997 invenitur.

300 3035 430 3100 Hie
473 3032 627 3099 cod.
673 3031 980 3102 librorum
1030 3055 1277 3119 quoque
1327 3032 1668 3098 divisiones
1710 3036 2037 3117 ceteraque
2081 3033 2532 3118 ejusdemmodi
2572 3036 2703 3101 dis-

296 3140 513 3204 tinxit.

382 3243 777 3325 Fragmenta
825 3238 895 3303 in
942 3238 1296 3324 Epistolam
1345 3241 1426 3305 ad
1472 3239 1798 3304 Hebraeos
1841 3260 1914 3304 ea
1956 3244 2107 3304 sunt
2149 3261 2308 3324 quae
2352 3240 2588 3324 Maius,
2633 3242 2703 3307 in

297 3367 482 3432 opere
525 3365 713 3430 supra
761 3343 1038 3421 laudate,
1087 3364 1166 3408 ex
1208 3343 1487 3409 Niketae
1535 3343 1780 3409 Catena-
1828 3344 2023 3422 dedit,
2071 3344 2148 3409 iis
2194 3344 2496 3411 adhibitis
2544 3369 2703 3432 quae

299 3448 654 3515 Cramer-ius
708 3468 787 3513 ex
839 3444 995 3512 Cod.
1043 3445 1384 3512 Parisiensi
1435 3452 1813 3513 excusserat.
1920 3447 1977 3510 E
2026 3448 2384 3514 Nicetianis
2433 3450 2705 3534 plurima

300 3554 479 3618 Maio
526 3550 880 3617 omittenda
934 3554 1090 3629 erat,
1134 3571 1293 3635 quae
1336 3573 1415 3614 ex
1458 3551 1601 3615 aliis
1647 3552 1714 3615 S.
1748 3550 1973 3636 Cyrilli
2017 3551 2307 3636 operibus
2350 3559 2701 3631 venerunt3

296 3657 459 3722 mihi
502 3676 749 3742 quoque
800 3653 926 3719 alia
973 3653 1267 3718 omittere
1316 3654 1610 3739 contigit,
1661 3676 1817 3739 quae
1870 3655 1977 3719 ille
2024 3661 2158 3720 tam
2209 3654 2553 3721 laboriosus
2604 3656 2704 3722 vir

296 3759 548 3845 proprio
578 3763 796 3823 tamen
822 3757 961 3822 loeo
989 3756 1313 3841 assignare
1341 3779 1466 3821 non
1497 3762 1809 3846 potuerat.
1894 3758 2223 3823 Accessere
2253 3759 2379 3823 alia
2405 3780 2483 3823 ex
2506 3760 2700 3826 Codd.

300 3863 576 3949 Syriacis
603 3862 672 3925 in
702 3861 932 3925 Museo
963 3859 1352 3925 Britannico.

400 4068 579 4133 Haec
639 4066 897 4152 Syriaoe
957 4068 1151 4132 citata
1209 4066 1499 4132 indicant
1556 4066 1801 4132 duobus
1861 4068 2066 4133 modis
2122 4068 2457 4133 distinctos
2514 4067 2706 4135 fuisse

299 4171 529 4258 Cyrini
565 4172 635 4235 in
663 4170 1018 4257 Epistolam
1058 4172 1139 4236 ad
1171 4169 1495 4236 Hebraeos
1527 4171 2067 4249 Commentarios;
2114 4193 2264 4235 nam
2303 4177 2369 4236 et
2406 4172 2476 4235 in
2513 4170 2707 4236 libros

296 4280 486 4358 atque
535 4272 815 4359 capitula.
867 4274 1243 4339 dividuntur
1288 4275 1573 4359 (perinde
1618 4278 1811 4359 atque
1862 4275 2138 4360 ejusdem
2184 4276 2254 4338 in
2299 4275 2342 4338 J
2343 4273 2592 4354 esaiam,
2637 4276 2707 4339 in

298 4377 437 4442 XII
463 4377 831 4462 Prophetae,
866 4376 937 4441 in
968 4376 1035 4443 S.
1060 4379 1105 4444 J
1109 4400 1378 4442 oannem
1409 4378 1881 4458 commentata)
1911 4384 1977 4442 et
2005 4377 2076 4442 in
2109 4378 2441 4444 Homilias.
2511 4378 2709 4461 cujus

300 4481 389 4546 rei
429 4503 684 4547 eausam
722 4482 1011 4566 equidem
1053 4482 1317 4567 ignoro3
1366 4482 1498 4547 sive
1529 4481 2029 4546 Commentarios
2072 4481 2140 4545 in
2186 4503 2324 4546 eam
2351 4479 2708 4566 Epistolam

302 4585 624 4670 scripserit
656 4586 723 4649 S.
759 4584 1057 4671 Cyrillus,
1088 4608 1160 4650 ao
1201 4592 1519 4670 praeterea
1551 4584 1980 4650 Homiliarum
2025 4585 2094 4648 in
2140 4586 2401 4649 eandem
2445 4580 2708 4646 ediderit
