<?xml version="1.0" encoding="UTF-8"?>
<!DOCTYPE html PUBLIC "-//W3C//DTD XHTML 1.0 Transitional//EN"
    "http://www.w3.org/TR/xhtml1/DTD/xhtml1-transitional.dtd">
<html xmlns="http://www.w3.org/1999/xhtml" xml:lang="en" lang="en">
 <head>
  <title>
</title>
<meta http-equiv="Content-Type" content="text/html;charset=utf-8" />
  <meta name='ocr-system' content='tesseract 3.04.00' />
  <meta name='ocr-capabilities' content='ocr_page ocr_carea ocr_par ocr_line ocrx_word'/>
</head>
<body>
  <div class='ocr_page' id='page_1' title='image "./indjoannisevang00pusegoog_0222.png"; bbox 0 0 3269 5166; ppageno 0'>
   <div class='ocr_carea' id='block_1_1' title="bbox 317 444 579 512">
    <p class='ocr_par' dir='ltr' id='par_1_1' title="bbox 317 444 579 512">
     <span class='ocr_line' id='line_1_1' title="bbox 317 444 579 512; baseline 0.008 -2"><span class='ocrx_word' id='word_1_1' title='bbox 317 444 579 512; x_wconf 57' lang='lat' dir='ltr'>[as-u]</span> 
     </span>
    </p>
   </div>
   <div class='ocr_carea' id='block_1_2' title="bbox 412 2994 600 3054">
    <p class='ocr_par' dir='ltr' id='par_1_2' title="bbox 412 2994 600 3054">
     <span class='ocr_line' id='line_1_2' title="bbox 412 2994 600 3054; baseline -0.005 -20"><span class='ocrx_word' id='word_1_2' title='bbox 412 2994 482 3034; x_wconf 86' lang='lat'>22</span> <span class='ocrx_word' id='word_1_3' title='bbox 515 2994 600 3054; x_wconf 77' lang='lat' dir='ltr'>sq.</span> 
     </span>
    </p>
   </div>
   <div class='ocr_carea' id='block_1_3' title="bbox 627 340 3024 409">
    <p class='ocr_par' dir='ltr' id='par_1_3' title="bbox 627 340 3024 409">
     <span class='ocr_line' id='line_1_3' title="bbox 627 340 3024 409; baseline 0.001 -4"><span class='ocrx_word' id='word_1_4' title='bbox 627 343 759 405; x_wconf 82' lang='lat'>208</span> <span class='ocrx_word' id='word_1_5' title='bbox 963 341 1044 406; x_wconf 89' lang='grc' dir='ltr'>Β.</span> <span class='ocrx_word' id='word_1_6' title='bbox 1090 340 1470 406; x_wconf 83' lang='lat' dir='ltr'>CYRILLI</span> <span class='ocrx_word' id='word_1_7' title='bbox 1521 341 2055 405; x_wconf 87' lang='lat' dir='ltr'>ALEXANDR.</span> <span class='ocrx_word' id='word_1_8' title='bbox 2113 341 2677 406; x_wconf 83' lang='lat' dir='ltr'><strong>FRAGMENTA</strong></span> <span class='ocrx_word' id='word_1_9' title='bbox 2777 340 2893 405; x_wconf 81' lang='lat' dir='ltr'>vii.</span> <span class='ocrx_word' id='word_1_10' title='bbox 2922 360 3024 409; x_wconf 82' lang='lat'>22.</span> 
     </span>
    </p>
   </div>
   <div class='ocr_carea' id='block_1_4' title="bbox 626 502 3023 732">
    <p class='ocr_par' dir='ltr' id='par_1_4' title="bbox 626 502 3022 732">
     <span class='ocr_line' id='line_1_4' title="bbox 626 502 3022 610; baseline 0 -27"><span class='ocrx_word' id='word_1_11' title='bbox 626 503 869 604; x_wconf 82' lang='grc' dir='ltr'>νόμον,</span> <span class='ocrx_word' id='word_1_12' title='bbox 908 507 1042 610; x_wconf 76' lang='grc' dir='ltr'>οὐχ</span> <span class='ocrx_word' id='word_1_13' title='bbox 1092 509 1190 589; x_wconf 83' lang='grc' dir='ltr'>ὡς</span> <span class='ocrx_word' id='word_1_14' title='bbox 1239 510 1367 605; x_wconf 88' lang='grc' dir='ltr'>τῆς</span> <span class='ocrx_word' id='word_1_15' title='bbox 1400 507 1748 607; x_wconf 82' lang='grc' dir='ltr'>ἁμαρτίας</span> <span class='ocrx_word' id='word_1_16' title='bbox 1800 504 1887 584; x_wconf 78' lang='grc' dir='ltr'>τὸ</span> <span class='ocrx_word' id='word_1_17' title='bbox 1944 506 2234 607; x_wconf 85' lang='grc' dir='ltr'>κέντρον</span> <span class='ocrx_word' id='word_1_18' title='bbox 2269 503 2828 601; x_wconf 86' lang='grc' dir='ltr'>ἀπαμβλύνειν’</span> <span class='ocrx_word' id='word_1_19' title='bbox 2805 502 3022 609; x_wconf 79' lang='grc' dir='ltr'>ισχῦ·</span> 
     </span>
     <span class='ocr_line' id='line_1_5' title="bbox 626 623 3023 732; baseline -0 -23"><span class='ocrx_word' id='word_1_20' title='bbox 626 663 821 726; x_wconf 86' lang='grc' dir='ltr'>οντα,</span> <span class='ocrx_word' id='word_1_21' title='bbox 847 631 1006 709; x_wconf 79' lang='grc' dir='ltr'>οὔτε</span> <span class='ocrx_word' id='word_1_22' title='bbox 1030 628 1177 730; x_wconf 86' lang='grc' dir='ltr'>μὴν</span> <span class='ocrx_word' id='word_1_23' title='bbox 1199 636 1676 732; x_wconf 87' lang='grc' dir='ltr'>κατανεκροῦν</span> <span class='ocrx_word' id='word_1_24' title='bbox 1701 626 1851 709; x_wconf 85' lang='grc' dir='ltr'>οιόν</span> <span class='ocrx_word' id='word_1_25' title='bbox 1879 663 1956 708; x_wconf 91' lang='grc' dir='ltr'>τε</span> <span class='ocrx_word' id='word_1_26' title='bbox 1986 629 2119 729; x_wconf 86' lang='grc' dir='ltr'>τὴν</span> <span class='ocrx_word' id='word_1_27' title='bbox 2144 632 2220 708; x_wconf 85' lang='grc' dir='ltr'>ἐν</span> <span class='ocrx_word' id='word_1_28' title='bbox 2245 630 2414 729; x_wconf 87' lang='grc' dir='ltr'>ἡμῖν</span> <span class='ocrx_word' id='word_1_29' title='bbox 2452 629 2826 730; x_wconf 77' lang='grc' dir='ltr'><em>ἁμαρτίαν,</em></span> <span class='ocrx_word' id='word_1_30' title='bbox 2852 623 3023 708; x_wconf 86' lang='grc' dir='ltr'>ἀλλ</span> 
     </span>
    </p>
   </div>
   <div class='ocr_carea' id='block_1_5' title="bbox 625 751 3089 1648">
    <p class='ocr_par' dir='ltr' id='par_1_5' title="bbox 625 751 3089 1607">
     <span class='ocr_line' id='line_1_6' title="bbox 626 751 3028 862; baseline 0 -30"><span class='ocrx_word' id='word_1_31' title='bbox 626 756 723 837; x_wconf 78' lang='grc' dir='ltr'>ὡς</span> <span class='ocrx_word' id='word_1_32' title='bbox 777 753 1044 834; x_wconf 87' lang='grc' dir='ltr'>ἐνιέντα</span> <span class='ocrx_word' id='word_1_33' title='bbox 1098 751 1321 851; x_wconf 82' lang='grc' dir='ltr'>μόνον</span> <span class='ocrx_word' id='word_1_34' title='bbox 1365 759 1470 862; x_wconf 75' lang='grc' dir='ltr'>τῷ</span> <span class='ocrx_word' id='word_1_35' title='bbox 1527 760 1627 861; x_wconf 76' lang='grc' dir='ltr'>νῷ</span> <span class='ocrx_word' id='word_1_36' title='bbox 1681 751 1818 853; x_wconf 85' lang='grc' dir='ltr'>τὴν</span> <span class='ocrx_word' id='word_1_37' title='bbox 1864 761 1993 833; x_wconf 87' lang='grc' dir='ltr'>τοῦ</span> <span class='ocrx_word' id='word_1_38' title='bbox 2046 755 2547 858; x_wconf 87' lang='grc' dir='ltr'>συμφέροντος</span> <span class='ocrx_word' id='word_1_39' title='bbox 2604 761 2908 856; x_wconf 79' lang='grc' dir='ltr'>γνῶσιν.</span> <span class='ocrx_word' id='word_1_40' title='bbox 2969 758 3028 832; x_wconf 80' lang='grc' dir='ltr'>εἶ</span> 
     </span>
     <span class='ocr_line' id='line_1_7' title="bbox 625 875 3024 983; baseline -0 -27"><span class='ocrx_word' id='word_1_41' title='bbox 625 876 771 980; x_wconf 84' lang='grc' dir='ltr'>γὰρ</span> <span class='ocrx_word' id='word_1_42' title='bbox 826 878 988 975; x_wconf 83' lang='grc' dir='ltr'>ε’μοί</span> <span class='ocrx_word' id='word_1_43' title='bbox 1037 884 1230 983; x_wconf 87' lang='grc' dir='ltr'>φησι</span> <span class='ocrx_word' id='word_1_44' title='bbox 1286 877 1708 982; x_wconf 70' lang='grc' dir='ltr'>παράκειται</span> <span class='ocrx_word' id='word_1_45' title='bbox 1747 875 1820 958; x_wconf 62' lang='lat' dir='ltr'>r&amp;</span> <span class='ocrx_word' id='word_1_46' title='bbox 1860 877 2071 959; x_wconf 70' lang='grc' dir='ltr'>κακὶν</span> <span class='ocrx_word' id='word_1_47' title='bbox 2109 882 2205 962; x_wconf 84' lang='grc' dir='ltr'>ὡς</span> <span class='ocrx_word' id='word_1_48' title='bbox 2255 882 2568 959; x_wconf 83' lang='grc' dir='ltr'>ἐνοικοῦν</span> <span class='ocrx_word' id='word_1_49' title='bbox 2625 883 2718 981; x_wconf 85' lang='grc' dir='ltr'>τῇ</span> <span class='ocrx_word' id='word_1_50' title='bbox 2770 880 3024 977; x_wconf 77' lang='grc' dir='ltr'>σαρκὶ,</span> 
     </span>
     <span class='ocr_line' id='line_1_8' title="bbox 631 1001 3089 1108; baseline 0.001 -27"><span class='ocrx_word' id='word_1_51' title='bbox 631 1002 1219 1101; x_wconf 80' lang='grc' dir='ltr'>κατακιβδηλεύει</span> <span class='ocrx_word' id='word_1_52' title='bbox 1273 1003 1502 1105; x_wconf 86' lang='grc' dir='ltr'>γεμὴν</span> <span class='ocrx_word' id='word_1_53' title='bbox 1534 1004 1575 1082; x_wconf 94' lang='lat'>5</span> <span class='ocrx_word' id='word_1_54' title='bbox 1626 1001 1841 1100; x_wconf 82' lang='grc' dir='ltr'>νόμος</span> <span class='ocrx_word' id='word_1_55' title='bbox 1887 1002 2082 1100; x_wconf 81' lang='grc' dir='ltr'>αὐτὸ,</span> <span class='ocrx_word' id='word_1_56' title='bbox 2139 1002 2493 1108; x_wconf 77' lang='grc' dir='ltr'>χαρίζεται</span> <span class='ocrx_word' id='word_1_57' title='bbox 2547 1003 2681 1103; x_wconf 84' lang='grc' dir='ltr'>τὴν</span> <span class='ocrx_word' id='word_1_58' title='bbox 2735 1006 3018 1084; x_wconf 85' lang='grc' dir='ltr'>ἐπικου-</span> <span class='ocrx_word' id='word_1_59' title='bbox 3054 1037 3089 1097; x_wconf 85' lang='lat'>5</span> 
     </span>
     <span class='ocr_line' id='line_1_9' title="bbox 626 1125 3038 1230; baseline 0 -24"><span class='ocrx_word' id='word_1_60' title='bbox 626 1128 791 1229; x_wconf 84' lang='grc' dir='ltr'>ρίαν</span> <span class='ocrx_word' id='word_1_61' title='bbox 846 1130 960 1206; x_wconf 80' lang='grc' dir='ltr'>καὶ</span> <span class='ocrx_word' id='word_1_62' title='bbox 1019 1135 1278 1208; x_wconf 79' lang='grc' dir='ltr'>νοεῖται</span> <span class='ocrx_word' id='word_1_63' title='bbox 1331 1130 1778 1226; x_wconf 84' lang='grc' dir='ltr'>σύμβουλος,</span> <span class='ocrx_word' id='word_1_64' title='bbox 1817 1129 1901 1207; x_wconf 83' lang='grc' dir='ltr'>οὐ</span> <span class='ocrx_word' id='word_1_65' title='bbox 1954 1126 2099 1228; x_wconf 85' lang='grc' dir='ltr'>μὴν</span> <span class='ocrx_word' id='word_1_66' title='bbox 2135 1129 2237 1207; x_wconf 81' lang='grc' dir='ltr'>ἔτι</span> <span class='ocrx_word' id='word_1_67' title='bbox 2294 1132 2415 1207; x_wconf 86' lang='grc' dir='ltr'>καὶ</span> <span class='ocrx_word' id='word_1_68' title='bbox 2469 1125 2867 1230; x_wconf 84' lang='grc' dir='ltr'>λυτρωτής·</span> <span class='ocrx_word' id='word_1_69' title='bbox 2927 1133 3038 1208; x_wconf 88' lang='grc' dir='ltr'>δεῖ</span> 
     </span>
     <span class='ocr_line' id='line_1_10' title="bbox 629 1249 3020 1355; baseline -0.001 -24"><span class='ocrx_word' id='word_1_70' title='bbox 629 1251 706 1331; x_wconf 81' lang='grc' dir='ltr'>δὲ</span> <span class='ocrx_word' id='word_1_71' title='bbox 761 1250 847 1351; x_wconf 88' lang='grc' dir='ltr'>δὴ</span> <span class='ocrx_word' id='word_1_72' title='bbox 904 1249 1190 1338; x_wconf 78' lang='grc' dir='ltr'>πάντως</span> <span class='ocrx_word' id='word_1_73' title='bbox 1246 1259 1392 1336; x_wconf 89' lang='grc' dir='ltr'>τοῖς</span> <span class='ocrx_word' id='word_1_74' title='bbox 1447 1253 1908 1355; x_wconf 80' lang='grc' dir='ltr'>ἀῤῥωστοῦσι</span> <span class='ocrx_word' id='word_1_75' title='bbox 1951 1252 2083 1351; x_wconf 86' lang='grc' dir='ltr'>τὴν</span> <span class='ocrx_word' id='word_1_76' title='bbox 2129 1253 2501 1355; x_wconf 80' lang='grc' dir='ltr'>ἁμαρτίαν,</span> <span class='ocrx_word' id='word_1_77' title='bbox 2539 1253 2624 1330; x_wconf 80' lang='grc' dir='ltr'>οὐ</span> <span class='ocrx_word' id='word_1_78' title='bbox 2670 1258 2803 1331; x_wconf 85' lang='grc' dir='ltr'>τοῦ</span> <span class='ocrx_word' id='word_1_79' title='bbox 2852 1253 3020 1330; x_wconf 90' lang='grc' dir='ltr'>διει-</span> 
     </span>
     <span class='ocr_line' id='line_1_11' title="bbox 629 1373 3030 1478; baseline 0 -23"><span class='ocrx_word' id='word_1_80' title='bbox 629 1373 818 1455; x_wconf 80' lang='grc' dir='ltr'>δέναι</span> <span class='ocrx_word' id='word_1_81' title='bbox 869 1373 1091 1473; x_wconf 84' lang='grc' dir='ltr'>μόνον</span> <span class='ocrx_word' id='word_1_82' title='bbox 1126 1374 1234 1454; x_wconf 80' lang='grc' dir='ltr'>ὅτι</span> <span class='ocrx_word' id='word_1_83' title='bbox 1287 1375 1380 1455; x_wconf 80' lang='grc' dir='ltr'>τὰ</span> <span class='ocrx_word' id='word_1_84' title='bbox 1428 1375 1688 1472; x_wconf 81' lang='grc' dir='ltr'>ἀμείνω</span> <span class='ocrx_word' id='word_1_85' title='bbox 1739 1375 2088 1475; x_wconf 89' lang='grc' dir='ltr'>προσήκει</span> <span class='ocrx_word' id='word_1_86' title='bbox 2140 1381 2317 1478; x_wconf 79' lang='grc' dir='ltr'>δρᾶν</span> <span class='ocrx_word' id='word_1_87' title='bbox 2360 1374 2635 1472; x_wconf 78' lang='grc' dir='ltr'>αὐτοὺς,</span> <span class='ocrx_word' id='word_1_88' title='bbox 2673 1375 2876 1455; x_wconf 84' lang='grc' dir='ltr'>ἀλλὰ</span> <span class='ocrx_word' id='word_1_89' title='bbox 2912 1379 3030 1455; x_wconf 79' lang='grc' dir='ltr'>καὶ</span> 
     </span>
     <span class='ocr_line' id='line_1_12' title="bbox 627 1496 3028 1648; baseline 0 -69"><span class='ocrx_word' id='word_1_90' title='bbox 627 1507 757 1580; x_wconf 84' lang='grc' dir='ltr'>τοῦ</span> <span class='ocrx_word' id='word_1_91' title='bbox 807 1498 1162 1579; x_wconf 80' lang='grc' dir='ltr'>δύνασθαι</span> <span class='ocrx_word' id='word_1_92' title='bbox 1213 1506 1609 1601; x_wconf 83' lang='grc' dir='ltr'>κατορθοῦν</span> <span class='ocrx_word' id='word_1_93' title='bbox 1647 1498 1831 1602; x_wconf 80' lang='grc' dir='ltr'>ἅπερ</span> <span class='ocrx_word' id='word_1_94' title='bbox 1867 1496 1958 1577; x_wconf 80' lang='grc' dir='ltr'>ἂν</span> <span class='ocrx_word' id='word_1_95' title='bbox 2004 1500 2081 1580; x_wconf 80' lang='grc' dir='ltr'>εὖ</span> <span class='ocrx_word' id='word_1_96' title='bbox 2117 1500 2269 1603; x_wconf 83' lang='grc' dir='ltr'>ἔχοι</span> <span class='ocrx_word' id='word_1_97' title='bbox 2304 1504 2422 1579; x_wconf 82' lang='grc' dir='ltr'>καὶ</span> <span class='ocrx_word' id='word_1_98' title='bbox 2456 1506 2560 1606; x_wconf 76' lang='grc' dir='ltr'>τῷ</span> <span class='ocrx_word' id='word_1_99' title='bbox 2595 1498 2793 1607; x_wconf 75' lang='grc' dir='ltr'>νόμῳ</span> <span class='ocrx_word' id='word_1_100' title='bbox 2831 1504 3028 1648; x_wconf 86' lang='grc' dir='ltr'>δοκῇ·</span> 
     </span>
    </p>
   </div>
   <div class='ocr_carea' id='block_1_6' title="bbox 587 1615 3129 1728">
    <p class='ocr_par' dir='ltr' id='par_1_6' title="bbox 587 1615 3129 1728">
     <span class='ocr_line' id='line_1_13' title="bbox 587 1615 3129 1728; baseline -0.004 -23"><span class='ocrx_word' id='word_1_101' title='bbox 587 1688 604 1705; x_wconf 93' lang='grc'><strong>.</strong></span> <span class='ocrx_word' id='word_1_102' title='bbox 631 1622 955 1724; x_wconf 73' lang='grc' dir='ltr'>καθάπερ</span> <span class='ocrx_word' id='word_1_103' title='bbox 993 1615 1247 1720; x_wconf 75' lang='grc' dir='ltr'>ἀμέλει</span> <span class='ocrx_word' id='word_1_104' title='bbox 1295 1626 1411 1701; x_wconf 87' lang='grc' dir='ltr'>καὶ</span> <span class='ocrx_word' id='word_1_105' title='bbox 1451 1630 1599 1707; x_wconf 90' lang='grc' dir='ltr'>τοῖς</span> <span class='ocrx_word' id='word_1_106' title='bbox 1636 1622 2012 1704; x_wconf 75' lang='grc' dir='ltr'>ἐθέλουσιν</span> <span class='ocrx_word' id='word_1_107' title='bbox 2044 1626 2507 1723; x_wconf 82' lang='grc' dir='ltr'>εὐδοκιμεῖν’</span> <span class='ocrx_word' id='word_1_108' title='bbox 2469 1658 2546 1703; x_wconf 89' lang='grc' dir='ltr'>εν</span> <span class='ocrx_word' id='word_1_109' title='bbox 2579 1624 2846 1728; x_wconf 81' lang='grc' dir='ltr'>μάχαις</span> <span class='ocrx_word' id='word_1_110' title='bbox 2901 1625 3029 1702; x_wconf 76' lang='grc' dir='ltr'>οὐκ</span> <span class='ocrx_word' id='word_1_111' title='bbox 3060 1658 3129 1697; x_wconf 80' lang='grc' dir='ltr'>ιο</span> 
     </span>
    </p>
   </div>
   <div class='ocr_carea' id='block_1_7' title="bbox 629 1745 3030 1981">
    <p class='ocr_par' dir='ltr' id='par_1_7' title="bbox 629 1745 3030 1981">
     <span class='ocr_line' id='line_1_14' title="bbox 630 1745 3024 1850; baseline 0.001 -23"><span class='ocrx_word' id='word_1_112' title='bbox 630 1747 918 1850; x_wconf 82' lang='grc' dir='ltr'>ἀπόχρη</span> <span class='ocrx_word' id='word_1_113' title='bbox 945 1746 1126 1848; x_wconf 77' lang='grc' dir='ltr'>πρὸς</span> <span class='ocrx_word' id='word_1_114' title='bbox 1163 1755 1375 1827; x_wconf 87' lang='grc' dir='ltr'>τοῦτο</span> <span class='ocrx_word' id='word_1_115' title='bbox 1416 1747 1656 1848; x_wconf 85' lang='grc' dir='ltr'>γυμνὴ</span> <span class='ocrx_word' id='word_1_116' title='bbox 1694 1750 1811 1827; x_wconf 81' lang='grc' dir='ltr'>καὶ</span> <span class='ocrx_word' id='word_1_117' title='bbox 1848 1745 2033 1848; x_wconf 83' lang='grc' dir='ltr'>μόνη</span> <span class='ocrx_word' id='word_1_118' title='bbox 2071 1755 2217 1827; x_wconf 83' lang='grc' dir='ltr'>τῶν</span> <span class='ocrx_word' id='word_1_119' title='bbox 2253 1754 2603 1827; x_wconf 78' lang='grc' dir='ltr'>τακτικῶν</span> <span class='ocrx_word' id='word_1_120' title='bbox 2638 1749 2683 1846; x_wconf 86' lang='grc' dir='ltr'><strong><em>ἡ</em></strong></span> <span class='ocrx_word' id='word_1_121' title='bbox 2721 1748 3024 1847; x_wconf 78' lang='grc' dir='ltr'>εἴδησις,</span> 
     </span>
     <span class='ocr_line' id='line_1_15' title="bbox 629 1868 3030 1981; baseline -0.001 -30"><span class='ocrx_word' id='word_1_122' title='bbox 629 1873 800 1951; x_wconf 83' lang='grc' dir='ltr'>ἀλλ’</span> <span class='ocrx_word' id='word_1_123' title='bbox 869 1877 926 1950; x_wconf 77' lang='grc' dir='ltr'>εἰ</span> <span class='ocrx_word' id='word_1_124' title='bbox 990 1872 1501 1976; x_wconf 70' lang='grc' dir='ltr'>προσυπάρχοι</span> <span class='ocrx_word' id='word_1_125' title='bbox 1565 1870 1798 1981; x_wconf 68' lang='grc' dir='ltr'>τούτῳ</span> <span class='ocrx_word' id='word_1_126' title='bbox 1863 1875 1978 1950; x_wconf 80' lang='grc' dir='ltr'>καὶ</span> <span class='ocrx_word' id='word_1_127' title='bbox 2049 1870 2134 1951; x_wconf 78' lang='grc' dir='ltr'>τὸ</span> <span class='ocrx_word' id='word_1_128' title='bbox 2204 1868 2550 1969; x_wconf 74' lang='grc' dir='ltr'>εὐσθενὲς,</span> <span class='ocrx_word' id='word_1_129' title='bbox 2613 1868 2747 1950; x_wconf 82' lang='grc' dir='ltr'>εἷεν</span> <span class='ocrx_word' id='word_1_130' title='bbox 2812 1868 2902 1949; x_wconf 82' lang='grc' dir='ltr'>ἂν</span> <span class='ocrx_word' id='word_1_131' title='bbox 2963 1905 3030 1950; x_wconf 93' lang='grc' dir='ltr'>οι</span> 
     </span>
    </p>
   </div>
   <div class='ocr_carea' id='block_1_8' title="bbox 626 1992 3128 2820">
    <p class='ocr_par' dir='ltr' id='par_1_8' title="bbox 626 1992 3128 2820">
     <span class='ocr_line' id='line_1_16' title="bbox 628 1992 3030 2145; baseline -0.001 -69"><span class='ocrx_word' id='word_1_132' title='bbox 628 1998 879 2076; x_wconf 87' lang='grc' dir='ltr'>τοιοίδε·</span> <span class='ocrx_word' id='word_1_133' title='bbox 934 1994 1094 2074; x_wconf 85' lang='grc' dir='ltr'>τότε</span> <span class='ocrx_word' id='word_1_134' title='bbox 1151 1992 1238 2094; x_wconf 86' lang='grc' dir='ltr'>δὴ</span> <span class='ocrx_word' id='word_1_135' title='bbox 1295 1994 1506 2145; x_wconf 76' lang='grc' dir='ltr'>μόλις</span> <span class='ocrx_word' id='word_1_136' title='bbox 1557 1999 1886 2145; x_wconf 78' lang='grc' dir='ltr'>λαμπροὶ</span> <span class='ocrx_word' id='word_1_137' title='bbox 1939 2000 2055 2074; x_wconf 87' lang='grc' dir='ltr'>καὶ</span> <span class='ocrx_word' id='word_1_138' title='bbox 2100 1994 2576 2091; x_wconf 85' lang='grc' dir='ltr'>ἀπόβλεπτοι.</span> <span class='ocrx_word' id='word_1_139' title='bbox 2657 1996 2914 2073; x_wconf 83' lang='grc' dir='ltr'>οὐκοῦν</span> <span class='ocrx_word' id='word_1_140' title='bbox 2970 2028 3030 2074; x_wconf 88' lang='grc' dir='ltr'>ει</span> 
     </span>
     <span class='ocr_line' id='line_1_17' title="bbox 629 2117 3030 2224; baseline 0 -26"><span class='ocrx_word' id='word_1_141' title='bbox 629 2120 949 2200; x_wconf 80' lang='grc' dir='ltr'>διδάσκει</span> <span class='ocrx_word' id='word_1_142' title='bbox 1003 2121 1131 2216; x_wconf 79' lang='grc' dir='ltr'>μὲν</span> <span class='ocrx_word' id='word_1_143' title='bbox 1167 2121 1208 2199; x_wconf 89' lang='lat'>5</span> <span class='ocrx_word' id='word_1_144' title='bbox 1249 2119 1463 2218; x_wconf 85' lang='grc' dir='ltr'>νόμος</span> <span class='ocrx_word' id='word_1_145' title='bbox 1508 2118 1593 2199; x_wconf 78' lang='grc' dir='ltr'>τὸ</span> <span class='ocrx_word' id='word_1_146' title='bbox 1641 2121 1718 2198; x_wconf 84' lang='grc' dir='ltr'>ἐν</span> <span class='ocrx_word' id='word_1_147' title='bbox 1754 2122 2052 2220; x_wconf 75' lang='grc' dir='ltr'>ἀγαθοῖς</span> <span class='ocrx_word' id='word_1_148' title='bbox 2096 2118 2436 2224; x_wconf 82' lang='grc' dir='ltr'>εὐτεχνὲς,</span> <span class='ocrx_word' id='word_1_149' title='bbox 2473 2120 2624 2198; x_wconf 86' lang='grc' dir='ltr'>κατ’</span> <span class='ocrx_word' id='word_1_150' title='bbox 2664 2118 2918 2198; x_wconf 86' lang='grc' dir='ltr'>ουδένα</span> <span class='ocrx_word' id='word_1_151' title='bbox 2953 2117 3030 2198; x_wconf 79' lang='grc' dir='ltr'>δὲ</span> 
     </span>
     <span class='ocr_line' id='line_1_18' title="bbox 627 2239 3128 2346; baseline 0 -23"><span class='ocrx_word' id='word_1_152' title='bbox 627 2245 897 2346; x_wconf 89' lang='grc' dir='ltr'>τρόπον</span> <span class='ocrx_word' id='word_1_153' title='bbox 951 2252 1098 2327; x_wconf 86' lang='grc' dir='ltr'>τοῖς</span> <span class='ocrx_word' id='word_1_154' title='bbox 1150 2239 1818 2342; x_wconf 80' lang='grc' dir='ltr'>πλεονεκτουμένοις</span> <span class='ocrx_word' id='word_1_155' title='bbox 1865 2246 2220 2346; x_wconf 84' lang='grc' dir='ltr'>ἐπικουρεῖ</span> <span class='ocrx_word' id='word_1_156' title='bbox 2267 2240 2401 2341; x_wconf 84' lang='grc' dir='ltr'>τὴν</span> <span class='ocrx_word' id='word_1_157' title='bbox 2450 2244 2804 2345; x_wconf 85' lang='grc' dir='ltr'>ἁμαρτίαν</span> <span class='ocrx_word' id='word_1_158' title='bbox 2840 2246 3025 2322; x_wconf 85' lang='grc' dir='ltr'>ἀπο·</span> <span class='ocrx_word' id='word_1_159' title='bbox 3060 2279 3128 2340; x_wconf 84' lang='lat'>15</span> 
     </span>
     <span class='ocr_line' id='line_1_19' title="bbox 628 2363 3029 2473; baseline -0 -26"><span class='ocrx_word' id='word_1_160' title='bbox 628 2374 912 2470; x_wconf 83' lang='grc' dir='ltr'>νευρῶν,</span> <span class='ocrx_word' id='word_1_161' title='bbox 950 2366 1171 2451; x_wconf 82' lang='grc' dir='ltr'>καλὸς</span> <span class='ocrx_word' id='word_1_162' title='bbox 1208 2365 1336 2464; x_wconf 75' lang='grc' dir='ltr'>μὲν</span> <span class='ocrx_word' id='word_1_163' title='bbox 1373 2366 1483 2447; x_wconf 81' lang='grc' dir='ltr'>ὅτι</span> <span class='ocrx_word' id='word_1_164' title='bbox 1521 2368 1639 2445; x_wconf 84' lang='grc' dir='ltr'>καὶ</span> <span class='ocrx_word' id='word_1_165' title='bbox 1677 2365 2141 2464; x_wconf 83' lang='grc' dir='ltr'>διδάσκαλος,</span> <span class='ocrx_word' id='word_1_166' title='bbox 2184 2369 2268 2446; x_wconf 83' lang='grc' dir='ltr'>οὐ</span> <span class='ocrx_word' id='word_1_167' title='bbox 2303 2363 2447 2467; x_wconf 86' lang='grc' dir='ltr'>μὴν</span> <span class='ocrx_word' id='word_1_168' title='bbox 2483 2367 2586 2445; x_wconf 81' lang='grc' dir='ltr'>ἔτι</span> <span class='ocrx_word' id='word_1_169' title='bbox 2623 2369 2738 2445; x_wconf 83' lang='grc' dir='ltr'>καὶ</span> <span class='ocrx_word' id='word_1_170' title='bbox 2772 2367 2852 2444; x_wconf 82' lang='grc' dir='ltr'>ἐν</span> <span class='ocrx_word' id='word_1_171' title='bbox 2887 2365 3029 2473; x_wconf 78' lang='grc' dir='ltr'>ἴσῳ</span> 
     </span>
     <span class='ocr_line' id='line_1_20' title="bbox 626 2487 3029 2597; baseline -0.001 -28"><span class='ocrx_word' id='word_1_172' title='bbox 626 2490 864 2597; x_wconf 79' lang='grc' dir='ltr'>χάριτι</span> <span class='ocrx_word' id='word_1_173' title='bbox 921 2497 1010 2596; x_wconf 84' lang='grc' dir='ltr'>τῇ</span> <span class='ocrx_word' id='word_1_174' title='bbox 1072 2490 1189 2570; x_wconf 83' lang='grc' dir='ltr'>διὰ</span> <span class='ocrx_word' id='word_1_175' title='bbox 1233 2496 1564 2593; x_wconf 85' lang='grc' dir='ltr'>Χριστοῦ</span> <span class='ocrx_word' id='word_1_176' title='bbox 1620 2489 2181 2592; x_wconf 86' lang='grc' dir='ltr'>καταλογισθείη</span> <span class='ocrx_word' id='word_1_177' title='bbox 2236 2487 2328 2569; x_wconf 80' lang='grc' dir='ltr'>ἂν</span> <span class='ocrx_word' id='word_1_178' title='bbox 2383 2488 2686 2589; x_wconf 80' lang='grc' dir='ltr'>εἰκότως,</span> <span class='ocrx_word' id='word_1_179' title='bbox 2722 2497 2854 2569; x_wconf 83' lang='grc' dir='ltr'>τοῦ</span> <span class='ocrx_word' id='word_1_180' title='bbox 2910 2490 3029 2568; x_wconf 85' lang='grc' dir='ltr'>καὶ</span> 
     </span>
     <span class='ocr_line' id='line_1_21' title="bbox 628 2613 3028 2721; baseline 0.001 -27"><span class='ocrx_word' id='word_1_181' title='bbox 628 2621 915 2721; x_wconf 86' lang='grc' dir='ltr'>σοφοῦν</span> <span class='ocrx_word' id='word_1_182' title='bbox 992 2613 1372 2720; x_wconf 78' lang='grc' dir='ltr'>ἰσχύοντος</span> <span class='ocrx_word' id='word_1_183' title='bbox 1449 2617 1565 2694; x_wconf 81' lang='grc' dir='ltr'>καὶ</span> <span class='ocrx_word' id='word_1_184' title='bbox 1640 2616 2174 2717; x_wconf 77' lang='grc' dir='ltr'>ἀλκιμωτέρους</span> <span class='ocrx_word' id='word_1_185' title='bbox 2246 2617 2429 2714; x_wconf 81' lang='grc' dir='ltr'>ἡμᾶς</span> <span class='ocrx_word' id='word_1_186' title='bbox 2501 2615 3028 2720; x_wconf 80' lang='grc' dir='ltr'>ἀποφαίνοντος</span> 
     </span>
     <span class='ocr_line' id='line_1_22' title="bbox 626 2772 1041 2820; baseline 0.007 -3"><span class='ocrx_word' id='word_1_187' title='bbox 626 2772 757 2819; x_wconf 91' lang='grc' dir='ltr'>του</span> <span class='ocrx_word' id='word_1_188' title='bbox 800 2772 1041 2820; x_wconf 85' lang='grc' dir='ltr'>κακον.</span> 
     </span>
    </p>
   </div>
   <div class='ocr_carea' id='block_1_9' title="bbox 658 2963 3132 3056">
    <p class='ocr_par' dir='ltr' id='par_1_9' title="bbox 658 2963 3132 3056">
     <span class='ocr_line' id='line_1_23' title="bbox 658 2963 3132 3056; baseline 0.001 -28"><span class='ocrx_word' id='word_1_189' title='bbox 658 2963 1031 3043; x_wconf 72' lang='grc' dir='ltr'>Συνήδομαι</span> <span class='ocrx_word' id='word_1_190' title='bbox 1088 2967 1206 3056; x_wconf 80' lang='grc' dir='ltr'>Γὰρ</span> <span class='ocrx_word' id='word_1_191' title='bbox 1262 2969 1356 3051; x_wconf 85' lang='grc' dir='ltr'>τῷ</span> <span class='ocrx_word' id='word_1_192' title='bbox 1410 2968 1592 3051; x_wconf 86' lang='grc' dir='ltr'>νόμῳ</span> <span class='ocrx_word' id='word_1_193' title='bbox 1645 2971 1761 3030; x_wconf 85' lang='grc' dir='ltr'>τοῦ</span> <span class='ocrx_word' id='word_1_194' title='bbox 1816 2963 1985 3030; x_wconf 84' lang='grc' dir='ltr'>Θεοῦ</span> <span class='ocrx_word' id='word_1_195' title='bbox 2042 2965 2206 3030; x_wconf 80' lang='grc' dir='ltr'>κατὰ</span> <span class='ocrx_word' id='word_1_196' title='bbox 2261 2963 2374 3030; x_wconf 87' lang='grc' dir='ltr'>τὸν</span> <span class='ocrx_word' id='word_1_197' title='bbox 2426 2964 2564 3030; x_wconf 79' lang='grc' dir='ltr'>ἔσω</span> <span class='ocrx_word' id='word_1_198' title='bbox 2617 2963 2994 3051; x_wconf 81' lang='grc' dir='ltr'>ἄνθρωπον.</span> <span class='ocrx_word' id='word_1_199' title='bbox 3056 2990 3132 3032; x_wconf 78' lang='lat'>20</span> 
     </span>
    </p>
   </div>
   <div class='ocr_carea' id='block_1_10' title="bbox 624 3119 3135 4546">
    <p class='ocr_par' dir='ltr' id='par_1_10' title="bbox 624 3119 3135 4092">
     <span class='ocr_line' id='line_1_24' title="bbox 738 3119 3030 3228; baseline -0.002 -28"><span class='ocrx_word' id='word_1_200' title='bbox 738 3122 871 3204; x_wconf 88' lang='grc' dir='ltr'>Ὡς</span> <span class='ocrx_word' id='word_1_201' title='bbox 926 3122 1112 3224; x_wconf 78' lang='grc' dir='ltr'>ἔφην</span> <span class='ocrx_word' id='word_1_202' title='bbox 1153 3123 1313 3221; x_wconf 81' lang='grc' dir='ltr'>ἤδη,</span> <span class='ocrx_word' id='word_1_203' title='bbox 1351 3126 1539 3228; x_wconf 76' lang='grc' dir='ltr'>διψᾷ</span> <span class='ocrx_word' id='word_1_204' title='bbox 1591 3119 1722 3220; x_wconf 76' lang='grc' dir='ltr'>μὲν</span> <span class='ocrx_word' id='word_1_205' title='bbox 1775 3123 1815 3200; x_wconf 88' lang='lat'>5</span> <span class='ocrx_word' id='word_1_206' title='bbox 1876 3129 2040 3205; x_wconf 85' lang='grc' dir='ltr'>νοῦς</span> <span class='ocrx_word' id='word_1_207' title='bbox 2097 3119 2178 3199; x_wconf 82' lang='grc' dir='ltr'>τὸ</span> <span class='ocrx_word' id='word_1_208' title='bbox 2243 3120 2642 3223; x_wconf 84' lang='grc' dir='ltr'>ἐλεύθερον,</span> <span class='ocrx_word' id='word_1_209' title='bbox 2705 3120 2824 3197; x_wconf 79' lang='grc' dir='ltr'>καὶ</span> <span class='ocrx_word' id='word_1_210' title='bbox 2881 3123 3030 3197; x_wconf 82' lang='grc' dir='ltr'>τῶν</span> 
     </span>
     <span class='ocr_line' id='line_1_25' title="bbox 628 3240 3022 3351; baseline -0.001 -28"><span class='ocrx_word' id='word_1_211' title='bbox 628 3245 1215 3344; x_wconf 82' lang='grc' dir='ltr'>διαβεβλημένων</span> <span class='ocrx_word' id='word_1_212' title='bbox 1272 3248 1754 3351; x_wconf 76' lang='grc' dir='ltr'>ἀπαλλακτιᾷ,</span> <span class='ocrx_word' id='word_1_213' title='bbox 1813 3248 1928 3324; x_wconf 83' lang='grc' dir='ltr'>καὶ</span> <span class='ocrx_word' id='word_1_214' title='bbox 1986 3250 2139 3327; x_wconf 90' lang='grc' dir='ltr'>ταῖς</span> <span class='ocrx_word' id='word_1_215' title='bbox 2181 3240 2522 3322; x_wconf 81' lang='grc' dir='ltr'>ἀνωτάτω</span> <span class='ocrx_word' id='word_1_216' title='bbox 2566 3247 2802 3341; x_wconf 87' lang='grc' dir='ltr'>τιμαῖς</span> <span class='ocrx_word' id='word_1_217' title='bbox 2846 3276 3022 3322; x_wconf 90' lang='grc' dir='ltr'>στε-</span> 
     </span>
     <span class='ocr_line' id='line_1_26' title="bbox 628 3364 3030 3472; baseline -0.001 -25"><span class='ocrx_word' id='word_1_218' title='bbox 628 3375 854 3472; x_wconf 88' lang='grc' dir='ltr'>φανοῖ</span> <span class='ocrx_word' id='word_1_219' title='bbox 900 3367 1026 3448; x_wconf 81' lang='grc' dir='ltr'>τὸν</span> <span class='ocrx_word' id='word_1_220' title='bbox 1063 3370 1283 3466; x_wconf 89' lang='grc' dir='ltr'>νόμον</span> <span class='ocrx_word' id='word_1_221' title='bbox 1316 3372 1411 3452; x_wconf 81' lang='grc' dir='ltr'>ὡς</span> <span class='ocrx_word' id='word_1_222' title='bbox 1460 3375 1606 3447; x_wconf 79' lang='grc' dir='ltr'>τῶν</span> <span class='ocrx_word' id='word_1_223' title='bbox 1657 3368 2083 3448; x_wconf 83' lang='grc' dir='ltr'>καλλίστων</span> <span class='ocrx_word' id='word_1_224' title='bbox 2117 3365 2531 3469; x_wconf 76' lang='grc' dir='ltr'>εἰσηγητήν·</span> <span class='ocrx_word' id='word_1_225' title='bbox 2612 3364 3030 3467; x_wconf 70' lang='grc' dir='ltr'>καταβιάζε-</span> 
     </span>
     <span class='ocr_line' id='line_1_27' title="bbox 625 3487 3028 3598; baseline -0.002 -24"><span class='ocrx_word' id='word_1_226' title='bbox 625 3527 742 3574; x_wconf 88' lang='grc' dir='ltr'>ται</span> <span class='ocrx_word' id='word_1_227' title='bbox 780 3492 855 3571; x_wconf 82' lang='grc' dir='ltr'>δὲ</span> <span class='ocrx_word' id='word_1_228' title='bbox 892 3498 987 3576; x_wconf 81' lang='grc' dir='ltr'>εἶς</span> <span class='ocrx_word' id='word_1_229' title='bbox 1025 3491 1361 3577; x_wconf 87' lang='grc' dir='ltr'>ἐκτόπους</span> <span class='ocrx_word' id='word_1_230' title='bbox 1397 3491 1657 3591; x_wconf 83' lang='grc' dir='ltr'>ἡδονὰς</span> <span class='ocrx_word' id='word_1_231' title='bbox 1693 3493 1736 3591; x_wconf 86' lang='grc' dir='ltr'><strong><em>ἡ</em></strong></span> <span class='ocrx_word' id='word_1_232' title='bbox 1774 3497 1902 3591; x_wconf 84' lang='grc' dir='ltr'>τῆς</span> <span class='ocrx_word' id='word_1_233' title='bbox 1946 3490 2217 3595; x_wconf 78' lang='grc' dir='ltr'>σαρκὸς</span> <span class='ocrx_word' id='word_1_234' title='bbox 2257 3490 2500 3598; x_wconf 82' lang='grc' dir='ltr'>φύσις,</span> <span class='ocrx_word' id='word_1_235' title='bbox 2538 3487 3028 3586; x_wconf 83' lang='grc' dir='ltr'>πολεμοῦντός</span> 
     </span>
     <span class='ocr_line' id='line_1_28' title="bbox 624 3611 3135 3720; baseline -0.001 -24"><span class='ocrx_word' id='word_1_236' title='bbox 624 3651 701 3696; x_wconf 91' lang='grc' dir='ltr'>τε</span> <span class='ocrx_word' id='word_1_237' title='bbox 760 3619 876 3695; x_wconf 80' lang='grc' dir='ltr'>καὶ</span> <span class='ocrx_word' id='word_1_238' title='bbox 925 3615 1326 3717; x_wconf 78' lang='grc' dir='ltr'>ἐγκειμένου</span> <span class='ocrx_word' id='word_1_239' title='bbox 1375 3623 1502 3694; x_wconf 85' lang='grc' dir='ltr'>τοῦ</span> <span class='ocrx_word' id='word_1_240' title='bbox 1548 3613 1769 3712; x_wconf 87' lang='grc' dir='ltr'>νόμου</span> <span class='ocrx_word' id='word_1_241' title='bbox 1818 3619 1945 3714; x_wconf 85' lang='grc' dir='ltr'>τῆς</span> <span class='ocrx_word' id='word_1_242' title='bbox 1990 3616 2365 3717; x_wconf 79' lang='grc' dir='ltr'>ἁμαρτίας·</span> <span class='ocrx_word' id='word_1_243' title='bbox 2428 3619 2631 3720; x_wconf 73' lang='grc' dir='ltr'>νόμον</span> <span class='ocrx_word' id='word_1_244' title='bbox 2667 3611 2743 3692; x_wconf 82' lang='grc' dir='ltr'>δὲ</span> <span class='ocrx_word' id='word_1_245' title='bbox 2780 3620 3023 3717; x_wconf 72' lang='grc' dir='ltr'>ἁμαρ·</span> <span class='ocrx_word' id='word_1_246' title='bbox 3057 3663 3090 3702; x_wconf 76' lang='lat'><em>2</em></span> <span class='ocrx_word' id='word_1_247' title='bbox 3099 3656 3135 3718; x_wconf 86' lang='lat'>5</span> 
     </span>
     <span class='ocr_line' id='line_1_29' title="bbox 625 3734 3028 3844; baseline -0.002 -23"><span class='ocrx_word' id='word_1_248' title='bbox 625 3744 782 3827; x_wconf 77' lang='grc' dir='ltr'>τίσις</span> <span class='ocrx_word' id='word_1_249' title='bbox 831 3735 1011 3818; x_wconf 86' lang='grc' dir='ltr'>εἷναί</span> <span class='ocrx_word' id='word_1_250' title='bbox 1058 3747 1249 3844; x_wconf 89' lang='grc' dir='ltr'>φησι</span> <span class='ocrx_word' id='word_1_251' title='bbox 1290 3737 1375 3818; x_wconf 81' lang='grc' dir='ltr'>τὸ</span> <span class='ocrx_word' id='word_1_252' title='bbox 1419 3737 1738 3841; x_wconf 74' lang='grc' dir='ltr'>ἔμφυτον</span> <span class='ocrx_word' id='word_1_253' title='bbox 1793 3740 2076 3837; x_wconf 87' lang='grc' dir='ltr'>κίνημα,</span> <span class='ocrx_word' id='word_1_254' title='bbox 2127 3741 2243 3817; x_wconf 80' lang='grc' dir='ltr'>καὶ</span> <span class='ocrx_word' id='word_1_255' title='bbox 2301 3736 2477 3838; x_wconf 78' lang='grc' dir='ltr'>ὅπερ</span> <span class='ocrx_word' id='word_1_256' title='bbox 2535 3734 2624 3816; x_wconf 80' lang='grc' dir='ltr'>ἂν</span> <span class='ocrx_word' id='word_1_257' title='bbox 2681 3735 3028 3841; x_wconf 80' lang='grc' dir='ltr'>ὑπάρχειν</span> 
     </span>
     <span class='ocr_line' id='line_1_30' title="bbox 626 3857 3030 3968; baseline -0.002 -24"><span class='ocrx_word' id='word_1_258' title='bbox 626 3862 841 3944; x_wconf 81' lang='grc' dir='ltr'>οἴοιτό</span> <span class='ocrx_word' id='word_1_259' title='bbox 872 3897 978 3947; x_wconf 92' lang='grc' dir='ltr'>τις</span> <span class='ocrx_word' id='word_1_260' title='bbox 1004 3867 1132 3961; x_wconf 85' lang='grc' dir='ltr'>τῆς</span> <span class='ocrx_word' id='word_1_261' title='bbox 1160 3862 1647 3968; x_wconf 80' lang='grc' dir='ltr'>φιλοσαρκίας</span> <span class='ocrx_word' id='word_1_262' title='bbox 1668 3860 1753 3941; x_wconf 79' lang='grc' dir='ltr'>τὸ</span> <span class='ocrx_word' id='word_1_263' title='bbox 1781 3860 2032 3959; x_wconf 82' lang='grc' dir='ltr'>πάθος,</span> <span class='ocrx_word' id='word_1_264' title='bbox 2057 3861 2377 3964; x_wconf 77' lang='grc' dir='ltr'>καθάπερ</span> <span class='ocrx_word' id='word_1_265' title='bbox 2400 3857 2651 3958; x_wconf 75' lang='grc' dir='ltr'>ἀμέλει</span> <span class='ocrx_word' id='word_1_266' title='bbox 2678 3862 2794 3938; x_wconf 81' lang='grc' dir='ltr'>καὶ</span> <span class='ocrx_word' id='word_1_267' title='bbox 2826 3862 3030 3964; x_wconf 78' lang='grc' dir='ltr'>νόμον</span> 
     </span>
     <span class='ocr_line' id='line_1_31' title="bbox 626 3981 2943 4092; baseline -0.003 -26"><span class='ocrx_word' id='word_1_268' title='bbox 626 3988 766 4092; x_wconf 81' lang='grc' dir='ltr'>ἔφη</span> <span class='ocrx_word' id='word_1_269' title='bbox 806 3986 938 4072; x_wconf 59' lang='lat' dir='ltr'>vobs</span> <span class='ocrx_word' id='word_1_270' title='bbox 974 3984 1105 4084; x_wconf 83' lang='grc' dir='ltr'>τὴν</span> <span class='ocrx_word' id='word_1_271' title='bbox 1140 3985 1234 4070; x_wconf 77' lang='grc' dir='ltr'>εἷς</span> <span class='ocrx_word' id='word_1_272' title='bbox 1270 4019 1356 4087; x_wconf 85' lang='grc' dir='ltr'>γε</span> <span class='ocrx_word' id='word_1_273' title='bbox 1393 3983 1476 4065; x_wconf 78' lang='grc' dir='ltr'>τὸ</span> <span class='ocrx_word' id='word_1_274' title='bbox 1514 3984 1789 4087; x_wconf 80' lang='grc' dir='ltr'>ἀγαθὸν</span> <span class='ocrx_word' id='word_1_275' title='bbox 1826 3987 2042 4065; x_wconf 81' lang='grc' dir='ltr'>αὑτοῦ</span> <span class='ocrx_word' id='word_1_276' title='bbox 2077 3981 2312 4088; x_wconf 87' lang='grc' dir='ltr'>ῥοπήν</span> <span class='ocrx_word' id='word_1_277' title='bbox 2348 4017 2423 4062; x_wconf 89' lang='grc' dir='ltr'>τε</span> <span class='ocrx_word' id='word_1_278' title='bbox 2459 3987 2575 4064; x_wconf 80' lang='grc' dir='ltr'>καὶ</span> <span class='ocrx_word' id='word_1_279' title='bbox 2614 3982 2943 4083; x_wconf 77' lang='grc' dir='ltr'>θέλησιν.</span> 
     </span>
    </p>

    <p class='ocr_par' dir='ltr' id='par_1_11' title="bbox 630 4168 3035 4525">
     <span class='ocr_line' id='line_1_32' title="bbox 700 4168 3030 4243; baseline -0.001 -17"><span class='ocrx_word' id='word_1_280' title='bbox 700 4186 754 4242; x_wconf 89' lang='lat'>5.</span> <span class='ocrx_word' id='word_1_281' title='bbox 791 4172 1270 4242; x_wconf 45' lang='grc' dir='ltr'>ὁνόμοςαῦτὸἩΑ</span> <span class='ocrx_word' id='word_1_282' title='bbox 1346 4169 1850 4243; x_wconf 73' lang='grc' dir='ltr'>ὀνόμοςαυτφΒ</span> <span class='ocrx_word' id='word_1_283' title='bbox 1875 4169 1978 4225; x_wconf 87' lang='lat' dir='ltr'>Ed</span> <span class='ocrx_word' id='word_1_284' title='bbox 2125 4184 2175 4240; x_wconf 91' lang='grc'>7.</span> <span class='ocrx_word' id='word_1_285' title='bbox 2211 4168 2503 4238; x_wconf 74' lang='grc' dir='ltr'>δὴοω.Α.</span> <span class='ocrx_word' id='word_1_286' title='bbox 2648 4186 2702 4240; x_wconf 89' lang='lat'>9.</span> <span class='ocrx_word' id='word_1_287' title='bbox 2738 4168 3030 4237; x_wconf 52' lang='grc' dir='ltr'>δοκῇΑΗΒ</span> 
     </span>
     <span class='ocr_line' id='line_1_33' title="bbox 630 4239 3031 4311; baseline -0.002 -14"><span class='ocrx_word' id='word_1_288' title='bbox 630 4241 897 4297; x_wconf 76' lang='grc' dir='ltr'>δοκεῖΕᾶ.</span> <span class='ocrx_word' id='word_1_289' title='bbox 1224 4261 1306 4296; x_wconf 86' lang='lat'>10.</span> <span class='ocrx_word' id='word_1_290' title='bbox 1344 4242 1577 4311; x_wconf 83' lang='grc' dir='ltr'>μάχῃΑ.</span> <span class='ocrx_word' id='word_1_291' title='bbox 1893 4257 1976 4296; x_wconf 87' lang='lat'>11.</span> <span class='ocrx_word' id='word_1_292' title='bbox 2015 4239 2180 4310; x_wconf 75' lang='grc' dir='ltr'><strong>ἥσω.</strong></span> <span class='ocrx_word' id='word_1_293' title='bbox 2206 4240 2275 4294; x_wconf 87' lang='lat' dir='ltr'>A.</span> <span class='ocrx_word' id='word_1_294' title='bbox 2592 4255 2675 4308; x_wconf 83' lang='lat'>13.</span> <span class='ocrx_word' id='word_1_295' title='bbox 2710 4239 3031 4308; x_wconf 69' lang='grc' dir='ltr'>τότεδὴαο-</span> 
     </span>
     <span class='ocr_line' id='line_1_34' title="bbox 632 4308 3030 4383; baseline -0.002 -16"><span class='ocrx_word' id='word_1_296' title='bbox 632 4330 751 4367; x_wconf 75' lang='grc' dir='ltr'>ειιω</span> <span class='ocrx_word' id='word_1_297' title='bbox 793 4321 911 4367; x_wconf 87' lang='lat' dir='ltr'>tum</span> <span class='ocrx_word' id='word_1_298' title='bbox 935 4330 1000 4366; x_wconf 78' lang='lat' dir='ltr'>ex</span> <span class='ocrx_word' id='word_1_299' title='bbox 1026 4313 1094 4366; x_wconf 88' lang='lat' dir='ltr'>A.</span> <span class='ocrx_word' id='word_1_300' title='bbox 1200 4312 1543 4383; x_wconf 76' lang='grc' dir='ltr'>περίβλεπτοι</span> <span class='ocrx_word' id='word_1_301' title='bbox 1568 4313 1636 4367; x_wconf 89' lang='lat' dir='ltr'>A.</span> <span class='ocrx_word' id='word_1_302' title='bbox 2090 4329 2172 4378; x_wconf 84' lang='lat'>14.</span> <span class='ocrx_word' id='word_1_303' title='bbox 2210 4312 2406 4379; x_wconf 79' lang='grc' dir='ltr'>τρόπον</span> <span class='ocrx_word' id='word_1_304' title='bbox 2429 4309 2524 4363; x_wconf 69' lang='grc' dir='ltr'>δὲ</span> <span class='ocrx_word' id='word_1_305' title='bbox 2510 4326 2724 4364; x_wconf 73' lang='grc' dir='ltr'>ιονετεο</span> <span class='ocrx_word' id='word_1_306' title='bbox 2748 4308 2938 4364; x_wconf 77' lang='lat' dir='ltr'>ordine</span> <span class='ocrx_word' id='word_1_307' title='bbox 2960 4310 3030 4363; x_wconf 93' lang='lat' dir='ltr'>A.</span> 
     </span>
     <span class='ocr_line' id='line_1_35' title="bbox 637 4378 2935 4470; baseline -0.001 -33"><span class='ocrx_word' id='word_1_308' title='bbox 637 4381 720 4437; x_wconf 87' lang='lat'>16.</span> <span class='ocrx_word' id='word_1_309' title='bbox 785 4405 834 4436; x_wconf 80' lang='grc' dir='ltr'>τι</span> <span class='ocrx_word' id='word_1_310' title='bbox 858 4399 954 4452; x_wconf 84' lang='lat' dir='ltr'>pro</span> <span class='ocrx_word' id='word_1_311' title='bbox 979 4382 1059 4436; x_wconf 79' lang='grc' dir='ltr'>ὅτι</span> <span class='ocrx_word' id='word_1_312' title='bbox 1083 4385 1152 4437; x_wconf 87' lang='lat' dir='ltr'>A.</span> <span class='ocrx_word' id='word_1_313' title='bbox 1487 4399 1573 4437; x_wconf 83' lang='lat'>21.</span> <span class='ocrx_word' id='word_1_314' title='bbox 1611 4382 1748 4452; x_wconf 71' lang='grc' dir='ltr'>διψᾷ</span> <span class='ocrx_word' id='word_1_315' title='bbox 1773 4380 2051 4437; x_wconf 82' lang='lat' dir='ltr'>emendavi</span> <span class='ocrx_word' id='word_1_316' title='bbox 2075 4398 2140 4435; x_wconf 83' lang='lat' dir='ltr'>ex</span> <span class='ocrx_word' id='word_1_317' title='bbox 2162 4382 2233 4435; x_wconf 93' lang='lat' dir='ltr'>A.</span> <span class='ocrx_word' id='word_1_318' title='bbox 2256 4381 2309 4435; x_wconf 80' lang='grc' dir='ltr'>δι</span> <span class='ocrx_word' id='word_1_319' title='bbox 2308 4382 2392 4451; x_wconf 64' lang='grc' dir='ltr'>φῇ</span> <span class='ocrx_word' id='word_1_320' title='bbox 2418 4378 2522 4433; x_wconf 89' lang='lat' dir='ltr'>Ed.</span> <span class='ocrx_word' id='word_1_321' title='bbox 2846 4393 2935 4470; x_wconf 70' lang='lat'>25.</span> 
     </span>
     <span class='ocr_line' id='line_1_36' title="bbox 631 4402 3035 4546; baseline -0.002 -39"><span class='ocrx_word' id='word_1_322' title='bbox 631 4471 730 4546; x_wconf 88' lang='lat' dir='ltr'>pro</span> <span class='ocrx_word' id='word_1_323' title='bbox 754 4475 810 4506; x_wconf 79' lang='grc' dir='ltr'>τε</span> <span class='ocrx_word' id='word_1_324' title='bbox 836 4454 903 4507; x_wconf 89' lang='lat' dir='ltr'>A.</span> <span class='ocrx_word' id='word_1_325' title='bbox 1017 4452 1221 4520; x_wconf 60' lang='grc' dir='ltr'>νόμονο</span> <span class='ocrx_word' id='word_1_326' title='bbox 1195 4454 1443 4523; x_wconf 62' lang='lat' dir='ltr'><em>aptam-lac</em></span> <span class='ocrx_word' id='word_1_327' title='bbox 1465 4453 1606 4524; x_wconf 81' lang='grc' dir='ltr'>φησὶ</span> <span class='ocrx_word' id='word_1_328' title='bbox 1628 4454 1690 4506; x_wconf 79' lang='grc' dir='ltr'>τὸ</span> <span class='ocrx_word' id='word_1_329' title='bbox 1713 4452 1899 4522; x_wconf 79' lang='lat' dir='ltr'>incipit</span> <span class='ocrx_word' id='word_1_330' title='bbox 1921 4452 1990 4507; x_wconf 88' lang='lat' dir='ltr'>A.</span> <span class='ocrx_word' id='word_1_331' title='bbox 2301 4450 2453 4505; x_wconf 76' lang='grc' dir='ltr'><strong>28.ἕ</strong></span> <span class='ocrx_word' id='word_1_332' title='bbox 2551 4466 2641 4503; x_wconf 90' lang='lat' dir='ltr'>om</span> <span class='ocrx_word' id='word_1_333' title='bbox 2686 4451 2737 4503; x_wconf 80' lang='lat' dir='ltr'>A</span> <span class='ocrx_word' id='word_1_334' title='bbox 2865 4402 3035 4521; x_wconf 53' lang='grc' dir='ltr'>ροπζῖ</span> 
     </span>
    </p>
   </div>
   <div class='ocr_carea' id='block_1_11' title="bbox 630 4488 3035 4666">
    <p class='ocr_par' dir='ltr' id='par_1_12' title="bbox 630 4488 3035 4666">
     <span class='ocr_line' id='line_1_37' title="bbox 630 4488 3035 4614; baseline -0.002 -35"><span class='ocrx_word' id='word_1_335' title='bbox 630 4525 788 4583; x_wconf 76' lang='grc' dir='ltr'>αὐτοῦ</span> <span class='ocrx_word' id='word_1_336' title='bbox 808 4524 893 4614; x_wconf 69' lang='grc' dir='ltr'>(τι</span> <span class='ocrx_word' id='word_1_337' title='bbox 930 4523 1207 4593; x_wconf 77' lang='lat' dir='ltr'><strong>omittens)</strong></span> <span class='ocrx_word' id='word_1_338' title='bbox 1232 4524 1301 4578; x_wconf 91' lang='lat' dir='ltr'>A.</span> <span class='ocrx_word' id='word_1_339' title='bbox 1528 4524 1614 4578; x_wconf 82' lang='lat'>28.</span> <span class='ocrx_word' id='word_1_340' title='bbox 1652 4522 1884 4591; x_wconf 84' lang='grc' dir='ltr'>θέλησιν,</span> <span class='ocrx_word' id='word_1_341' title='bbox 1910 4522 1968 4578; x_wconf 80' lang='grc' dir='ltr'>ὅς</span> <span class='ocrx_word' id='word_1_342' title='bbox 1988 4544 2051 4593; x_wconf 76' lang='grc' dir='ltr'>γε</span> <span class='ocrx_word' id='word_1_343' title='bbox 2086 4522 2222 4592; x_wconf 70' lang='grc' dir='ltr'>διψᾷ</span> <span class='ocrx_word' id='word_1_344' title='bbox 2250 4543 2346 4591; x_wconf 71' lang='grc' dir='ltr'>μιν</span> <span class='ocrx_word' id='word_1_345' title='bbox 2367 4521 2427 4576; x_wconf 76' lang='grc' dir='ltr'>τὸ</span> <span class='ocrx_word' id='word_1_346' title='bbox 2482 4488 2724 4591; x_wconf 64' lang='lat' dir='ltr'>esupia)</span> <span class='ocrx_word' id='word_1_347' title='bbox 2744 4488 2929 4592; x_wconf 58' lang='lat' dir='ltr'>inque</span> <span class='ocrx_word' id='word_1_348' title='bbox 2963 4519 3035 4574; x_wconf 75' lang='lat' dir='ltr'>ad</span> 
     </span>
     <span class='ocr_line' id='line_1_38' title="bbox 631 4593 1798 4666; baseline -0.002 -17"><span class='ocrx_word' id='word_1_349' title='bbox 631 4594 882 4665; x_wconf 77' lang='grc' dir='ltr'>ἁμαρτίας</span> <span class='ocrx_word' id='word_1_350' title='bbox 906 4593 1035 4666; x_wconf 75' lang='lat'>(25)</span> <span class='ocrx_word' id='word_1_351' title='bbox 1059 4594 1324 4650; x_wconf 73' lang='lat' dir='ltr'>clausulas</span> <span class='ocrx_word' id='word_1_352' title='bbox 1349 4604 1703 4664; x_wconf 73' lang='lat' dir='ltr'><strong>transponens</strong></span> <span class='ocrx_word' id='word_1_353' title='bbox 1729 4593 1798 4648; x_wconf 91' lang='lat' dir='ltr'>A.</span> 
     </span>
    </p>
   </div>
  </div>
 </body>
</html>
