3269 5166
240 325 392 394 xv.7
424 334 549 397 sqq.
692 312 800 378 IN
851 312 1374 379 EPISTOLAM
1426 312 1555 377 AD
1608 311 2075 378 ROMANOS.
2471 316 2599 380 247

2658 417 2767 482 [46
2791 419 2915 485 Μ·]

2631 521 2784 596 Κεφ.
2817 515 2908 583 ιε’.

235 546 341 613 Διὸ
378 550 903 638 προσλαμβάνετε
948 550 1302 630 ἀλλήλους,
1342 547 1562 613 καθὼς
1613 547 1719 613 καὶ
1755 549 1793 615 ὁ
1830 547 2104 637 Χριστὸς
2150 547 2598 637 προσελάβετο
2628 618 2659 679 7
2692 623 2819 681 sqq.

1005 689 1171 763 ὑμᾶς
1219 683 1313 752 εἰς
1357 685 1557 756 δόξαν
1605 685 1788 755 Θεοῦ.

312 854 449 939 Ἕν
483 866 699 958 σῶμα
747 858 964 956 ἐσμὲν
1011 865 1077 940 οἱ
1120 853 1411 952 πολλοὶ,
1464 861 1578 938 καὶ
1630 857 1987 958 ἀλλήλων
2041 854 2230 958 με’λη
2280 856 2464 937 κατὰ
2512 856 2597 937 τὸ
2622 872 2787 939 Supra
2809 874 2894 925 ¹³¹·

229 984 715 1084 γεγραμμένον,
768 986 1234 1083 συνείροντος
1296 983 1483 1083 ἡμᾶς
1546 987 1646 1066 εἰς
1717 981 2015 1080 ἑνότητα
2074 989 2204 1062 τοῦ
2266 987 2599 1084 Χριστοῦ
2624 952 2670 1001 ⁵⁶

179 1133 209 1192 5
229 1112 360 1188 τοῖς
403 1110 527 1206 τῆς
575 1107 864 1209 ἀγάπης
901 1111 1216 1205 δεσμοῖς·
1290 1118 1334 1155 “
1362 1104 1573 1191 αὐτὸς
1610 1105 1755 1209 γὰρ
1793 1108 1833 1185 5
1869 1103 2182 1204 ποιήσας
2217 1103 2310 1184 τά
2346 1104 2594 1211 ἀμφό-
2626 1117 2753 1246 {gh
2771 1117 2823 1167 ii·
2847 1131 2923 1180 1⁴,

229 1235 456 1329 “τερα
500 1227 579 1309 ἓν
616 1234 733 1311 καὶ
780 1229 865 1311 τὸ
900 1231 1328 1337 μεσότοιχον
1363 1238 1493 1310 τοῦ
1529 1236 1873 1336 φραγμοῦ
1918 1229 2175 1326 λύσας,
2212 1229 2343 1308 τὸν
2381 1227 2600 1326 νόμον

229 1361 266 1399 “
295 1360 430 1433 τῶν
460 1358 773 1436 ἐντολῶν
805 1358 881 1434 ἐν
917 1354 1237 1455 δόγμασι
1286 1352 1844 1456 καταργήσας.”·
1892 1357 2002 1433 δεῖ
2045 1351 2131 1452 δὴ
2172 1353 2297 1432 οὖν
2332 1351 2475 1454 ἄρα
2515 1350 2600 1432 τὸ

226 1475 380 1555 αὑτὸ
430 1483 727 1584 φρονεῖν
781 1484 878 1562 εἷς
932 1477 1326 1579 ἀλλήλους,
1385 1488 1430 1525 “
1462 1481 1580 1557 καὶ
1636 1475 1705 1556 εἴ
1756 1510 1826 1556 τι
1889 1474 2162 1580 πάσχει
2222 1475 2297 1555 ἓν
2355 1473 2599 1576 με’λος,
2630 1487 2883 1603 ζξῡηῦ·

226 1609 265 1645 ‘⁴
295 1602 755 1707 συμπάσχειν
816 1600 1057 1682 πάντα
1127 1599 1219 1679 τά
1288 1596 1505 1700 μέλη·
1593 1600 1726 1680 εἴτε
1788 1599 2155 1707 δοξάζεται
2221 1597 2298 1678 ἓν
2354 1596 2600 1698 μέλος,
2695 1590 2705 1602 ’

145 1729 264 1801 ιο“
288 1724 543 1828 χαίρειν
575 1724 820 1806 πάντα
855 1724 946 1804 τὰ
980 1723 1239 1826 μέλη.”
1320 1720 1417 1805 διὸ
1454 1722 2086 1830 προσλαμβάνεσθέ
2109 1733 2341 1830 φησιν
2377 1724 2602 1816 ἀλλή-

226 1864 369 1932 λους
418 1846 644 1934 καθεὶς
691 1856 810 1929 καὶ
852 1857 882 1928 ὁ
921 1847 1204 1957 Χριστος
1253 1846 1724 1956 προσελάβετο
1774 1851 1956 1954 ὑμᾶς
2016 1856 2106 1934 εἰς
2164 1842 2365 1956 δόξαν
2401 1849 2595 1928 Θεοῦ·

225 1969 802 2078 προσληψόμεθα
834 1970 910 2051 δὲ
946 1973 1323 2066 ἀλλήλους,
1352 1970 1443 2051 τὰ
1478 1971 1662 2052 αὑτά
1697 1978 1988 2078 φρονεῖν
2027 1973 2380 2076 ᾑρημένοι,
2409 1977 2602 2064 βασ-
2628 1996 2741 2047 Gal.
2763 1995 2831 2045 vi.
2852 2009 2898 2045 2.

226 2090 526 2195 τάζὸντες
599 2093 675 2176 δὲ
736 2097 852 2174 καὶ
920 2095 1272 2195 ἀλλήλων
1344 2094 1438 2175 τά
1492 2092 1708 2198 βάρη,
1774 2098 1891 2175 καὶ
1957 2104 2337 2198 τηροῦντες
2397 2105 2443 2141 “
2471 2092 2603 2193 τὴν
2629 2129 2756 2194 Eph.
2775 2130 2842 2179 iv.
2860 2144 2910 2203 ἃ.

228 2223 266 2261 “
296 2215 581 2318 ἑνότητα
660 2227 788 2300 τοῦ
858 2219 1256 2317 πνεύματος
1321 2221 1399 2300 ἐν
1458 2225 1562 2327 τῷ
1619 2218 2012 2326 συνδέσμῳ
2066 2223 2195 2319 τῆς
2255 2216 2599 2322 εἶρήνης.”

150 2363 206 2421 15
227 2341 426 2427 οὕτως
477 2342 671 2441 ἡμᾶς
726 2340 1196 2450 προσελάβετο
1253 2345 1371 2422 καὶ
1421 2344 1462 2423 5
1515 2340 1702 2426 Θεὸς
1757 2346 1831 2421 ἐν
1886 2346 2216 2448 Χριστῷ·
2288 2342 2405 2421 καὶ
2460 2340 2603 2445 γάρ

229 2463 408 2544 ἐστιν
440 2464 725 2623 ἀληθὴς
770 2467 994 2550 οὕτως
1029 2466 1452 2567 ἠγαπῆσθαι
1503 2465 1630 2546 τὸν
1668 2463 1946 2566 κόσμον
1982 2464 2197 2547 εἶπων
2233 2464 2432 2568 παρὰ
2475 2473 2603 2545 τοῦ

228 2593 400 2672 Θεοῦ
452 2594 568 2671 καὶ
617 2588 927 2693 Πατρὸς,
963 2587 1151 2670 ὥστε
1210 2626 1325 2670 και
1373 2589 1588 2671 αὑτὸν
1624 2590 1814 2740 οὑπερ
1858 2592 2058 2691 ἡμῶν
2102 2592 2439 2671 δεδόσθαι
2474 2589 2602 2671 τὸν
2626 2609 2843 2724 δὲδοω-
2865 2608 2939 2658 ¹ii·

228 2711 409 2793 Υἱόν·
484 2716 769 2796 δέδοται
827 2713 971 2816 γὰρ
1032 2718 1158 2815 τῆς
1213 2712 1550 2794 ἁπάντων
1601 2717 1805 2816 ἡμῶν
1863 2715 2041 2820 ζωῆς
2096 2714 2599 2816 ἀντάλλαγμα,
2695 2711 2706 2723 ’

229 2839 328 2915 και
379 2838 695 2918 θανάτου
757 2835 889 2936 τὴν
944 2837 1418 2940 καταλλαγὴν
1472 2838 1897 2944 ἐσχήκαμεν,
1953 2841 2070 2919 καὶ
2125 2837 2437 2920 θανάτου
2485 2841 2601 2916 καὶ

148 2987 207 3026 20
228 2959 550 3063 ἁμαρτίας
586 2960 1206 3063 ἐκλελυτρῶμεθα.
1281 2964 1399 3041 καὶ
1433 2962 1561 3040 τόν
1596 2996 1679 3062 γε
1717 2965 1846 3062 τῆς
1883 2963 2283 3061 οἰκονομίας
2318 2959 2601 3040 σκοπὸν

228 3083 674 3166 διαλευκαίνει
749 3083 987 3185 λέγων
1060 3082 1332 3193 Χριστόν
1395 3082 1793 3188 γεγενῆσθαι
1871 3081 2202 3166 διάκονοί
2242 3081 2598 3189 περιτομῆς
2622 3126 2728 3163 ver.
2748 3114 2795 3163 8.

227 3205 365 3313 ὑπερ
415 3207 765 3305 ἀληθείας,
808 3242 922 3287 και
979 3204 1072 3287 τά
1126 3207 1319 3314 εξῆς.
1399 3206 1637 3305 ἐπειδὴ
1671 3206 1815 3311 γὰρ
1851 3216 1997 3293 τοῖς
2039 3207 2401 3288 Ἰουδαίων
2446 3241 2590 3288 πα·

225 3327 419 3427 τράσι
462 3330 1049 3436 προεπήγγελται
1091 3329 1383 3428 &⁶59‚“
1344 3365 1454 3411 οτι
1497 3366 1613 3412 και
1666 3331 2050 3433 εὑλογήσει
2095 3331 2181 3412 τὸ
2230 3332 2318 3440 ἐξ
2364 3331 2599 3410 αὑτῶν

228 3450 543 3551 ἐσόμενον
622 3489 919 3557 σπερμα
991 3456 1107 3534 καὶ
1173 3457 1346 3535 ὡσεὶ
1433 3452 1573 3534 ·τά
1637 3489 1878 3555 αστρα
1942 3463 2069 3535 τοῦ
2134 3456 2435 3558 οὐρανοῦ
2497 3460 2598 3563 τῷ
2624 3479 2757 3529 Heb.
2775 3481 2842 3529 xi.
2864 3495 2938 3529 η.

153 3582 266 3655 ²5“
291 3576 605 3678 πλήθει,”
668 3576 1005 3684 ταύτῃτοι
1052 3576 1440 3684 πεφηνεν’
1404 3613 1480 3658 εν
1526 3582 1746 3681 σαρκὶ
1795 3581 1913 3658 καὶ
1966 3579 2259 3682 γέγονεν
2313 3580 2591 3682 ἄνθρω-

228 3726 368 3796 πος,
409 3703 597 3787 Θεὸς
642 3702 984 3806 ὑπάρχων
1027 3704 1067 3781 5
1103 3702 1365 3803 Λόγος,
1416 3701 1628 3785 αὐτὸς
1677 3700 1778 3780 ὧν
1815 3704 1856 3781 5
1890 3709 2140 3782 πᾶσαν
2184 3701 2316 3802 τὴν
2364 3703 2601 3782 κτίσιν

231 3822 330 3899 καὶ
362 3827 454 3908 εἶς
488 3823 576 3906 τὸ
614 3821 793 3905 εἶναι
828 3826 1172 3930 συνέχων,
1206 3829 1321 3905 καὶ
1358 3822 1442 3905 τὸ
1479 3825 1557 3905 εὖ
1591 3821 1768 3904 εἶναι
1803 3832 1950 3910 τοῖς
1985 3826 2194 3905 οὖσιν
2225 3823 2601 3924 ἀπονέμων

230 3943 311 4026 ὧς
344 3948 544 4032 Θεός·
614 3946 797 4048 ἦλθε
844 3947 919 4028 δὲ
968 3955 1064 4033 εἷς
1109 3945 1311 4029 τόνδε
1358 3947 1485 4028 τὸν
1523 3948 1802 4048 κόσμον
1844 3946 2026 4047 μετά
2074 3948 2368 4051 σαρκὸς,
2404 3947 2601 4048 πλὴν

228 4064 300 4142 Οὔ
349 4073 848 4172 διακονηθῆναι
903 4078 1194 4170 μᾶλλον
1256 4073 1443 4153 καθά
1513 4079 1748 4179 φησιν
1807 4071 2043 4164 αὐτὸς,
2108 4082 2152 4119 “
2174 4073 2375 4152 ἀλλά
2437 4077 2588 4153 δια·
2625 4096 2674 4144 S·
2693 4095 2880 4144 Matth-

150 4207 209 4263 30
230 4196 266 4232 ‘⁶
297 4196 586 4291 κονῆσαι
650 4196 769 4274 καὶ
845 4198 1087 4274 δοῦναι
1150 4191 1284 4295 τὴν
1346 4193 1599 4303 ψυχὴν
1664 4198 1882 4277 αὑτοῦ
1939 4198 2364 4301 ἀντίλυτρον
2424 4195 2598 4300 ὑπὲρ
2623 4178 2705 4210 xx.
2727 4161 2801 4208 ω’

294 4421 371 4461 22.
408 4408 522 4466 Ine.
541 4411 752 4483 Ἐπειδὴ
775 4412 867 4468 οὖν
888 4415 997 4468 τοῖς
1020 4414 1087 4468 A.
1135 4438 1167 4469 ο
1375 4430 1460 4484 23.
1499 4415 1582 4469 καὶ
1607 4433 1717 4470 om.
1741 4416 1811 4471 A.
2105 4431 2190 4482 24.
2226 4415 2309 4468 καὶ
2335 4411 2488 4483 ὡσεὶ]
2518 4414 2598 4466 καὶ

232 4471 365 4541 θήσει
387 4480 511 4536 dm)
533 4482 606 4537 A.
867 4481 1063 4538 26-28.
1100 4485 1392 4542 οὗτὸς-ὦς
1415 4487 1547 4542 Θεὸς
1572 4503 1680 4541 om.
1708 4487 1776 4540 A.
2046 4503 2130 4558 29.
2168 4488 2372 4556 μᾶλλον
2394 4500 2504 4537 om.
2531 4489 2599 4536 Α.

234 4558 310 4612 30.
344 4551 703 4609 καλ--πολλων
724 4572 832 4609 om.
853 4555 922 4610 A.
