3269 5166
333 400 359 467 [
462 400 584 468 M]
636 303 764 367 190
966 303 1046 370 Β.
1093 303 1474 369 CYRILLI
1526 303 2061 369 ALEXANDR.
2117 302 2683 368 FRAGMENTA
2858 303 2948 366 vi.
2972 317 3033 386 5.

385 415 439 451 11
527 436 540 449 .

632 477 750 554 καὶ
774 474 1053 577 Πατὴρ,
1078 477 1206 556 οὐκ
1243 477 1334 583 ἐξ
1365 478 1622 557 οἰκείου
1657 475 1788 575 μὲν
1824 480 1952 576 τῆς·
1986 477 2099 582 ἐφ’
2133 474 2410 555 ἅπασιν
2442 476 2789 578 ἐνεργείας
2816 475 3037 554 αὑτοῦ

631 596 759 678 τὸν
795 598 994 679 Υὶόν·
1045 604 1104 680 εἷ
1139 597 1283 703 γὰρ
1319 597 1559 681 πάντα
1595 601 1850 702 γε’γονε
1889 602 1974 678 δι’
2015 601 2254 698 αὐτοῦ,
2289 606 2443 683 πῶς·
2481 598 2572 678 ἂν
2607 597 3038 678 ἐνδοιάσειέν

631 756 740 807 τις
801 726 899 806 ὦς·
960 723 1303 827 ἐνήργηκε
1356 722 1481 818 διὰ
1542 728 1725 805 ’Υἱοῦ
1785 726 1903 804 καὶ
1962 726 2180 804 αὐτοῦ
2241 732 2371 805 τοῦ
2426 724 2635 826 ἁγίου
2693 723 3039 822 σώματος

633 845 798 958 τὴνο
824 845 1286 946 ἀνάστασιν;
1368 852 1484 929 καὶ
1548 857 1725 952 γοῦν
1783 851 1824 928 ὁ
1875 845 2050 931 Υἱὸς
2109 846 2399 951 ἐνεργὸν
2456 854 2555 930 εἰς
2610 854 2822 927 τοῦτο
2884 852 3033 927 δει-

295 982 507 1097 ξῶῡῦΰ-
531 981 584 1031 ii·
634 969 799 1055 κνῦς
871 970 1141 1071 ἑαυτὸν,
1208 980 1357 1057 τοῖς
1427 973 1797 1058 Ἰουδαίοις
1871 973 2147 1075 ἔφασκε
2225 982 2267 1019 “
2289 972 2584 1051 Λύσατε
2659 969 2788 1052 τὸν
2864 969 3040 1051 ναὸν
3062 987 3097 1049 5

331 1063 380 1115 ⁹⁶
634 1104 678 1142 “
713 1103 988 1193 τοῦτον,
1026 1099 1145 1175 καὶ
1193 1099 1269 1176 ἐν
1302 1101 1541 1200 τρισὶν
1580 1097 1869 1197 ἡμεραις
1919 1099 2143 1198 ἐγερῶ
2193 1094 2476 1175 αὐτόν.”
2545 1095 2745 1198 ἄθρει
2782 1093 2874 1196 δὴ
2912 1097 3041 1175 οὖν

630 1217 827 1304 ὅπως
875 1218 1085 1303 αὐτὸς
1134 1221 1425 1324 ἐγείρειν
1461 1216 1991 1323 ἐπαγγέλλεται
2026 1218 2153 1300 τὸν
2190 1219 2368 1300 ἴδιον
2405 1216 2597 1317 ναὸν,
2633 1221 2863 1299 καίτοι
2906 1229 3040 1300 τοῦ

403 1360 482 1415 12
510 1357 606 1415 Π.
631 1346 823 1422 Θεοῦ
876 1345 994 1422 καὶ
1034 1340 1328 1447 Πατρός·
1383 1346 1798 1444 ἀναστῆσαι
1850 1342 2268 1444 λεγομένου·
2340 1341 2578 1441 ἐπειδὴ
2634 1342 2778 1445 γάρ
2835 1346 3041 1423 ἐστιν

630 1466 844 1550 αὐτὸς
892 1467 939 1566 ἦ
991 1466 1332 1574 ζωοποιὸς
1387 1468 1682 1569 δύναμις·
1741 1476 1868 1548 τοῦ
1907 1472 2099 1547 Θεοῦ
2154 1471 2271 1546 καὶ
2312 1464 2623 1569 Πατρὸς,
2673 1465 2803 1546 τὸν
2861 1467 3042 1548 ἴδιον

628 1588 984 1692 ἐζωοποίει
1020 1589 1215 1672 ναόν.
3063 1614 3130 1655 10

570 1848 607 1908 5
790 1829 861 1897 Εἰ
918 1832 1036 1922 τὰρ
1092 1835 1414 1922 σίμφυτοι
1468 1836 1820 1910 Γετόναμεν
1866 1835 1963 1919 τῷ
2015 1831 2384 1911 ὁμοιώματι
2437 1837 2551 1900 τοῦ
2603 1834 2891 1899 θανάτου

1612 1960 1812 2024 αὐτοῦ
1858 1972 2054 2024 κ.τ.λ.

742 2129 1036 2233 Χρῆναί
1074 2136 1305 2237 φησιν
1346 2133 1387 2211 ὃ
1426 2131 1816 2214 θεσπέσιος
1858 2135 2156 2214 Παῦλος
2200 2126 2363 2214 τοὺς
2414 2131 3041 2229 συντεθαμμένους

630 2257 937 2361 Χριστῷ
973 2257 1093 2334 καὶ
1138 2252 1835 2354 συναναστήσεσθαι
1880 2257 2318 2357 προσδοκᾶν·
2395 2255 2510 2333 καὶ
2556 2251 2640 2333 τὸ
2675 2253 2807 2353 μὲν
2852 2255 3039 2362 σύμ-

630 2394 847 2485 φυτοι,
885 2377 970 2458 τὸ
1020 2382 1229 2461 οἱονεὶ
1273 2378 1705 2484 σύμμορφοί
1746 2414 1824 2458 τε
1873 2383 1990 2457 καὶ
2034 2382 2448 2462 ταυτοειδεΐς
2499 2385 2765 2478 νοητῶς
2809 2381 3041 2479 ὖπεμ-
3065 2407 3134 2468 15

632 2500 917 2606 φήνειεν
956 2502 1067 2586 ἄν.
1120 2501 1320 2605 πλὴν
1356 2505 1574 2582 ἐκεῖνο
1610 2508 2019 2605 περιαθρεΐν
2054 2503 2460 2605 ἀναγκαῖον·
2521 2502 2826 2581 τέθεικεν
2863 2503 3045 2606 ὑπὲρ

628 2624 832 2723 ἡμῶν
885 2623 1019 2725 τὴν
1073 2629 1325 2708 ἑαυτοῦ
1380 2627 1633 2734 ψυχὴν
1690 2629 1730 2707 ὁ
1783 2624 2254 2726 Ἐμμανουήλ
2312 2631 2429 2705 καὶ
2485 2627 2793 2707 ἀπέθανε
2857 2627 3044 2708 κατὰ

629 2746 891 2852 σάρκα·
940 2751 1492 2850 συντεθάμμεθα
1520 2751 1595 2831 δὲ
1624 2752 1818 2859 αὐτῷ
1838 2750 1998 2831 τίνα
2022 2748 2111 2850 δὴ
2137 2747 2409 2854 τρόπον
2433 2750 2633 2849 ἡμεῖς·
2662 2755 2727 2829 οἱ
2754 2757 3046 2844 βεβαπ-

627 2874 984 2973 τισμένοις
1047 2872 1187 2978 ἆρα
1211 2878 1305 2958 ὡς
1331 2872 1766 2959 ἀνατλάντες
1805 2874 1947 2955 σὺν
1970 2875 2162 2980 αὐτῷ
2187 2871 2316 2954 τὸν
2343 2877 2470 2972 τῆς
2499 2872 2774 2977 σαρκὸς
2803 2874 3035 2953 θάνα-

623 3030 800 3094 τον;
860 3000 1224 3098 οὐμενοῦν.
1281 3005 1436 3082 πῶς
1474 2999 1599 3078 οὖν
1637 3001 1779 3100 ἄρα
1828 3003 2168 3105 σύμφυτοι
2219 3000 2593 3105 γεγόναμεν
2644 3005 2736 3105 τῷ
2786 3000 3036 3103 ὄμοιῶ-
3069 3031 3145 3073 20

622 3157 800 3226 ματι
845 3124 957 3203 τοῦ
993 3121 1275 3203 θανάτου
1314 3125 1534 3219 αὐτοῦ,
1574 3122 1749 3229 φέρε
1789 3120 1877 3221 δὴ
1914 3123 2087 3229 φέρε
2126 3121 2476 3225 λέγωμεν·
2554 3121 2866 3202 ἀπέθανε
2909 3120 3045 3220 μὲν

620 3243 768 3347 γὰρ
819 3244 1004 3325 κατὰ
1050 3244 1294 3348 σάρκα
1331 3245 1679 3348 Χριστὸς,
1718 3245 1835 3326 ἵνα
1887 3246 2086 3350 λύσῃ
2134 3252 2264 3324 τοῦ
2307 3244 2588 3343 κόσμου
2623 3244 2757 3345 τὴν
2792 3246 3037 3348 ἀμαρ-

620 3368 796 3448 τίαν·
855 3368 1407 3471 ἀποθνήσκομεν
1444 3367 1520 3448 δὲ
1558 3371 1755 3470 ἡμεῖς·
1791 3372 1874 3450 οὐ
1909 3367 2096 3449 κατά
2126 3403 2210 3471 γε
2245 3364 2379 3467 τὴν
2416 3368 2680 3470 σάρκα·
2740 3368 2979 3449 πόθεν
3005 3401 3027 3467 ;

290 3500 455 3565 snpra
469 3514 572 3549 ver.
627 3491 828 3573 ἀλλὰ
881 3500 973 3600 τῇ
1029 3497 1360 3602 ἁμαρτίᾳ,
1402 3492 1589 3574 καθὰ
1644 3494 2064 3597 γέγραπται,
2103 3492 2479 3573 τουτέστιν
2521 3496 2742 3595 ἀεργῆ
2788 3527 2868 3573 τε
2919 3497 3043 3573 καὶ

628 3617 996 3722 ἄπρακτον
1071 3622 1146 3699 ἐν
1201 3621 1472 3702 ἑαυτοῖς
1537 3618 2057 3724 ἀποφαίνοντες
2121 3615 2254 3717 τὴν
2319 3616 2671 3720 ἁμαρτίαν
2733 3615 2852 3696 διὰ
2910 3627 3044 3699 τοῦ
3072 3646 3149 3707 25

291 3764 401 3815 001.
417 3765 488 3815 iii·
507 3778 555 3830 5·
628 3751 1105 3848 κατανεκροῦν
1161 3754 1203 3791 “
1225 3741 1318 3822 τὰ
1371 3738 1561 3842 μέλη
1618 3741 1711 3821 τὰ
1764 3744 1879 3822 ἐπὶ
1934 3745 2063 3840 τῆς
2116 3744 2274 3842 γῆς,
2310 3740 2669 3842 πορνείαν,
2705 3734 3039 3845 ἆκαθαρ-

628 3877 674 3915 “
709 3869 900 3963 σίαν,
949 3867 1200 3964 πάθος,
1238 3867 1613 3965 ἐπιθυμίαν
1653 3862 1903 3965 κακὴν,
1954 3867 2069 3945 καὶ
2118 3862 2251 3963 τὴν
2286 3861 2774 3970 πλεονεξίαν.”
2845 3863 3038 3970 σύμ-

632 4008 826 4099 φυτοι
890 3989 980 4091 δὴ
1045 3992 1171 4069 οὖν
1229 3989 1646 4094 γεγόναμεν,
1707 3991 1866 4095 οὐχὶ
1933 3986 2021 4089 δὴ
2086 3986 2309 4087 μόνον
2370 3994 2475 4095 τῷ
2538 3986 2722 4068 κατὰ
2795 3985 3045 4093 σάρκα

709 4211 759 4249 1.
792 4192 1136 4264 ἐξοικειοῦμεν
1160 4192 1275 4248 Mai
1299 4193 1392 4266 qui
1415 4193 1651 4249 codicem
1680 4212 1842 4249 suum
1866 4194 1957 4248 οὐκ
1981 4194 2042 4263 ἐξ
2065 4193 2254 4248 οἰκείου
2274 4192 2371 4262 μὲν
2393 4190 2642 4247 exhibere
2666 4188 2815 4247 dicit.
2859 4193 2956 4248 οὐκ
2979 4193 3042 4266 ἐξ

633 4264 827 4319 ἐκείνου
849 4264 944 4332 μὲν
970 4262 1035 4318 Β.
1491 4284 1543 4335 9.
1580 4266 1672 4321 τὸν
1695 4274 2036 4336 assumptum
2060 4282 2126 4319 ex
2151 4264 2216 4319 B.
2682 4279 2765 4334 13.
2803 4265 3041 4334 ὁμοίωμα

632 4335 854 4391 θανάτου
877 4337 907 4388 ὁ
932 4338 1163 4405 Χριστοῦ
1195 4335 1430 4397 θάνατος,
1457 4337 1542 4390 διὰ
1575 4338 1637 4391 τὸ
1668 4336 1738 4407 μὴ
1761 4335 2192 4407 ἇπομεμενηκέναι
2224 4334 2475 4406 αὗτὸντῷ
2507 4333 2710 4407 θανάτῳ
2733 4334 2877 4389 ἀλλὰ
2912 4336 3038 4391 ἅνα-

628 4408 814 4473 βιῶναι
848 4403 1121 4476 τριήμερον
1156 4424 1186 4461 ο
1222 4405 1339 4460 Cat.
1369 4405 1599 4462 Oecum.
1638 4405 1725 4461 hic
1761 4407 1974 4462 exhibet
2010 4406 2225 4495 Migne..
2292 4404 2422 4459 Non
2454 4412 2635 4459 autem
2666 4405 2901 4475 pertinet
2931 4406 3039 4470 hic,

632 4476 858 4533 test-ibus
893 4476 1046 4532 libris
1117 4477 1173 4531 ui
1208 4477 1559 4548 praemittunt
1595 4480 1688 4532 τοῦ
1722 4476 1874 4549 ἁγίου
1910 4479 2161 4548 κυρίλλου
2195 4498 2252 4530 εν
2284 4478 2358 4547 τῷ
2394 4474 2466 4532 ιβ’
2488 4475 2689 4548 βιβλίῳ
2730 4474 2815 4548 [ἐκ
2850 4481 2948 4533 τοῦ
2982 4480 3041 4544 ιβ

629 4551 796 4621 λόγου
819 4551 912 4605 τοῦ
939 4547 1075 4604 Cod.
1125 4546 1322 4619 'innit.]
1349 4549 1475 4604 κατὰ
1500 4549 1780 4605 ἷουλιανοῦ.
2167 4563 2253 4602 21.
2291 4546 2517 4618 λέγομεν
2539 4545 2609 4600 Β.
