3269 5166
250 345 426 417 xviii.
456 367 565 418 21.
639 352 755 418 IN
800 354 868 421 S.
902 355 1421 423 JOANNEM.
1500 357 1692 423 LIB.
1729 358 1852 424 XI.
1931 358 2137 424 CAP.
2168 358 2330 423 XII.
2580 358 2661 420 35

228 514 584 620 ·πρόωρον
649 516 903 623 ὥσπερ
975 519 1474 627 ἐπενεγκόντες
1543 522 1679 624 τὴν
1744 516 2077 619 κόλασιν,
2140 527 2491 627 περιττῶς·
2562 521 2665 601 ἔτι

248 637 544 742 ζητοῦσι
597 641 692 723 τὰ
746 647 1199 746 πταίσματα.
1293 651 1367 728 τί
1407 649 1649 729 τοίνυν
1686 651 1919 756 φησὶν
1955 649 2203 759 ἐρωτᾷς
2254 649 2371 727 καὶ
2420 651 2663 729 καλεῖς
2686 656 2731 721 d

247 767 343 849 εἷς
377 766 794 871 ἀπολογίαν
827 768 957 850 τὸν
994 770 1133 872 ἤδη
1177 769 1509 854 παθόντα
1551 770 1688 873 τὴν
1725 772 2008 879 ἔφοδον,
2044 771 2550 875 πρεσβυτέραν
2586 804 2662 849 τε

246 895 389 969 τῶν
447 890 774 999 ἐλέγχων
833 894 1162 1001 λαχόντα
1227 895 1361 997 τὴν
1419 897 1814 1001 τιμωρίαν;
1893 903 2348 1000 προσβαλεῖς
2406 891 2484 976 δὲ
2547 895 2667 974 καὶ

184 1026 219 1086 5
244 1013 496 1116 ἑτερως
553 1024 702 1103 τοῖς
758 1018 1165 1123 εἰρημένοις.
1247 1026 1314 1102 οἶ
1367 1019 1844 1123 μεμισηκότες
1900 1020 2058 1123 ἤδη,
2099 1023 2310 1128 φησὶ,
2349 1022 2467 1100 καὶ
2510 1024 2667 1103 ταῖς

243 1139 430 1219 οὕτω
476 1142 739 1228 δειναῖς
787 1144 1097 1242 ἀτιμίαις
1146 1145 1780 1248 περιβεβληκότες,
1814 1146 1942 1227 ε’ίτι
1992 1180 2132 1248 περ
2181 1144 2467 1247 λέγοιμι
2519 1150 2667 1224 τῶν

241 1264 393 1343 κατ’
439 1265 771 1367 ἐμαυτὸν,
828 1269 960 1349 οὐκ
1015 1269 1107 1351 ἂν
1157 1269 1341 1355 ἰ’σως
1395 1270 1782 1371 ὀκνήσαιεν
1836 1275 1951 1350 καὶ
2006 1268 2093 1351 τὸ
2149 1268 2389 1377 ψεύδη
2443 1274 2654 1363 βοᾶν.

241 1386 500 1469 οὐκοῦν
555 1390 758 1496 παρὰ
810 1397 940 1494 τῆς
995 1392 1252 1498 ἐτέρων
1306 1393 1742 1477 διδάσκεσθε
1798 1397 2065 1502 φωνῆς.
2159 1391 2665 1496 ἀταλαίπωρος

241 1521 623 1600 παντελῶς
658 1523 805 1597 τῶν
838 1517 1224 1623 μαρτύρων
1259 1521 1305 1621 ἦ
1343 1516 1664 1623 ζήτησις·
1726 1520 1871 1600 οἵδε
1921 1517 2066 1623 γὰρ
2117 1518 2469 1623 γεγόνασι
2516 1523 2663 1598 τῶν

150 1657 221 1697 ¹0
242 1637 432 1737 ἐμῶν
467 1638 808 1741 κατήκοοι
857 1640 1129 1747 λόγων.
1209 1646 1327 1725 καὶ
1364 1652 1598 1746 νομιεῖ
1623 1647 1754 1745 μέν
1791 1680 1899 1732 τις
1935 1642 2178 1751 τυχὸν,
2216 1642 2326 1725 ὅτι
2373 1643 2665 1747 καρδίας

245 1759 443 1848 εἰδὼς
494 1768 619 1845 καὶ
669 1764 995 1872 νεφροὺς,
1034 1768 1362 1877 ὖπέδειξέ
1404 1803 1601 1853 τινας
1652 1777 1799 1850 τῶν
1832 1767 2399 1873 παρεστηκότων
2443 1770 2540 1853 ὦς
2587 1771 2666 1849 ἐκ

245 1895 370 1967 τοῦ
413 1887 965 1996 παρατυχόντος
1017 1891 1605 1997 ἀκροασαμένους
1662 1895 1902 1975 αὐτοῦ.
1975 1890 2061 1974 τὸ
2115 1889 2194 1974 δέ
2247 1893 2385 1997 οὐχ
2441 1892 2668 1975 οὕτως

247 2009 406 2117 ἔχει.
485 2015 864 2123 παρέδειξε
922 2015 1069 2120 γάρ
1116 2051 1313 2101 τινας
1347 2024 1494 2097 τῶν
1532 2004 1926 2122 ὑπηρετῶν,
1963 2016 2032 2098 οἳ
2081 2020 2200 2097 καὶ
2248 2015 2479 2097 πάλαι
2531 2015 2666 2114 τὴν

246 2139 409 2240 παρ’
462 2140 690 2219 αὐτοῦ
752 2137 1053 2247 διδαχὴν
1105 2139 1624 2241 τεθαυμάκασι,
1682 2144 1802 2223 καὶ
1862 2148 2020 2226 πῶς
2078 2139 2124 2243 ἢ
2183 2138 2381 2237 πότε,
2436 2136 2665 2221 πάλιν

158 2277 225 2336 15
250 2266 463 2343 εἰπεῖν
527 2265 925 2366 ἀναγκαῖον
986 2264 1164 2369 ὑπὲρ
1231 2265 1634 2373 σαφηνείας
1694 2272 1841 2346 τῶν
1897 2265 2306 2370 εἰρημένων.
2406 2264 2664 2344 οὐκοῦν
2687 2283 3001 2342 alozoA.

248 2385 457 2472 αὐτὸς
502 2388 682 2489 ἡμῖν
719 2390 974 2469 οὑτοσὶ
1018 2390 1248 2471 πάλιν
1284 2391 1326 2470 ὃ
1373 2389 1763 2474 θεσπέσιος
1811 2385 2373 2493 Εὐαγγελιστὴς
2430 2387 2656 2467 λελά-

250 2513 429 2613 ληκέ
472 2547 548 2595 τι
604 2520 953 2614 τοιοῦτον,
988 2516 1086 2599 ὦς
1133 2513 1617 2622 ἐξηγουμένου
1665 2514 1843 2598 ποτὲ
1896 2523 2026 2596 τοῦ
2073 2518 2411 2619 Σωτῆρος
2462 2513 2666 2614 ἡμῶν

249 2638 604 2740 Χριστοῦ,
641 2640 760 2722 καὶ
813 2646 966 2723 τοῖς
1019 2639 1692 2741 συνδεδραμηκόσιν
1727 2639 2099 2724 Ἰουδαίοις
2153 2638 2282 2720 τὸν
2325 2642 2487 2742 περὶ
2538 2642 2666 2739 τῆς

251 2766 390 2841 τῶν
454 2763 786 2867 οὐρανῶν
846 2763 1231 2861 βασιλείας
1299 2764 1881 2848 διαπτύσσοντος
1955 2762 2206 2867 λόγον,
2264 2763 2664 2865 διεπρίοντο

161 2911 231 2951 20
251 2884 470 2967 πάλιν
524 2892 596 2968 οἱ
650 2893 799 2968 τῶν
846 2888 1258 2969 Ἰουδαῖκῶν
1314 2887 1710 2991 ταγμάτων
1763 2886 2166 2990 ἡγούμενοι,
2225 2889 2343 2967 καὶ
2398 2884 2665 2989 θερμὸν

254 3008 354 3089 ἐπ’
392 3012 590 3120 αὐτῷ
627 3045 757 3092 τον
794 3010 1072 3120 φθόνον
1110 3012 1571 3112 ὧδίνοντες,’
1536 3047 1617 3093 εκ
1654 3010 1884 3112 μέσου
1920 3018 2148 3093 ποιεῖν
2185 3008 2653 3112 ἐσπούδαζον.

256 3134 442 3235 λέγει
494 3134 574 3217 δὲ
626 3170 852 3221 ουτως
901 3139 943 3217 ὃ
979 3136 1538 3241 Εὖαγγελιστής
1574 3147 1618 3184 “
1652 3137 1797 3216 Καὶ
1834 3135 2274 3218 ἀπέστειλαν
2310 3168 2376 3214 οι
2412 3138 2651 3239 ἀρχιε·
2749 3150 2945 3277 §31³2

256 3265 466 3361 “ρεῖς
502 3261 628 3341 καὶ
665 3266 734 3341 οὶ
770 3265 1233 3367 Φαρισαῖοι
1197 3259 1550 3365 υπηρέτας
1587 3297 1702 3343 ινα
1737 3259 2113 3343 πιάσωσιν
2148 3255 2404 3340 αυτόν.’
2409 3260 2656 3339 ’ἀλλ’

257 3382 347 3464 ὡς
389 3382 628 3469 πολυς
677 3388 797 3466 καὶ
846 3385 1119 3491 μακρὸς
1159 3389 1200 3468 ὃ
1245 3385 1448 3490 παρὰ
1484 3394 1612 3467 τοῦ
1650 3390 1990 3487 Σωτῆρος
2037 3386 2241 3486 ἡμῶν
2284 3383 2663 3492 ἐξετείνετο
2686 3406 2730 3472 b

172 3534 236 3595 25
259 3506 492 3608 λόγος,
557 3514 627 3591 οἶ
687 3509 889 3614 παρὰ
945 3517 1093 3592 τῶν
1148 3512 1514 3592 Ἰουδαίων
1569 3511 2109 3609 ἀπεσταλμένοι
2181 3516 2329 3593 τοῖς
2406 3507 2664 3593 ἄλλοις

261 3623 481 3713 ἅπασι
516 3634 1053 3734 συνεπείθοντο,
1091 3637 1210 3716 καὶ
1245 3633 1739 3736 τεθαυμάκασι
1774 3634 2003 3716 πλέον
2039 3635 2224 3739 ἥπερ
2270 3667 2379 3718 τις
2426 3632 2664 3735 ἕτερος

259 3760 393 3834 τῶν
426 3757 836 3839 τελούντων
873 3795 971 3844 εις
1007 3758 1299 3866 οχλους.
1381 3759 1576 3864 λέγει
1626 3758 1702 3839 δὲ
1751 3793 1938 3839 ουτω
1975 3755 2272 3840 πάλιν’
2240 3792 2281 3837 ο
2320 3758 2657 3861 Εὐαγγε·

261 3881 506 3983 λιστῆς
559 3893 603 3931 “
628 3878 930 3964 Ἦλθον
984 3885 1112 3965 οὖν
1167 3889 1234 3965 οὶ
1291 3882 1631 4036 ὑπηρέται
1684 3917 1868 3987 προς
1922 3917 2089 3967 τους
2146 3885 2491 3987 ἀρχιερεῖς
2546 3887 2664 3965 καὶ
2753 3897 2833 3947 Ib-
2860 3908 2960 3959 45-

262 4008 303 4047 “
336 4008 797 4110 Φαρισαίους,
853 4042 970 4089 και
1028 4006 1232 4091 εἷπον
1290 4011 1530 4092 αὐτοῖς
1594 4010 1842 4088 ἐκεῖνοι
1898 4007 2122 4088 Διατί
2171 4006 2301 4085 οὐκ
2355 4004 2659 4108 ἠγάγετε
2753 3975 2834 4026 ⁴⁷

175 4151 241 4206 30
263 4134 304 4173 ‘⁴
336 4130 549 4212 αὐτόν
584 4164 604 4227 ;
696 4133 1194 4236 ἀπεκρίθησαν
1273 4138 1339 4213 οἱ
1425 4132 1766 4237 ὑπηρέται
1849 4131 2218 4212 Οὐδέποτε
2299 4128 2664 4231 ἐλάλησεν

266 4259 305 4297 “
339 4256 558 4342 οὕτως
614 4257 1014 4361 ἅνθρωπος.
1114 4259 1611 4362 ἀπεκρίθησαν
1660 4257 1789 4337 οὖν
1847 4256 2082 4340 αὐτοῖς
2147 4261 2213 4335 οἱ
2275 4260 2663 4357 Φαρισαῖοι

268 4385 306 4422 “
342 4377 471 4478 Μὴ
511 4386 626 4462 καὶ
665 4383 859 4484 ὑμεῖς
908 4383 1387 4482 πεπλάνησθε
1417 4384 1482 4480 ;”
1543 4381 1817 4466 ἀκούεις
1875 4379 2070 4464 ὅπως
2124 4379 2657 4477 ἀναπεπεισμέ-
2686 4424 2722 4466 0

276 4631 349 4684 24.
384 4623 520 4692 παρὰ
544 4622 611 4678 Ε.
635 4623 756 4692 περὶ
784 4621 887 4677 Ed.
1074 4623 1161 4678 26.
1198 4626 1328 4694 ἤπερ
1353 4619 1652 4677 emendavi.
1678 4619 1823 4692 εἴπερ
1849 4619 1953 4675 Ed.
2142 4632 2227 4688 27.
2266 4620 2409 4671 οὔπω
2437 4616 2565 4687 (sic)
2598 4616 2663 4671 E.

1400 4723 1437 4767 F
1468 4722 1506 4769 2
