3269 5166
618 313 752 377 228
851 313 931 377 Β.
977 312 1357 378 CYRILLI
1407 310 1940 377 ALEXANDR.
1995 309 2562 374 FRAGMENTA
2657 310 2744 372 ix.
2777 321 3008 391 15-19.

310 421 567 489 [assi-J

618 493 716 574 ὡς
773 486 979 588 Θεὸς,
1036 489 1179 596 ἔφη
1238 486 1386 593 γάρ
1440 523 1586 570 που
1640 487 1825 592 πρὸς
1877 488 2207 568 Μωυσέα
2252 488 2549 582 Ἐλεήσω
2599 524 2664 568 ον
2710 483 2796 565 Er
2841 481 3016 565 ἐλεῶ

617 648 739 693 και
781 615 1146 721 οἰκτειρήσω
1176 616 1243 695 ὀν
1276 613 1359 695 οἷν
1398 616 1707 722 οἴκτειρε-ν,
1728 619 1884 697 πῶς
1917 614 2052 717 οὔχ
2087 609 2381 712 ἁπάσης
2416 610 2623 690 ἔσται
2658 612 3012 708 διαβολῆς

612 735 813 822 ἐκτὸς
866 736 951 816 τὸ
1013 741 1309 843 χρῆμα·
1287 799 1311 833 ,
1390 736 1955 841 προαναθρήσας
2008 736 2088 817 δὲ
2145 733 2342 835 οἶμαι
2393 740 2658 840 σαφῶς
2714 734 2758 812 5
2817 731 3005 813 ἀπό·

612 869 888 945 στολος
946 863 1044 944 ῶς
1108 860 1300 966 τάχα
1356 896 1499 941 που
1555 861 1931 960 οἶήσονταί
1984 894 2168 945 τινες
2227 857 2530 958 νεύμασι
2587 864 2736 942 τοῖς
2797 859 3012 940 θείοις

615 980 780 1069 τοῦς
832 983 964 1083 μὲν
1005 981 1179 1064 εἶναι
1231 983 1569 1087 ἀγαθοὺς,
1623 983 1790 1068 τοῦς
1844 983 1920 1064 δὲ
1975 987 2302 1081 ἀπειθεῖς,
2339 984 2739 1085 ἀναγκαίως
2793 981 3010 1066 αὐτὸς
3039 989 3077 1050 5

615 1108 1091 1214 ἀνθυποφέρει
1138 1108 1232 1189 τὰ
1280 1111 1361 1189 ἐκ
1407 1114 1535 1208 τῆς
1583 1110 1866 1189 ἐκείνων
1907 1108 2215 1207 ἀμαθίας
2262 1108 2387 1186 καί
2427 1114 2659 1213 φησιν
2682 1104 2869 1215 ’Ἄρα
2909 1103 3013 1186 οὖν

618 1238 686 1312 οὐ
735 1236 847 1314 τοῦ
889 1231 1177 1318 θέλοντος
1217 1228 1358 1313 οὐδὲ
1400 1235 1511 1313 τοῦ
1545 1231 1884 1339 τρέχοντος
1918 1231 2127 1312 ἄλλα
2160 1235 2272 1312 τοῧ
2325 1233 2652 1316 ἐλεοῦντος
2689 1231 2886 1310 Θεοῦ·
2950 1235 3011 1310 εἶ

614 1357 758 1461 γὰρ
793 1357 882 1458 δὴ
918 1358 1306 1457 μεμίσηται
1340 1355 1471 1456 μὲν
1506 1358 1547 1435 5
1583 1358 1836 1435 Ἡσαῦ
1871 1357 1989 1435 καὶ
2023 1355 2193 1457 πρίν
2226 1390 2297 1435 τι
2334 1353 2601 1458 δράσαι
2628 1360 2775 1434 τῶν
2808 1353 3002 1460 φαύ-

379 1505 464 1562 87
494 1502 590 1560 11.
614 1491 790 1578 λων,
821 1483 1186 1581 τετίμηται
1222 1479 1298 1560 δὲ
1335 1483 1453 1559 καὶ
1486 1478 1630 1583 πρὸ
1668 1483 1795 1579 τῆς
1832 1485 1930 1565 εἰς
1964 1476 2050 1559 τὸ
2087 1475 2260 1559 εἶναι
2293 1476 2614 1583 παρόδου
2650 1480 2691 1557 5
2715 1473 3008 1574 Ἰακὼβ,

612 1606 800 1684 ἐλεεῖ
848 1604 923 1684 δὲ
974 1606 1199 1684 πάλιν
1254 1603 1375 1687 οῦς
1426 1605 1633 1700 ε’λεεῖ,
1678 1610 1834 1688 πῶς
1887 1603 2016 1684 οὒκ
2071 1605 2291 1683 ἐκεῖνο
2346 1602 2607 1683 λοιπὸν
2658 1608 3010 1704 περινοεῖν
3041 1628 3117 1669 10

612 1728 848 1835 ἀξιον,
914 1731 1010 1813 ὡς
1070 1726 1270 1807 οὐδὲν
1325 1727 1649 1828 ὀνίνησιν
1703 1728 1745 1805 5
1794 1726 2066 1832 τρέχων
2124 1724 2171 1828 ἢ
2231 1725 2489 1824 θέλων,
2537 1725 2912 1806 τουτέστιν
2966 1726 3010 1803 5

613 1851 882 1956 δράσαι
925 1886 995 1932 τι
1035 1858 1181 1930 τῶν
1217 1853 1511 1953 ἀγαθῶν
1547 1850 2153 1954 προθυμούμενος,
2195 1848 2598 1955 ἀπήρτηται
2648 1847 2723 1928 δὲ
2768 1848 3012 1930 πάντα

611 1974 706 2055 τὰ
739 1976 905 2055 καθ’
944 1977 1129 2075 ἡμᾶς
1167 1981 1313 2054 τῶν
1347 1973 1547 2079 παρὰ
1583 1980 1776 2054 Θεοῦ
1813 1973 2222 2074 νευμάτων,

725 2095 907 2177 Εἶτα
948 2101 1222 2183 τούτοις
1258 2100 1672 2203 ἐπισωρευει
1727 2101 1843 2178 καὶ
1897 2097 1991 2177 τὰ
2045 2101 2598 2201 προσεμπεδοῦν
2653 2095 3013 2195 δυνάμενα

386 2269 489 2304 ver
512 2262 589 2316 17·
612 2219 746 2322 τὴν
799 2223 913 2302 ἐπὶ
962 2227 1141 2329 τῶδε
1198 2221 1420 2330 δόξαν
1457 2223 1579 2302 καί
1625 2228 1815 2330 φησι
1854 2219 2055 2325 Λεγει
2100 2258 2239 2332 γαρ
2276 2226 2312 2317 ἦ
2354 2217 2593 2331 γραφῆ
2637 2230 2731 2329 τῷ
2765 2218 3012 2325 Φαραῶ
3045 2249 3120 2309 15

610 2343 705 2424 ’ὅτι
782 2353 875 2432 εἰς
939 2345 1099 2427 αὐτο
1165 2349 1347 2427 τοῦτο
1413 2344 1715 2455 ἐξήγειρά
1778 2380 1858 2426 σε
1922 2346 2107 2431 ὅπως
2169 2342 2551 2453 ἐνδείξωμαι
2613 2345 2674 2424 ἐν
2733 2353 2840 2424 σοὶ
2904 2340 3016 2436 &v

612 2465 882 2575 δύναμίν
923 2497 1080 2574 μου·
1157 2469 1605 2573 προσεπάγει
1654 2466 1732 2548 δὲ
1780 2468 2055 2553 τούτοις
2100 2466 2185 2548 τὸ
2240 2469 2449 2548 οἱονεὶ
2508 2468 3017 2570 συμπέρασμα

379 2635 484 2669 vor.
508 2621 585 2671 18.
608 2601 736 2673 τοῦ
789 2593 1059 2677 παντὸς
1112 2594 1630 2697 προβλήματος
1687 2595 1813 2673 καί
1857 2601 2090 2700 φησιν
2112 2590 2298 2702 Ἀροι
2346 2630 2445 2674 ουν
2479 2594 2543 2673 ‘ov
2579 2590 2750 2672 θελει
2809 2593 3011 2684 ἐλεει,

384 2718 675 2800 ver-19-ov
712 2711 784 2798 δὲ
833 2714 999 2798 θελει
1054 2717 1416 2824 σκληρύνει·
1486 2719 1642 2827 ερέῖς
1692 2755 1790 2799 ουν
1829 2754 1948 2825 μοι
1983 2720 2073 2798 Τί
2120 2753 2213 2797 ετι
2264 2715 2670 2824 μέμφεταις
2729 2723 2824 2823 τῷ
2870 2752 3016 2821 γάρ

609 2843 997 2948 βουλήματι
1057 2845 1257 2921 αὐτοῦ
1310 2844 1414 2926 τίς
1469 2839 1863 2937 ἀνθεστηκε·
1848 2882 1865 2936 ς
1933 2842 2040 2926 τίς
2095 2842 2222 2920 οὖν
2274 2839 2418 2943 ἄρα
2472 2840 2770 2942 γέγονεν
2815 2840 3017 2946 αὐτῷ
3045 2870 3125 2910 20

608 2968 737 3064 τῆς
796 2965 1194 3068 ἀπολογίας
1249 2966 1288 3044 5
1342 2962 1656 3069 τρόπος·
1634 3026 1658 3063 ,
1745 2962 2185 3073 ἀσυμφανῆς
2242 2965 2374 3062 μὲν
2439 2965 2630 3060 λίαν,
2688 2967 2803 3042 καὶ
2862 2972 3018 3049 τοῖς

609 3089 777 3191 παρ’
829 3090 1108 3168 ἐκείνων
1161 3087 1644 3191 προβλήμασι
1701 3088 1892 3195 τάχα
1943 3122 2087 3168 που
2142 3092 2258 3167 καὶ
2311 3087 2690 3186 ἐπαμύνειν
2747 3091 3007 3166 δοκῶν·

609 3212 811 3311 πλὴν
847 3215 1188 3316 ἀποχρῶν
1223 3217 1321 3296 εἰς
1373 3213 1901 3319 πληροφορίαν,
1937 3215 2032 3296 ὡς
2087 3211 2216 3291 οὐκ
2270 3210 2362 3290 ἀν
2415 3209 2691 3314 γένοιτό
2743 3245 2816 3292 τι
2866 3218 3018 3292 τῶν

610 3332 752 3440 ἔξω
801 3332 1027 3437 λόγου
1074 3344 1203 3416 τοῦ
1251 3335 1647 3439 πρέποντος
1690 3334 1891 3439 παρὰ
1929 3341 2140 3415 Θεοῦ·
2199 3333 2506 3433 διανέμει
2544 3333 2686 3438 γὰρ
2723 3334 3015 3444 ἑκάστῳ

610 3455 696 3535 τὸ
749 3457 1023 3561 πρέπον
1059 3460 1275 3566 αὐτῷ,
1315 3461 1770 3562 κατοικτείρει
1825 3494 1903 3539 τε
1958 3462 2077 3539 καὶ
2133 3460 2324 3538 ἐλεεῖ
2371 3457 2538 3544 τοὺς
2579 3456 2683 3542 οἷς
2728 3455 2824 3538 ἂν
2868 3462 3007 3560 ἀρ-
3045 3494 3126 3556 25

610 3577 837 3680 μόσαι
889 3581 973 3662 τὸ
1016 3585 1372 3663 ἐλεεῖσθαι
1428 3587 1593 3681 δεῖν,
1633 3581 1972 3689 ὑποφέρει
2027 3581 2104 3662 δὲ
2158 3584 2383 3666 δίκαις
2438 3581 2565 3663 τὸν
2619 3583 3016 3685 ἀλιτήριον,

612 3706 740 3785 οῦκ
804 3703 1009 3791 εὐθὺς
1075 3708 1194 3787 καὶ
1258 3705 1444 3786 κατὰ
1500 3704 1693 3787 πόδα
1763 3713 1908 3787 τῶν
1966 3704 2406 3804 αἶτιαμάτων
2469 3707 3017 3807 ἀκολουθούσης

610 3830 851 3931 ὀργῆς,
901 3829 1539 3933 προεισβαλούσης
1595 3828 1673 3910 δὲ
1729 3836 2024 3928 μᾶλλον
2076 3836 2355 3932 μακρᾶς
2409 3829 2871 3935 ἀνεξικακίας,
2914 3832 3016 3914 ὥς

611 3950 914 4031 οἴεσθαί
942 3985 1086 4032 που
1132 3952 1328 4038 τινὰς
1383 3958 1502 4034 καὶ
1556 3955 1944 4059 ἀφειδῆσαι
1999 3952 2261 4033 λοιπὸν
2318 3959 2465 4032 τῶν
2518 3955 2635 4033 ἐπὶ
2691 3957 2820 4051 τῆς
2873 3959 3015 4055 γῆς

613 4072 742 4153 τὸν
803 4073 1012 4155 Θεόν.
1104 4076 1478 4183 ἀντεξάγει
1543 4076 1632 4177 δὴ
1693 4079 1818 4158 ουν
1888 4078 1929 4156 5
2005 4083 2327 4173 Παῦλος,
2387 4079 2504 4156 καὶ
2567 4081 2716 4160 τοῖς
2785 4079 3015 4157 ἐκεῖνα
3042 4111 3126 4170 30

692 4229 735 4267 1.
775 4211 894 4282 ε’λεῆ
898 4235 977 4268 σω
1001 4212 1062 4268 ὃν
1083 4214 1147 4269 ἂν
1169 4215 1301 4270 ἐλεῶ
1324 4233 1433 4272 om.
1456 4216 1526 4270 A.
1849 4233 1901 4271 2.
1934 4216 2085 4271 ἔσται
2109 4215 2361 4284 διαβολῆς
2384 4213 2553 4286 ἐκτὸς]
2581 4215 2831 4284 διαβολῆς
2852 4217 3016 4287 τυχὸν

615 4281 811 4339 ἐκτὸς
781 4306 930 4338 εστ-αι
953 4284 1023 4338 A.
1236 4287 1287 4340 8.
1314 4287 1378 4378 δὴ
1402 4305 1510 4341 om.
1534 4289 1604 4343 A.
1692 4290 1723 4341 ὁ
1747 4296 2088 4377 assumptum
2111 4287 2251 4340 οιΑ
2483 4303 2536 4356 9.
2563 4287 2646 4339 καὶ
2668 4296 3016 4356 assumptum

615 4371 680 4409 ex
707 4354 774 4408 A.
1029 4355 1110 4410 18.
1148 4355 1368 4428 θε’λει]“
1341 4379 1405 4412 αν
1427 4356 1553 4426 θέλῃ
1577 4358 1648 4412 A.
1902 4371 1988 4425 25.
2024 4357 2128 4429 γὰρ
2153 4325 2270 4427 pro·
2275 4378 2332 4412 τε
2355 4356 2424 4410 Α.
2530 4354 2593 4409 ἂν
2614 4355 2844 4442 ἁρμόσαι
2868 4356 3014 4411 edidi

614 4434 739 4495 poet
765 4424 971 4496 Migne.
996 4422 1059 4480 ἂν
1081 4425 1286 4496 ἁρμόσῃ
1312 4428 1378 4481 A.
1376 4428 1691 4519 ἀναρμόσω
1717 4426 1820 4481 Ed.
2279 4425 2365 4480 26.
2402 4428 2493 4481 τὸν
2513 4425 2603 4480 ἀλι
2603 4447 2783 4497 τηριον
2805 4444 2916 4481 om.
2941 4429 3013 4481 A.

740 4495 904 4551 πόδας
928 4496 997 4551 A.
1092 4497 1182 4553 τὰς
1205 4498 1447 4568 τιμωρίας
1469 4514 1568 4568 pro
1590 4497 1977 4566 ἀκολουθούσης
2000 4497 2160 4569 ὀργῆς
2184 4497 2253 4553 A.
2327 4496 2520 4552 Statim
2543 4496 2919 4568 προλαβονσης
2943 4499 3013 4553 A.

692 4566 800 4620 .δὲ
825 4583 930 4621 om.
958 4568 1025 4622 A.
1314 4585 1399 4638 29.
1435 4571 1640 4637 μᾶλλον
1662 4586 1760 4639 pro
1782 4570 1969 4623 λοιπὸν
1991 4519 2131 4623 Am
2165 4570 2256 4638 τῆς
2279 4585 2387 4623 om.
2414 4569 2483 4623 A.
