3269 5166
351 414 384 466 6
588 319 718 381 246
984 316 1062 379 B.
1104 315 1489 380 CYRILLI
1544 316 2084 381 ALEXANDR.
2141 317 2401 382 FRAG.
2491 318 2619 382 xiv.
2653 319 2752 395 16,
2786 337 2869 384 20
2892 339 2985 402 sq.

275 416 351 482 [4
407 415 527 479 Μ-]

586 480 916 587 ἐξουσίας
973 486 1117 559 τῶν
1172 482 1534 579 ἐδωδίμων
1589 484 1633 582 ἡ
1689 487 1977 588 χρῆσις*
2065 490 2215 567 τοῖς
2269 482 2495 585 γεμὴν
2550 484 2750 563 οὔπω
2805 481 2989 584 πρὸς

586 612 798 684 τοῦτο
861 602 1148 706 γνώμης
1206 607 1532 706 ἱγμένοις,
1590 609 1792 687 οὔπω
1840 607 1972 705 μὲν
2027 604 2310 709 καθαρὰ
2368 605 2552 686 κατὰ
2607 604 2691 685 τὸ
2749 606 2990 688 αὐτοῖς

586 731 841 807 δοκοῦν
894 727 1079 832 ἔχειν
1130 730 1385 831 ὀρθῶς,
1430 727 1633 810 κοινά
1684 730 1781 828 δέ,
1834 730 1944 811 ὅτι
2001 765 2103 809 σκ
2138 730 2160 759 ’
2190 766 2249 810 ει
2300 765 2456 814 πως
2505 731 2746 813 αὐτοῖς
2805 727 2991 832 πρὸς

586 850 926 951 ἀλήθειαν
961 854 1002 932 ὃ
1040 861 1228 936 νοῦς.

484 1101 555 1158 16
843 1095 955 1161 Mc·
1015 1096 1526 1184 βλασφημείσθω
1580 1095 1695 1163 οὖν
1751 1098 1934 1175 ὑμῶν
1988 1098 2065 1167 τὸ
2120 1098 2383 1174 ἅπαθον·
2458 1098 2535 1163 οὐ
2592 1099 2711 1187 Γάρ
3019 1118 3057 1179 5

701 1259 833 1358 Μὴ
893 1261 1435 1361 κατεπαιρέσθω
1501 1268 1647 1341 τῶν
1711 1265 2040 1341 ἀσθενῶν
2113 1262 2157 1362 ἡ
2221 1268 2367 1342 τῶν
2431 1262 2989 1359 εὐδοκιμούντων

587 1382 1032 1484 λαμπρότης,
1088 1383 1267 1484 μήτε
1323 1382 1398 1466 re?
1452 1384 1708 1488 ἀγαθὸν
1763 1383 1961 1492 ὑμῶν,
2016 1386 2348 1465 τουτέστι
2396 1385 2482 1465 τὸ
2532 1385 2990 1492 ἀξιάγαστον

584 1511 679 1590 εἰς
714 1508 985 1605 πίστιν,
1022 1508 1583 1616 βλασφημείσθω
1618 1507 1802 1612 πρός
1840 1536 2050 1592 τινος·
2121 1511 2204 1588 οὐ
2248 1507 2394 1612 γάρ
2430 1513 2558 1608 τῆς
2596 1508 2990 1611 θεαρέστου

582 1632 946 1713 πολιτείας
1003 1630 1095 1709 τά
1156 1631 1678 1734 κατορθώματα
1738 1632 1856 1712 διὰ
1913 1633 2263 1734 βρώσεως
2317 1631 2610 1735 γένοιτο,
2669 1635 2828 1713 οὔτε
2888 1635 2989 1715 ὡς

585 1753 933 1854 θεοσεβὴς
991 1788 1032 1833 ο
1087 1764 1400 1839 τοιοῦτος
1455 1760 1584 1856 τῆς
1642 1763 1787 1836 τῶν
1847 1758 2168 1860 οὐρανῶν
2215 1756 2598 1852 βασιλείας
2654 1756 2875 1863 ἄξιος,
2923 1762 2988 1835 εἰ
3024 1791 3106 1831 10

585 1877 1001 1977 ἀδιακρίτως
1049 1880 1273 1958 ἐσθίει
1328 1877 1421 1958 τὰ
1478 1878 2024 1982 παρατιθέμενα,
2063 1882 2231 1959 ἀλλ’
2287 1913 2328 1958 ο
2378 1880 2992 1982 συγκαταβαίνων

584 2002 673 2106 τῇ
738 2007 882 2079 τῶν
945 2003 1274 2082 ἀσθενῶν
1329 2006 1675 2109 ἀδελφῶν
1730 2003 2071 2083 ἀσθενεία
2129 2006 2247 2082 καὶ
2304 2003 2768 2108 ἀπεχόμενος.
2867 2037 2988 2082 και

583 2123 728 2226 γὰρ
783 2131 841 2204 εὶ
900 2128 1013 2206 καὶ
1062 2126 1439 2233 ἐμέμψατο
1488 2132 1592 2234 τῷ
1641 2128 1897 2234 Πέτρω
1948 2131 2044 2210 ὡς
2101 2132 2464 2211 ὶουδαικῶς
2519 2125 2817 2230 ζησάντι
2867 2127 2990 2206 διὰ

248 2275 428 2326 Gaui.
454 2290 525 2325 ια.
585 2248 749 2333 τοὺς
806 2248 1149 2334 ἐλθόντας
1204 2257 1301 2334 εἶς
1347 2248 1798 2354 Ἀντιόχειαν
1841 2249 1986 2332 ἀπὸ
2031 2249 2407 2348 Ἰακώβου,
2465 2253 2549 2330 οὐ
2609 2250 2726 2330 διὰ
2772 2260 2991 2331 τοῦτο

585 2371 959 2477 ἐμέμψατο
1003 2372 1112 2453 ὅτι
1154 2374 1569 2475 συγκατέβη
1617 2381 1707 2478 τῇ
1756 2375 2091 2482 ἀσθενείᾳ
2127 2381 2271 2453 τῶν
2318 2377 2396 2453 ἐκ
2440 2378 2828 2478 περιτομῆς
2867 2379 2990 2453 καὶ
3023 2417 3046 2454 1
3062 2413 3106 2473 5

587 2498 917 2603 ἀπείχετο
961 2495 1388 2601 βρωμάτων,
1424 2499 1594 2578 ἀλλ’
1638 2533 1749 2578 οτι
1785 2498 2113 2582 πολλους
2164 2498 2376 2582 ὄντας
2427 2533 2594 2583 τους
2628 2499 2719 2607 ἐξ
2761 2501 2990 2579 ἐθνῶν

586 2622 946 2725 παρέσυρε
1001 2629 1104 2731 τῷ
1149 2623 1555 2729 ἀξιοπίστῳ
1601 2631 1731 2703 τοῦ
1777 2624 2181 2725 προσώπου
2217 2625 2472 2703 ἑαυτοῦ
2508 2628 2604 2708 εἰς
2651 2625 2737 2703 τὸ
2776 2623 2986 2720 νομί-

587 2779 717 2824 σαι
755 2780 865 2824 οτι
910 2746 1050 2850 χρὴ
1088 2745 1271 2826 κατὰ
1320 2744 1541 2844 νόμον
1574 2746 1726 2849 ζῆν,
1765 2781 1880 2825 και
1930 2752 2026 2830 εἷς
2064 2745 2265 2826 οὐδὲν
2302 2748 2496 2856 αὐτῶ
2534 2781 2617 2826 το
2656 2746 2992 2849 κήρυγμα

587 2876 845 2973 χωρεῖν
878 2871 1324 2949 ἐκινδύνευεν·
1400 2869 1489 2970 ἦν
1527 2869 1672 2973 γὰρ
1710 2872 1936 2950 ἐθνῶν
1973 2867 2433 2986 διδάσκαλος.

371 3150 447 3190 20
475 3150 557 3208 sq-
688 3136 908 3201 Πάντα
970 3136 1088 3212 μὲν
1160 3135 1280 3223 Γάρ
1354 3138 1631 3227 καθαρὰ,
1689 3138 1861 3202 ἀλλὰ
1927 3138 2126 3204 κακὸν
2185 3141 2281 3223 τῷ
2338 3134 2673 3226 ἀνθρώπῳ
2723 3141 2820 3223 τῷ
2879 3137 2990 3203 διὰ
3023 3165 3113 3204 20

1357 3279 1864 3365 προσκόμματος
1916 3275 2216 3345 ἐσθίοντι.

687 3440 1000 3550 Ἔξεστι
1060 3448 1191 3547 μὲν
1252 3446 1396 3551 γάρ
1459 3453 1573 3528 καὶ
1643 3450 1802 3555 κρίσι
1864 3453 2117 3556 φαγεῖν
2176 3451 2293 3528 καὶ
2356 3446 2504 3528 οἶνον
2561 3453 2754 3545 πιεῖν,
2815 3449 2989 3526 ἀλλ’

590 3569 717 3647 οὐκ
773 3569 1082 3651 εἰσάπαν
1137 3569 1433 3675 ἀζήμιον
1491 3572 1537 3670 ἡ
1592 3575 1667 3651 ἐν
1725 3573 2001 3656 τούτοις
2055 3571 2374 3678 ἐξουσία.
2471 3571 2674 3651 ἀλλά
2730 3578 2847 3652 καὶ
2903 3572 2992 3652 τὸ

589 3694 988 3798 ἀπέχεσθαι
1052 3695 1435 3799 χρήσιμον,
1500 3696 1617 3775 ἵνα
1681 3695 1780 3796 μὴ
1845 3695 1977 3796 τὴν
2034 3694 2274 3798 σάρκα
2336 3697 2775 3800 παχύνοντες
2834 3703 3000 3780 ταῖς

590 3825 915 3922 τρυφαῖς,
978 3817 1070 3898 τὰ
1123 3823 1197 3898 ἐν
1260 3820 1441 3925 αὐτῇ
1493 3820 1657 3900 καθ’
1713 3823 1983 3900 ἑαυτῶν
2032 3820 2590 3926 ἐξαγριαίνωμεν
2638 3820 2858 3918 πάθη.
2930 3826 2993 3900 εἰ
3023 3849 3116 3911 25

593 3940 718 4018 οὖν
762 3941 1043 4020 ἐκείνων
1094 3945 1177 4022 δι’
1218 3942 1506 4027 ἑαυτοὺς
1556 3941 1990 4049 ἀπεχόμεθα,
2041 3947 2306 4051 πολλῷ
2353 3949 2646 4041 μᾶλλον
2697 3944 2814 4022 διὰ
2864 3941 2998 4024 τὸν

254 4071 421 4134 8ΨῚ*
445 4068 552 4119 ¹¹¹¹·
593 4062 937 4170 ἀδελφόν*
996 4067 1113 4146 ἵνα
1160 4067 1260 4164 μὴ
1308 4065 1742 4172 προσκόπτῃ
1798 4066 1915 4146 διὰ
1967 4065 2052 4147 τὸ
2090 4065 2457 4170 εἰρημένον
2493 4077 2539 4114 “
2563 4067 2999 4169 Ἀγαπήσεις

596 4199 637 4234 “
674 4188 802 4270 τὸν
837 4188 1158 4290 πλήσιον
1196 4224 1338 4270 σου
1381 4193 1479 4275 ὡς
1513 4188 1892 4270 σεαυτόν.”

668 4444 714 4480 1.
752 4424 886 4480 οὕτω
913 4424 1038 4495 (sic)
1066 4426 1133 4478 A.
1364 4450 1375 4461 ·
1452 4443 1502 4481 2.
1540 4426 1764 4497 ἱγμένοις
1789 4427 1855 4480 Α.
1883 4425 2120 4496 ἠγμένοις
2147 4426 2248 4481 Ed.
2563 4444 2615 4496 3.
2653 4449 2766 4484 πως
2788 4446 2898 4483 om.
2925 4429 2997 4484 A.

590 4513 643 4568 5.
688 4496 835 4551 Haec
862 4496 972 4551 duo
998 4513 1132 4566 quae
1157 4507 1457 4567 sequuntur
1484 4496 1685 4552 scholia
1709 4497 1867 4551 nobis
1893 4496 2198 4568 suppeditat
2223 4498 2271 4551 A
2297 4516 2351 4568 p.
2377 4497 2478 4567 627
2506 4508 2558 4552 et
2583 4496 2705 4567 632.
