3269 5166
293 1026 471 1078 Ennii.
486 1041 534 1093 9.

631 352 718 414 56
1241 351 1317 416 B.
1368 351 1790 416 cYRILLI
1847 350 2438 417 ALEXANDR.
2593 350 3036 437 xviii.38,39.

628 517 745 592 καὶ
804 515 1498 617 δυσπαρακόμιστον
1543 522 1645 602 εἰς
1696 515 1783 598 τὸ
1838 525 2132 624 φρονεῖν
2175 516 2450 599 ἐθέλειν
2492 517 2746 619 ὀρθῶς,
2781 514 3037 616 ἐπείγει

627 638 1005 742 χρησίμως
1041 643 1201 728 Πῖίς
1249 651 1281 723 ὃ
1332 639 1416 722 ἂν
1458 645 1539 724 ἐκ
1592 641 1710 738 τῆς
1763 640 2088 736 ἀληθείας
2141 640 2368 724 ἀκούει
2423 678 2556 746 μου
2609 638 2728 735 τ’ἧς
2779 638 3027 747 ‹pc-1⁹35.

626 762 1147 866 εὐπαρσῖδεκτος
1199 763 1345 868 γὰρ
1396 770 1526 866 τῆς
1574 766 1917 866 ἀληθείας
1965 768 2008 846 ὁ
2060 763 2283 869 λόγος
2329 772 2480 849 τοῖς
2525 764 2665 865 ἤδη
2711 762 3045 862 μαθοῦσί

624 921 706 967 τε
759 892 878 969 καὶ
931 890 1317 991 ἀγαπῶσιν
1373 888 1617 990 αὐτὴν,
1667 898 1817 976 τοῖς
1873 890 1951 971 δὲ
2005 889 2110 990 μὴ
2162 890 2527 988 τοιούτοις,
2577 889 2832 969 οὐκέτι.
2912 892 3034 968 καὶ

626 1020 807 1113 γοῦν
869 1014 913 1093 ὁ
976 1013 1362 1119 προφήτης
1423 1011 1678 1117 ἔλεγεν
1729 1013 2053 1099 Ἡσαΐας
2115 1013 2296 1119 πρός
2358 1048 2557 1097 τινας
2611 1023 2655 1062 “
2690 1010 2873 1093 Ἐὰν
2927 1011 3032 1113 μὴ
3057 1034 3094 1095 5

628 1145 673 1184 “
706 1139 1169 1238 πιστεύσητε,
1230 1139 1384 1218 οὐδ’
1447 1141 1531 1220 οὐ
1590 1139 1694 1239 μὴ
1766 1139 2100 1240 συνῆτε.”
2188 1136 2231 1219 ὃ
2295 1142 2415 1219 καὶ
2487 1135 2693 1221 εὐθὺς
2763 1137 3031 1237 ἀληθὲς

628 1259 955 1365 ὑπάρχον
991 1259 1491 1347 ἀποδεικνὺς
1458 1297 1499 1342 ο
1540 1262 1867 1347 Πιλάτος
1911 1263 2054 1370 εφη
2090 1265 2184 1344 Τί
2220 1263 2393 1344 ἔστιν
2426 1259 2748 1357 αλῆθειοις
2809 1295 3030 1365 ονπερ

627 1416 773 1487 γαρ
819 1381 1093 1487 τρόπον
1134 1392 1283 1470 τοῖς
1332 1383 1466 1486 τὴν
1508 1395 1640 1466 τοῦ
1692 1387 2036 1486 σώματος
2090 1385 2272 1492 ὄψιν
2320 1386 3031 1485 λελωβημένως,και

626 1506 1125 1588 ἐκπεπτωκόσι
1186 1516 1561 1595 παντελῶς
1633 1515 1763 1611 τῆς
1831 1512 1916 1590 δι’
1983 1510 2393 1614 ὀφθαλμῶν
2455 1507 2890 1609 αίσθήσεως,
2954 1513 3031 1590 ἐν

627 1631 858 1710 οὐδενὶ
910 1630 1241 1712 τέτακται
1294 1633 1775 1731 παντελῶς,”
1734 1668 1917 1715 οσον
1965 1634 2136 1735 ἧκεν
2185 1639 2282 1720 εἰς
2331 1634 2654 1738 εὖχροίας
2704 1633 3028 1732 δύναμιν,
3058 1667 3122 1708 ιο

628 1788 743 1834 και
796 1790 856 1835 ει
909 1754 1193 1861 χρυσόν
1235 1792 1344 1841 τις
1396 1760 1936 1861 παρακομίσειε,
1972 1761 2093 1840 καὶ
2138 1792 2198 1839 ει
2245 1755 2587 1862 λαμπρον
2629 1761 2748 1838 καὶ
2794 1757 3032 1839 πολύ-

292 1896 548 1952 104οΔ.
569 1913 607 1953 a
625 1913 834 1980 τιμον
866 1881 1210 1988 ἐπιδείξαι
1245 1881 1481 1963 λίθον·
1542 1881 1747 1962 ἀλλὰ
1781 1885 1901 1964 καὶ
1935 1882 2113 1963 αὐτὸ
2146 1887 2275 1983 τῆς
2309 1881 2521 1982 ἡλίου
2554 1886 3030 1987 μαρμαρυγῆς

513 3017 591 3076 39

546 3253 589 3316 b

549 4327 583 4371 0

624 2004 1100 2100 ἀθαύμαστον
1181 2005 1388 2087 ἔσται
1468 2002 1553 2085 τὸ
1644 2012 1824 2114 φῶς,
1898 2007 2233 2107 οὐδεμίαν
2304 2005 2655 2107 αἴσθησιν
2724 2006 3030 2091 ἐνιέντας

623 2130 866 2214 αὐτοῖς
901 2138 1032 2211 τοῦ
1066 2128 1515 2234 πράγματος,
1552 2129 1779 2233 ἤγουν
1816 2130 2236 2213 ἀπόνασθαί
2271 2165 2462 2215 τινος
2505 2136 2653 2210 τῶν
2688 2128 3029 2211 τοιούτων

621 2251 812 2360 ἐξόν·
875 2257 1062 2335 οὕτω
1100 2263 1246 2340 τοῖς
1294 2255 1543 2360 ἔχουσι
1591 2256 2108 2359 πεπηρωμένον
2143 2255 2272 2336 τὸν
2307 2264 2475 2336 νοῦν
2510 2254 3026 2355 ἀκαλλεστάτη
3057 2290 3118 2345 15

620 2410 730 2462 τις
793 2375 970 2459 εἶναι
1033 2382 1233 2458 δοκεῖ
1285 2382 1403 2459 καὶ
1463 2379 1796 2478 δυσειδὴς
1857 2381 1904 2480 ἡ
1963 2379 2285 2480 ἀλήθεια,
2341 2378 2572 2460 καίτοι
2631 2379 2892 2480 νοητήν
2948 2414 3022 2459 τε

620 2504 739 2582 καὶ
810 2503 1011 2582 θείαν
1072 2502 1553 2606 μαρμαρυγὴν
1623 2511 1780 2589 ταῖς
1851 2510 2000 2585 τῶν
2072 2494 2407 2610 ὁρώντων
2472 2504 2695 2605 αὐτὴν
2757 2505 3025 2586 ἐνιεῖσα

619 2631 915 2732 ψυχαῖς.

623 2870 741 2937 Καὶ
792 2878 987 2939 τοῦτο
1040 2870 1247 2940 εἰπὼν
1300 2875 1498 2939 πάλιν
1550 2874 1793 2944 ἐξῆλθε
1846 2875 2012 2965 πρὸς
2065 2873 2219 2942 τοὺς
2256 2872 2638 2954 Ἰουδαίους,
2686 2873 2794 2938 καί
2847 2875 3023 2950 &kl-et

721 2995 948 3067 αὐτοῖς
977 3000 1158 3077 ’Et-<b
1201 2999 1514 3080 οὐδεμίαν
1559 2999 1843 3092 εὑρίσκω
1878 3001 1950 3067 ὲν
1998 3002 2180 3087 αὐτῷ
2227 2997 2465 3068 αἰτίαν.
2523 3000 2661 3067 ἔστι
2710 2999 2784 3065 δὲ
2831 3001 3025 3067 συνή-
3053 3028 3120 3066 20

716 3139 859 3192 θεια
931 3122 1078 3203 ὑμῖν
1152 3127 1258 3193 ἵνα
1329 3129 1446 3193 ἕνα
1520 3125 1786 3203 δέσμιον
1858 3128 2177 3193 ἀπολύσω
2248 3122 2394 3205 ὑμῖν
2464 3127 2536 3191 ὲν
2606 3128 2704 3210 τῷ
2781 3125 3018 3213 πάσχα·

716 3254 1026 3328 βούλεσθε
1079 3250 1193 3318 οὖν
1246 3251 1567 3319 ἀπολύσω
1619 3248 1767 3329 ὑμῖν
1819 3251 1934 3319 τὸν
1989 3255 2257 3332 βασιλέα
2310 3251 2444 3320 τῶν
2487 3250 2875 3334 Ἰουδαίων,

727 3429 856 3507 Εἰς
929 3422 1330 3524 κατάκριμα
1403 3428 1533 3523 τῆς
1593 3423 1962 3505 Ἰουδαίων
2024 3423 2451 3531 ἀφιλοθεΐας
2513 3457 2590 3504 τε
2656 3426 2840 3525 ὁμοῦ
2904 3427 3025 3505 καὶ

612 3545 1002 3647 ὠμότητος,
1048 3544 1181 3646 τὴν
1225 3554 1353 3626 τοῦ
1401 3551 1675 3630 δικαίου
1724 3551 1843 3630 καὶ
1891 3547 2293 3652 πρέποντος
2332 3547 2768 3655 προΐσχεται
2820 3555 3016 3651 γνῶ·

610 3705 758 3769 σιν,
804 3673 845 3752 ὅ
900 3668 1001 3772 μὴ
1060 3677 1211 3755 τοῖς
1265 3672 1477 3756 θείοις
1531 3672 1957 3773 μαθήμασιν
2015 3675 2366 3778 ἐπαυχῶν,
2416 3673 2888 3777 ἀνθρωπίνων
2941 3670 3034 3752 δὲ
3049 3703 3122 3762 ²5
3221 3707 3222 3716 ¹

611 3794 876 3903 φύλαξ
920 3794 1427 3900 διορισμάτων,
1469 3799 1585 3875 καὶ
1643 3793 1742 3875 ὧν
1792 3801 2025 3899 δῶρον
2075 3794 2219 3902 εἶχε
2274 3795 2409 3896 τὴν
2456 3794 2709 3901 ἀρχὴν,
2745 3795 3027 3875 τούτων

612 3916 722 3999 ὅτι
770 3919 858 4020 δὴ
904 3918 1235 4019 μάλιστα
1283 3918 1378 4000 τὰ
1428 3921 1903 4019 θεσπίσματα
1951 3920 2530 4021 δυσωπούμενος.
2613 3917 2653 4000 ὃ
2697 3917 3022 4021 δρῶντοίς

611 4077 689 4122 τε
753 4048 869 4124 καὶ
935 4051 1229 4148 φρονεῖν
1288 4044 1670 4141 ἑλομένους
1732 4042 1899 4129 τοὺς
1959 4051 2106 4125 τῶν
2159 4045 2572 4126 Ἰουδαῖκῶν
2626 4041 3020 4147 ταγμάτων

609 4166 1038 4270 καθηγητὰς,
1089 4166 1179 4268 ἦν
1226 4165 1317 4248 ἂν
1371 4167 1603 4270 δήπου
1659 4171 1777 4248 καὶ
1830 4169 1998 4250 λίαν
2053 4168 2239 4254 εἰκὸς
2294 4168 2428 4270 τὴν
2481 4178 2610 4250 τοῦ
2666 4167 3022 4265 διαβόλου

607 4289 852 4394 πάγην
908 4290 1397 4391 ὑπεκθέοντας,
1449 4296 1567 4374 καὶ
1621 4291 1707 4374 τὸ
1766 4301 1913 4374 τῶν
1969 4294 2225 4374 ἄλλων
2280 4291 2619 4375 ἁπάντων
2665 4293 3014 4397 μυσαρῶ-
3049 4317 3130 4375 30
3221 4335 3222 4364 1

607 4528 729 4653 λ’8.
748 4526 852 4654 ἐπεὶ
877 4542 986 4581 om.
1016 4525 1080 4582 E.
1454 4544 1541 4583 20.
1576 4525 1745 4600 Ἐγὼ]
1782 4533 1835 4594 -Ι-
1866 4527 1923 4583 δὲ
1953 4527 2016 4583 Ε.
2327 4563 2332 4570 -
2392 4544 2479 4583 21.
2517 4526 2773 4584 ἀπολύσω
2799 4528 2867 4585 Ε.
2889 4529 3022 4584 ἀπο-

647 4622 718 4654 υω
839 4639 849 4652 .
