3269 5166
601 360 718 417 618

681 543 1093 601 Eucharistiam
1125 542 1470 599 saevientem
1491 542 1547 597 in
1569 559 1750 597 mern·

679 641 797 698 bris
825 642 1010 697 carnis
1048 640 1237 714 legem
1275 640 1442 713 sopit,
1473 638 1530 694 in
1559 639 1747 695 Deum

678 739 948 813 pietatem
1006 736 1261 801 exardet,
1317 755 1423 793 nos
1478 744 1749 810 tanquam

679 836 936 892 infirmos
963 844 1124 891 sanat
1156 836 1272 892 368
1303 853 1353 890 e.

600 932 866 991 Christus
929 932 1148 990 animas
1204 950 1346 1006 quae
1401 930 1533 988 fidei
1588 930 1751 986 initio

679 1031 895 1105 potitae
937 1039 1070 1086 sunt
1113 1029 1356 1085 illustrat
1394 1030 1500 1085 191
1537 1047 1570 1085 e
1629 1044 1747 1082 ser-

679 1146 914 1186 monem
935 1125 1124 1185 Suum
1150 1144 1317 1201 saepe
1344 1125 1651 1200 interpellit
1679 1125 1751 1181 ad

683 1225 1115 1283 Pharisaeorum
1173 1223 1613 1298 cogitationibus
1662 1242 1749 1279 re-

681 1322 1076 1398 spondendum
1107 1325 1223 1379 254
1255 1321 1367 1386 de,
1400 1325 1517 1379 255
1562 1319 1750 1393 indig-

681 1422 772 1478 nis
812 1422 963 1479 velat
1007 1423 1118 1478 321
1153 1419 1191 1474 b
1261 1438 1295 1475 a
1348 1418 1483 1474 viris
1539 1417 1751 1474 sanctis

679 1528 939 1595 portatur
970 1521 1087 1576 389
1113 1517 1201 1572 bc
1222 1516 1260 1572 d
1329 1524 1528 1590 utpote
1569 1514 1749 1577 Deus,

681 1616 1113 1674 Pharisaeorum
1187 1613 1565 1688 cogitationes
1632 1630 1749 1668 non

681 1712 982 1789 ignoravit,
1041 1710 1236 1769 omnia
1290 1710 1516 1767 deitatis
1571 1708 1751 1766 oculis

683 1811 822 1868 v'idit
851 1813 967 1868 462
999 1810 1101 1875 cd,
1134 1811 1250 1866 555
1281 1808 1384 1864 de.

599 1906 812 1966 Christi
852 1908 1057 1964 fratres
1097 1907 1280 1982 putati
1312 1908 1431 1963 270
1460 1922 1509 1970 e,
1548 1908 1665 1964 397
1696 1923 1746 1968 e,

683 2009 800 2065 398
829 2024 881 2072 c,
914 2009 1026 2064 401
1061 2023 1111 2062 c.

601 2102 814 2162 Christi
842 2103 1052 2161 festum
1083 2106 1222 2160 402.

598 2200 892 2261 Christum
933 2218 1263 2277 agnoscere,
1306 2197 1604 2256 veritatem
1647 2215 1744 2271 ap·

678 2299 1049 2375 prehendere,
1079 2296 1263 2354 Patris
1290 2295 1502 2353 donum
1535 2299 1610 2354 37
1615 2298 1653 2352 9
1676 2313 1729 2351 a.

598 2394 831 2455 Christo
871 2395 910 2452 ii
950 2394 1046 2470 qui
1086 2400 1306 2468 parent,
1335 2392 1521 2449 Deum
1563 2392 1747 2448 hono-

677 2501 807 2550 rant
833 2511 849 2563 ;
937 2491 1033 2565 qui
1100 2508 1237 2556 non,
1299 2490 1504 2547 contra
1557 2489 1749 2546 Deum

675 2597 912 2665 peccant
944 2592 1061 2648 836
1092 2607 1125 2645 c
1193 2588 1385 2646 cibum
1425 2587 1750 2645 obedientia

676 2695 873 2744 nostra
899 2687 969 2745 iii.
996 2691 1134 2758 472,
1166 2690 1308 2744 473.

597 2783 861 2843 Christus
899 2784 1087 2841 innuit
1128 2784 1203 2841 Se
1231 2784 1438 2841 Mosen
1481 2801 1747 2858 superare

681 2887 797 2942 323
828 2882 884 2948 d,
919 2887 1035 2941 324
1092 2882 1150 2938 in
1178 2881 1265 2937 Eo
1308 2881 1500 2938 omnia
1535 2879 1749 2937 Divina

681 2986 798 3041 555
841 3000 874 3039 c
947 2988 1006 3038 et
1052 2997 1086 3036 a
1132 2977 1297 3035 nobis
1351 2985 1411 3033 et
1457 2996 1492 3033 a
1534 2979 1747 3034 sanctis

680 3078 919 3154 Angelis
936 3077 1204 3134 adoratus
1220 3074 1286 3132 M
1308 3077 1385 3133 85
1403 3074 1504 3131 fin.
1544 3083 1609 3132 ut
1629 3094 1747 3132 me-

680 3175 838 3233 dicus
880 3174 1104 3249 sapiens
1145 3172 1502 3229 infirmitates
1544 3172 1744 3248 aperit,

677 3291 793 3349 quo
835 3278 1107 3329 sanentur
1145 3274 1262 3329 326
1292 3269 1331 3326 d
1425 3271 1744 3328 venientem

677 3359 751 3427 ad
793 3368 870 3426 Se
910 3388 1030 3426 non
1070 3369 1243 3443 ejicit,
1280 3387 1395 3425 non
1422 3368 1745 3426 venientem

677 3466 831 3542 ejicit
861 3470 979 3526 328
1010 3485 1042 3524 e
1108 3466 1348 3525 Judaeis
1376 3455 1747 3540 traditoribus

676 3564 751 3620 ad
798 3564 949 3621 Eum
1003 3565 1346 3640 captandum
1387 3564 1747 3622 venientibus

677 3661 1004 3734 incognitus
1032 3665 1187 3720 1013
1207 3662 1264 3728 d,
1300 3666 1454 3719 1014
1500 3669 1560 3718 et
1585 3679 1745 3735 prae-

677 3765 766 3813 ter
785 3756 954 3813 Illum
978 3776 1147 3814 nemo
1170 3778 1273 3833 pro
1295 3758 1460 3816 nobis
1488 3767 1746 3815 mortuus

684 3857 838 3911 1015
878 3854 969 3912 ab
1043 3854 1389 3931 Unigenitus
1443 3865 1511 3913 ut
1566 3854 1744 3921 DeuS,

676 3960 745 4008 ut
821 3950 1013 4008 Homo
1082 3951 1503 4028 Primogenitus
1558 3951 1622 4008 M
1668 3957 1745 4011 86

676 4048 802 4106 init.

597 4143 812 4204 Christi
842 4144 1064 4220 Corpus
1091 4153 1223 4219 post
1251 4145 1744 4204 Resurrectionem

676 4241 900 4316 Corpus
919 4259 1136 4312 verum,
1159 4261 1275 4299 non
1299 4242 1498 4300 umbra
1531 4247 1685 4303 1103
1708 4243 1746 4301 b

676 4347 737 4397 et
776 4338 942 4396 nobis
982 4340 1347 4397 connaturale
1383 4348 1441 4398 et
1472 4339 1744 4398 Divinum

675 4435 1075 4510 vivificansque
1137 4434 1215 4493 iii.
1274 4441 1391 4496 480
1521 4438 1747 4498 Natura

678 4550 854 4606 quum
895 4532 970 4588 sit
995 4537 1210 4598 nostra,
1241 4552 1374 4592 cum
1405 4535 1493 4592 Eo
1521 4544 1579 4592 et
1605 4555 1743 4594 con-

1402 359 1723 416 INDEX
1810 360 2183 418 RERUM.

2707 377 3013 416 eumerus

1932 542 2188 599 crucifixi
2268 560 2397 607 nos,
2480 542 3015 599 conresurreximus

1935 640 2297 696 consedimus
2326 638 2391 695 M
2426 643 2519 697 13.

1852 736 2115 795 Christus
2142 737 2596 794 Resurrectionis
2636 744 2809 810 porta
2839 741 2957 795 402
2980 755 3013 793 e

1932 834 2110 890 vitam
2132 835 2428 909 pristinam
2450 845 2686 891 naturae
2708 835 3012 891 hominum

1933 932 2121 989 reddit
2164 932 2228 988 M
2262 935 2338 989 82
2372 931 2551 1007 [Syr]
2624 932 2699 988 ad
2742 933 3011 989 taberna·

1935 1028 2192 1085 culorum
2254 1029 2467 1086 festum
2535 1028 2683 1086 clam
2754 1030 3013 1086 ascendit

1934 1125 2329 1183 admoniturus
2355 1126 2637 1191 Christus,
2680 1127 2757 1183 ad
2795 1128 3009 1184 saluta-

1933 1242 2055 1281 rem
2086 1225 2411 1281 Passionem
2439 1224 2696 1280 nondum
2730 1225 2879 1281 clam
2908 1225 3011 1280 sed

1933 1322 1991 1378 in
2048 1322 2204 1397 pullo
2263 1322 2569 1378 considens
2627 1326 2768 1388 404,
2815 1327 2935 1380 405
2977 1341 3012 1378 c

1934 1420 1994 1476 in
2033 1420 2189 1477 Test.
2234 1419 2369 1476 Vet.
2426 1429 2599 1495 typus
2641 1424 2761 1478 404
2792 1438 2842 1490 e,
2888 1425 3009 1478 405

1933 1517 2022 1574 ab
2085 1535 2201 1573 non
2238 1535 2344 1592 pro
2380 1516 2585 1574 timore
2626 1517 2865 1574 recessit
2906 1518 3012 1575 sed

1934 1615 2007 1672 ad
2101 1614 2581 1689 dispensationem
2666 1615 3011 1671 servandam

1937 1714 2054 1771 397
2084 1731 2116 1769 c
2172 1712 2357 1787 Regni
2385 1731 2503 1768 non
2531 1711 2639 1769 erit
2666 1712 2818 1777 finis,
2848 1730 2924 1768 ne
2953 1725 3015 1769 et

1934 1809 2149 1884 gloriae
2182 1819 2411 1866 nostrae
2438 1819 2592 1866 esset
2620 1808 2751 1865 finis
2776 1809 2856 1865 iii.
2890 1812 3012 1868 416

1931 1907 2286 1965 Justificatus
2327 1925 2442 1981 quo
2490 1906 2662 1963 modo
2707 1905 2771 1963 M
2804 1910 2864 1973 8,
2908 1925 3015 1981 per

1934 2004 2313 2061 obedientiam
2363 2003 2673 2078 perfectam
2732 2003 2895 2061 Illius
2952 2013 3015 2061 et

1932 2119 2040 2158 nos
2067 2100 2143 2157 iii.
2176 2103 2311 2170 598,
2344 2104 2479 2159 599.

1850 2197 2066 2257 Christi
2108 2216 2297 2255 sermo
2340 2217 2509 2273 saepe
2545 2199 2621 2255 ad
2646 2198 2686 2256 J
2694 2198 3013 2256 udaeorum

1931 2294 2368 2370 intelligentiam
2404 2294 2723 2361 demissior,
2754 2298 3009 2353 animum

1931 2401 2123 2450 tamen
2161 2391 2458 2450 conditum
2492 2393 2865 2469 altioremque
2901 2393 3005 2451 ha·

1930 2491 2073 2549 bens
2101 2493 2220 2548 465
2247 2490 2306 2547 d.

1851 2588 2115 2649 Christus
2142 2599 2367 2646 torrens
2395 2588 2726 2646 deliciarum
2752 2592 2872 2647 468
2901 2590 2939 2647 d
2956 2609 3007 2660 e,

1936 2690 2053 2745 469
2072 2706 2123 2756 a,
2170 2687 2247 2744 iii.
2269 2691 2405 2757 430,
2434 2687 2506 2746 cf.
2536 2687 2601 2743 M
2632 2691 2705 2744 61
2745 2690 2828 2761 [p.
2850 2689 2999 2762 279]

1930 2785 2155 2841 medico
2182 2792 2543 2858 comparatus
2572 2787 2689 2842 894
2715 2785 2754 2840 d
2817 2786 3007 2843 hoedo

1931 2881 2007 2938 iii.
2039 2886 2160 2940 400
2239 2881 2425 2956 capris
2480 2881 2704 2939 duobus
2758 2882 2839 2941 iii.
2886 2887 3006 2942 422

1932 2980 2026 3037 ovi
2068 2980 2146 3038 iii.
2190 2983 2307 3038 595
2351 2979 2496 3036 aries
2530 2983 2687 3038 1096
2729 2980 2768 3037 b
2845 2991 3011 3055 petra

1933 3076 2001 3134 M
2035 3079 2107 3133 61
2163 3077 2248 3151 [p.
2281 3078 2428 3153 278]
2478 3078 2661 3135 nubes
2702 3078 2772 3134 M
2802 3082 2877 3137 61
2918 3080 3005 3154 [p.

1933 3175 2105 3247 279].

1851 3270 2146 3329 Christum
2193 3289 2320 3328 esse
2368 3271 2517 3328 Eum
2566 3273 2683 3342 Qui
2742 3272 2885 3332 dicit
2940 3293 3011 3332 ea

1932 3387 2075 3444 quae
2115 3387 2232 3426 nou
2261 3377 2395 3426 sunt
2424 3369 2670 3428 hominis
2699 3372 3008 3446 opinantur

1932 3474 1992 3523 et
2046 3466 2289 3523 ministri
2345 3471 2465 3526 479
2562 3477 3009 3544 expectaverunt

1929 3562 2133 3620 Judaei
2165 3567 2284 3622 624
2307 3564 2345 3620 b
2368 3564 2404 3620 d
2454 3564 2856 3624 absconditum
2883 3567 3009 3626 fore

1931 3660 2301 3718 nihilominus
2355 3664 2472 3720 624
2524 3663 2562 3719 d
2591 3681 2622 3720 e
2717 3683 2822 3721 cur
2891 3684 3010 3723 non

1929 3758 2146 3817 Lucem
2197 3759 2527 3834 simpliciter
2574 3761 2675 3817 sed
2725 3771 2763 3792 ‘⁸
2788 3762 3011 3820 Lucem

1930 3856 2186 3913 mundi”
2230 3856 2309 3914 Se
2350 3857 2664 3932 appellatur
2694 3861 2838 3917 485.

1851 3952 2143 4012 Christum
2186 3952 2246 4010 in
2286 3954 2406 4011 vita
2450 3954 2634 4012 adhuc
2675 3974 2796 4012 uon
2833 3976 3011 4032 quae-

1932 4057 2143 4116 rentes,
2168 4050 2227 4108 in
2248 4050 2446 4109 inferis
2466 4059 2525 4110 et
2545 4051 2708 4110 inviti
2731 4064 3013 4129 quaerent

1935 4152 2055 4206 500
2083 4147 2237 4206 abc.

1851 4244 2103 4312 Christo,
2132 4246 2354 4302 coelum
2388 4247 2622 4313 creanti,
2650 4247 2913 4325 Angelos
2949 4260 3012 4310 et

1930 4343 2339 4418 Archangelos,
2426 4345 2695 4402 miracula
2778 4356 3009 4422 patrare

1928 4440 2070 4497 nihil
2099 4445 2238 4499 523.

1806 4519 1807 4522 ¹
1849 4536 2063 4597 Christi
2112 4538 2478 4597 Divinitatem
2527 4539 2623 4615 qui
2670 4558 2790 4599 non
2840 4543 3008 4602 firme
