3269 5166
249 339 495 408 ηαδ.
605 340 714 404 IN
774 339 843 403 S.
891 338 1412 405 JOANNEM.
1504 338 1703 404 LIB.
1749 339 1912 405 XII.
1989 340 2196 406 CAP.
2244 339 2303 405 Ῑ.
2529 342 2656 405 149

253 501 618 607 ζητήσεως
672 507 788 583 καὶ
843 503 1370 606 ἀκριβεστάτης
1424 504 1707 606 ἐρεύνης·
1748 506 1789 583 5
1836 511 1982 584 τῶν
2034 506 2259 607 ἁγίων
2314 510 2654 605 μαθητῶν

253 628 538 733 ἔρχεται
592 636 806 726 νοῦς;
870 630 954 708 οὐ
997 624 1141 731 γὰρ
1177 626 1561 733 ἐξήρκεσεν
1608 626 1699 708 ἂν
1751 635 1846 712 εἷς
1900 627 2265 736 ἀπόδειξιν
2308 637 2435 709 τοῦ
2480 632 2646 732 ἐγη-

252 751 508 852 γέρθαι
560 785 639 831 τε
694 754 843 831 κατ’
898 750 1241 851 ἀλήθειαν
1298 754 1376 830 ἐκ
1433 758 1719 854 νεκρῶν,
1769 754 1885 831 καὶ
1943 755 2473 854 ἐπιγνωσθῆναι
2528 753 2656 833 τὸν

258 875 554 978 Κύρων,
583 877 626 975 ἦ
664 883 791 955 τοῦ
826 875 1165 974 σώματος
1202 874 1394 981 ὄψις,
1433 876 1474 954 5
1511 884 1641 955 τοῦ
1675 873 2074 978 προσώπου
2108 873 2500 981 χαρακτὴρ,
2529 882 2657 978 τῆς

184 1024 225 1083 5
255 1001 538 1099 ἡλικίας
598 998 682 1079 τὸ
739 1000 1042 1100 με’τρον;
1121 1000 1236 1078 καὶ
1290 999 1366 1078 τί
1414 999 1597 1102 πρὸς
1651 1000 1863 1080 τοῦτό
1919 1007 2202 1104 φαμεν;
2270 1003 2398 1082 οὐκ
2447 1003 2649 1082 ἐλευ-

253 1124 476 1225 θεραν
518 1126 946 1223 ἐνδοιασμοῦ
1000 1122 1133 1222 τὴν
1169 1123 1482 1202 διάνοιαν
1528 1120 1722 1229 εἶχον
1773 1128 1839 1203 οἱ
1895 1126 2268 1204 θεσπέσιοι
2322 1130 2655 1226 μαθηταὶ,

253 1250 489 1328 καίτοι
541 1247 942 1345 τεθεαμένοι
996 1245 1125 1327 τὸν
1177 1246 1468 1350 Κύρων.
1548 1243 1775 1355 ᾤοντο
1829 1246 1960 1347 μὲν
2013 1244 2156 1351 γὰρ
2211 1250 2339 1328 οῦκ
2394 1252 2657 1329 ἐκεῖνον

253 1372 477 1453 αὐτὸν
514 1370 856 1477 ὑπάρχειν
893 1368 1075 1452 κατὰ
1123 1367 1465 1470 ἀλήθειαν
1498 1370 1628 1451 τὸν
1662 1369 1894 1451 πάλαι
1941 1369 2257 1452 συνόντα
2301 1405 2379 1452 τε
2415 1374 2652 1457 αὐτοῖς

254 1502 377 1577 καὶ
427 1496 1044 1595 συνδιαιτώμενον,
1102 1496 1218 1574 καὶ
1272 1497 1386 1576 ἐπὶ
1441 1493 1672 1601 ξύλου
1729 1492 2322 1599 κεκρεμασμένον,
2372 1505 2651 1597 πνεῦμα
2674 1536 2710 1579 e

143 1651 228 1694 ιο
255 1619 337 1702 δὲ
389 1627 681 1719 μᾶλλον
736 1621 919 1724 πρὸς
971 1618 1105 1719 τὴν
1157 1627 1286 1699 τοῦ
1343 1622 1680 1722 Σωτῆρος
1734 1619 1969 1699 εἰκόνα
2024 1619 2654 1718 διαπεπλασμένον

255 1745 583 1841 ἀστείως,
622 1747 738 1823 καὶ
783 1747 1067 1851 μορφῆς
1111 1743 1196 1845 ἧς
1232 1740 1504 1847 ᾔδεσαν
1539 1743 1631 1823 τὰ
1678 1743 1839 1847 ἴχνη
1874 1740 2339 1850 ψευδόμενον.
2413 1746 2647 1825 κατώ-

254 1874 527 1958 λισθον
577 1866 803 1968 γεμὴν
853 1872 951 1951 εἷς
1006 1864 1089 1947 τὸ
1134 1869 1319 1948 οὕτω
1366 1873 1681 1973 φρονεῖν,
1721 1868 1848 1946 οὐκ
1899 1869 2231 1971 ἀφορμῆς
2264 1901 2455 1952 τινος
2491 1871 2659 1973 δίχα

253 1997 386 2092 τῆς
451 1996 549 2076 εἷς
606 1999 816 2072 τοῦτο
882 1989 1250 2091 καλούσης
1313 1988 1653 2093 εὐλόγως.
1751 1992 1988 2090 ἐπειδὴ
2066 1988 2141 2070 δὲ
2213 1997 2359 2070 τῶν
2424 1996 2661 2095 θυρῶν

257 2115 779 2214 κεκλεισμένων
820 2114 1246 2222 παραδόξως
1300 2113 1674 2215 εἰσήλασε,
1714 2122 1842 2194 τοῦ
1891 2114 2199 2217 γεώδους
2247 2117 2364 2196 καὶ
2416 2150 2653 2222 παχυ-

143 2273 226 2336 15
257 2240 470 2344 τέρου
536 2240 876 2338 σώματος
946 2236 1079 2339 τὴν
1143 2241 1589 2344 ἀποχρῶσαν
1651 2240 1843 2346 αὐτῷ
1906 2237 2279 2341 ζητοῦντος
2353 2239 2659 2339 εἴσοδον,

256 2369 378 2446 καὶ
433 2365 520 2443 τὸ
565 2370 915 2443 τοσοῦτον
963 2362 1470 2465 ἀνευρύνεσθαι
1518 2361 1648 2447 τὰς
1696 2369 1844 2442 τῶν
1891 2364 2266 2460 δωματίων
2314 2363 2663 2458 εἰσβολὰς

256 2485 877 2592 ἀναγκάζοντος,“
838 2521 1018 2567 οσον
1052 2521 1137 2567 το
1181 2484 1491 2568 εκάστου
1536 2486 1927 2589 μεγεθος”
1880 2515 2049 2592 εχει·
2121 2495 2499 2593 τοιγαροῦν
2544 2521 2661 2567 και
2686 2524 2723 2566 ο.
2738 2510 2899 2567 1108
2909 2509 2998 2566 Α.

254 2613 558 2764 σφόδρα
610 2612 983 2718 χρησίμως
1028 2613 1071 2691 5
1123 2611 1388 2715 Κύριος
1441 2612 1644 2712 ἡμῶν
1679 2613 2043 2711 Ἰησοῦς
2012 2646 2053 2691 ο
2093 2612 2438 2716 Χριστὸς,
2477 2615 2653 2694 ἀπε-

254 2738 600 2840 γύμνωσε
657 2735 790 2837 μὲν
843 2742 946 2844 τῷ
992 2741 1230 2842 Θωμᾷ
1283 2734 1418 2836 τὴν
1469 2734 1814 2839 πλευρὰν,
1869 2735 1963 2816 τὰ
2020 2734 2096 2817 δὲ
2152 2738 2229 2815 ἐν
2292 2742 2382 2842 τῇ
2438 2740 2662 2839 σαρκὶ

147 2903 230 2946 ιο
253 2861 633 2967 τραύματα
676 2861 985 2960 καθίστη
1022 2863 1359 3014 διαφανῆ,
1397 2859 1675 2945 πάντας
1711 2862 1805 2941 δι’
1845 2860 2105 2940 ἐκείνου
2137 2865 2652 2964 πληροφορῶν.

254 2983 483 3084 μόνου
541 3019 675 3083 μεν
730 2983 874 3088 γὰρ
928 2991 1058 3064 τοῦ
1113 2985 1324 3085 ἁγίου
1377 2989 1610 3084 Θωμᾶ
1661 2983 1952 3133 φέρεται
2001 2979 2223 3084 λόγος
2273 2993 2317 3031 “
2339 2981 2520 3062 Ἐὰν
2555 2983 2657 3081 μὴ
2748 2998 2914 3116 321⁹?

255 3120 302 3157 “
336 3107 555 3204 βάλω
604 3108 732 3193 τὰς
775 3108 1014 3213 χεῖράς
1067 3143 1209 3209 μου
1255 3113 1371 3188 καὶ
1426 3108 1555 3188 ’ίδω
1589 3105 1757 3191 τοῦς
1794 3106 2059 3190 τύπους
2089 3112 2236 3185 τῶν
2285 3105 2502 3206 ἥλων,
2541 3107 2661 3184 καὶ
2904 3078 2950 3130 ⁵

256 3245 301 3283 “
337 3233 556 3330 βάλω
610 3231 745 3331 τὴν
789 3232 991 3337 χεῖρά
1044 3267 1184 3332 μου
1243 3237 1340 3317 εἷς
1393 3230 1525 3333 τὴν
1579 3229 1906 3333 πλευρὰν
1960 3230 2196 3327 αὐτοῦ,
2240 3265 2323 3310 ου
2377 3228 2478 3331 μὴ
2526 3264 2654 3311 πι-

255 3354 698 3454 “andem”
755 3358 926 3436 ἀλλ’
966 3354 1053 3455 ἦν
1095 3390 1251 3440 πως
1294 3355 1528 3437 ἅπασι
1579 3354 1781 3437 κοινὰ
1830 3353 1923 3434 τὰ
1977 3358 2104 3454 τῆς
2159 3354 2661 3457 ὀλιγοπιστίας

147 3520 228 3581 ⁸5
254 3479 712 3585 ἐγκλήματα,
751 3514 866 3559 και
914 3486 1059 3560 τῶν
1114 3479 1370 3559 ἄλλων
1415 3486 1758 3579 μαθητῶν
1802 3480 1931 3559 οὐκ
1978 3478 2121 3585 ἔξω
2171 3478 2486 3581 θορύβου
2534 3477 2663 3558 τὸν

255 3614 430 3688 νοῦν
465 3603 886 3708 εὑρήσομεν,
927 3605 1154 3684 καίτοι
1204 3606 1321 3683 καὶ
1370 3605 1605 3684 αὐτῶν
1643 3601 2004 3704 λεγόντων
2051 3609 2155 3711 τῷ
2200 3604 2384 3711 ἁγίῳ
2422 3607 2660 3712 Θωμᾷ
2687 3618 2731 3683 b

254 3742 302 3778 “
331 3729 802 3832 Ἑωράκαμεν
871 3726 999 3809 τὸν
1065 3727 1395 3831 Κύριον.”
1494 3726 1604 3808 ὅτι
1662 3724 1739 3807 δὲ
1799 3731 1926 3826 τῆς
1990 3727 2326 3827 ἀληθείας
2390 3727 2557 3825 ἡμῖν
2617 3728 2659 3806 5
2752 3754 2832 3806 Ib.

256 3852 483 3958 λόγος
543 3854 673 3933 οὐκ
731 3853 1098 3960 ἐξοίχεται,
1154 3850 1480 3957 χαλεπὸν
1543 3849 1747 3931 οὐδὲν
1802 3854 2132 3948 ἐκμαθεῖν
2197 3852 2288 3931 δι’
2356 3847 2459 3930 ὧν
2517 3850 2657 3957 ἔφη

254 3984 421 4081 περὶ
475 3974 751 4057 τούτων
804 3979 847 4057 5
892 3984 1076 4062 θεῖος
1130 3977 1299 4076 ἡμῖν
1349 3981 1632 4059 Λουκᾶς
1683 3985 1727 4023 “
1754 3980 2007 4055 Ταῦτα
2043 3970 2184 4077 γὰρ
2220 3974 2455 4053 αὐτῶν
2510 3983 2649 4052 λα·
2749 3993 2801 4044 S·
2819 3993 2945 4072 pue.

148 4132 231 4191 3⁰
257 4115 303 4151 ‘⁴
336 4101 683 4198 λούντων,
723 4104 972 4207 φησὶν,
1009 4100 1189 4201 ἔστη
1234 4102 1311 4180 ἐν
1357 4101 1562 4207 μέσῳ
1600 4098 1902 4179 αὐτῶν·”
1962 4097 2174 4182 αὐτὸς
2210 4098 2284 4179 δὲ
2322 4096 2658 4200 δηλονότι
2749 4074 2932 4189 {gl-13.

255 4222 608 4329 Χριστός·
705 4235 748 4272 “
775 4228 893 4304 καὶ
947 4223 1142 4327 λέγει
1201 4225 1436 4309 αὐτοῖς
1490 4221 1764 4326 Εἰρήνη
1823 4223 2007 4321 ὑμῖν.
2102 4222 2523 4321 πτοηθέντες
2583 4222 2658 4303 δὲ

254 4352 457 4431 (ικαὶ
505 4347 821 4455 ἔμφοβοι
871 4347 1236 4451 γενόμενοι
1285 4346 1574 4430 ἐδόκουν
1606 4355 1889 4446 πνεῦμα
1924 4352 2232 4451 θεωρεῖν.
2314 4349 2431 4426 καὶ
2468 4343 2661 4427 εἶπεν

323 4529 380 4585 3.
418 4510 551 4566 κατὰ
576 4508 643 4564 Ε.
1083 4507 1137 4564 6.
1173 4508 1267 4578 τὴν
1288 4516 1633 4580 assumptum
1663 4525 1728 4561 ex
1756 4506 2335 4562 13.16.
2372 4506 2434 4562 τὸ
2458 4522 2568 4561 om.
2594 4505 2661 4561 E.

257 4598 343 4639 22.
379 4577 593 4654 χεῖρας]
621 4574 763 4649 οἶμαι
787 4576 879 4634 τὸν
902 4577 1161 4635 δάκτυλόν
1181 4601 1283 4649 μου
1309 4579 1352 4633 F
1372 4596 1486 4652 mg.
1598 4579 1792 4635 τόπους
1816 4577 1881 4633 Ε.
