3269 5166
452 326 819 393 CONTRA
861 324 1448 392 THEODORUM
1499 325 1777 391 EPISC.
1825 325 2092 391 MOPS.
2135 325 2312 390 LIB.
2346 325 2402 390 Ι.
2510 326 2644 389 519

229 496 343 556 tur
390 489 564 555 enim
614 489 872 554 alterius
921 487 1427 573 appellationem.
1515 487 1695 571 Ergo
1752 487 1808 553 si
1865 488 2127 553 abusive
2181 487 2307 553 Dei
2355 487 2642 552 Verbum

230 598 500 658 vocatur
539 594 752 672 homo,
790 614 922 657 non
961 597 1062 657 est
1102 591 1307 657 iactus
1347 592 1538 656 homo
1581 590 1936 658 manifeste.
2028 592 2100 655 Si
2141 591 2400 656 abusive
2445 589 2646 653 Filius

231 703 301 762 et
352 695 531 761 Deus
580 696 688 761 ille
737 696 847 780 qui
893 719 972 761 ex
1022 695 1255 760 semine
1305 699 1404 759 est
1449 693 1686 772 David,
1729 716 1930 779 neque
1977 693 2153 759 Deus
2203 715 2402 778 neque
2446 693 2646 756 Filius
2757 724 2766 731 ·

231 804 466 864 natura
493 804 559 864 et
586 799 854 864 veritate
884 805 1000 864 est.
1092 798 1276 863 Falsa.
1319 796 1524 881 igi‘cur
1566 797 1639 862 in
1682 802 1949 881 utroque
1990 797 2147 862 haec
2188 795 2548 882 appellatiO,
2580 799 2647 858 et

170 920 207 980 5
234 901 378 987 ipsa
419 924 520 967 res
562 924 696 968 esse
736 902 964 969 merito
991 902 1395 985 intelligitur,
1425 905 1691 986 uterque
1718 901 1891 965 enim
1916 900 2036 966 hoo
2066 900 2448 978 nominatur,
2481 898 2646 982 quod

233 1028 367 1070 non
396 1011 514 1070 est.

1162 1141 1264 1205 Ex
1307 1140 1528 1206 eodem
1570 1139 1733 1204 libro

1260 1311 1622 1376 Tenonom.

328 1448 423 1512 Et
472 1448 763 1513 convenit
819 1469 922 1514 eos
972 1449 1091 1534 qui
1141 1448 1289 1513 bene
1347 1449 1696 1533 aspiciunt,
1747 1448 2270 1533 quandoquidem
2317 1448 2651 1513 naturales

142 1577 216 1618 10
229 1563 466 1637 patres
503 1553 895 1637 quaerimus,
923 1573 1122 1637 neque
1150 1551 1359 1617 Deum
1392 1550 1668 1617 Verbum
1696 1552 1930 1616 David
1969 1551 2071 1616 vel
2096 1551 2400 1617 Abrahae
2427 1549 2651 1632 filium

240 1656 599 1734 nominare,
628 1656 741 1720 sed
756 1653 1092 1740 factorem
1112 1678 1134 1719 .·
1177 1675 1372 1739 neque
1413 1676 1648 1740 corpus
1690 1665 1842 1719 ante
1884 1654 2149 1719 saecula
2179 1674 2259 1720 ω’
2286 1654 2499 1720 Patre
2539 1656 2652 1719 sed

240 1778 452 1823 semen
477 1757 793 1823 Abrahae
818 1769 881 1824 et
907 1758 1134 1823 David
1171 1779 1248 1823 ea·
1275 1756 1510 1821 Maria
1546 1769 1797 1822 natum.
1885 1757 1977 1821 Et
2016 1779 2162 1822 cum
2203 1758 2284 1822 de
2325 1757 2653 1822 naturali-

244 1860 362 1926 bus
398 1862 860 1926 nativitatibus
896 1862 985 1926 sit
1023 1863 1221 1938 ratio,
1249 1883 1446 1943 neque
1474 1860 1744 1926 Mariae
1773 1860 1965 1944 filius
1994 1860 2176 1925 Deus
2218 1882 2348 1926 esse
2381 1860 2653 1926 Verbum

242 1965 665 2029 existimtur.
747 1962 1060 2029 Mortalis
1087 1964 1258 2028 enim
1285 1964 1622 2029 mortalem
1646 1975 1915 2048 yenerat
1942 1965 2290 2028 secundum
2316 1975 2651 2041 naturam,

144 2058 308 2145 15‘et
335 2086 584 2151 corpus,
614 2067 786 2151 quod
813 2067 939 2132 sibi
966 2064 1177 2132 simile
1204 2077 1298 2132 est
1313 2089 1338 2139 ,·
1382 2066 1576 2131 Duas
1601 2067 1986 2135 nativitates
2013 2065 2188 2131 Deus
2227 2066 2499 2131 Verbum
2525 2087 2654 2131 non

244 2170 576 2245 sustinuit,
602 2191 801 2234 unam
823 2170 1081 2256 quidem
1107 2179 1256 2234 ante
1284 2169 1567 2244 saecula,
1592 2168 1874 2235 alteram
1896 2180 2108 2234 autem
2130 2171 2204 2233 in
2224 2167 2472 2234 ultimis
2495 2180 2650 2234 tem-

230 2272 512 2356 poribus
530 2296 552 2336 .·
595 2274 708 2338 sed
750 2293 830 2338 ω’
872 2274 1082 2338 Patre
1125 2273 1383 2357 quidem
1419 2283 1672 2336 natura
1709 2273 1966 2357 yenitus
2008 2283 2121 2351 est,
2162 2272 2465 2357 templum
2506 2292 2654 2337 vero

245 2377 424 2461 quod
450 2396 530 2440 ea*
550 2375 787 2441 Maria
812 2387 1038 2441 natum
1066 2387 1180 2455 est,
1210 2395 1289 2440 ecc
1315 2376 1456 2457 ipso
1482 2386 1665 2441 utero
1694 2375 1825 2441 sibi
1831 2375 2218 2461 fabricavit.

294 2644 545 2711 Deinde
589 2644 776 2711 breve
817 2648 1171 2770 procedens,
1218 2652 1285 2711 et
1327 2647 1705 2731 quibusdam
1748 2669 1862 2731 per
1904 2647 2181 2712 medium
2223 2647 2613 2733 interpositis

146 2770 225 2813 20
1219 2750 1454 2815 iterum
1495 2749 1704 2814 dixi‘c.

1277 2921 1640 2985 Tnnonom.

345 3059 507 3124 C'um
533 3079 679 3124 vero
708 3059 789 3123 de
814 3057 1104 3124 salutari
1131 3058 1603 3143 disperwatione
1630 3059 1811 3124 ratio
1838 3069 2144 3134 movetur,
2174 3068 2235 3121 et
2263 3056 2441 3121 Deus
2479 3074 2655 3121 voce-

250 3170 361 3227 tur
395 3163 623 3228 homo.-
663 3183 793 3227 non
837 3162 1004 3247 quod
1049 3163 1167 3227 hoc
1191 3163 1429 3247 sactus
1472 3172 1582 3241 est,
1627 3163 1740 3226 sed
1783 3161 1955 3246 quod
2001 3161 2119 3225 hoc
2162 3161 2552 3244 assumpsit.-
2595 3171 2656 3224 et

250 3265 436 3330 homo
477 3264 675 3343 Deus,
718 3286 847 3329 non
890 3276 1217 3350 tamquam
1257 3266 1965 3349 incircumscriptibilis
1988 3265 2241 3349 factus,
2270 3284 2383 3328 nec
2424 3262 2657 3347 ubique

148 3393 224 3454 25
250 3370 549 3445 eat-istem,
580 3390 810 3454 corpus
842 3369 1014 3433 enim
1050 3380 1195 3434 erat
1234 3380 1478 3454 etpost
1504 3370 2028 3435 resurrectionem
2054 3367 2410 3454 pahpabile,
2440 3379 2500 3432 et
2532 3367 2658 3433 tale

251 3482 574 3556 receptum
601 3476 694 3537 est
722 3473 796 3536 in
823 3471 1079 3549 coelum,
1111 3483 1172 3536 et
1198 3471 1296 3537 sic
1324 3472 1528 3538 veniet
1556 3472 1725 3538 sicut
1754 3482 2074 3557 receptum
2102 3482 2213 3537 est.

1308 3681 1601 3749 cmm.

342 3817 507 3883 Eece
550 3816 735 3901 plane
778 3820 845 3882 et
884 3818 1207 3882 evidenter
1245 3821 1466 3883 eontra
1494 3817 1802 3883 Divinam
1844 3820 2097 3903 quidem
2141 3818 2343 3884 fertur
2385 3818 2658 3903 scriptu-

254 3942 411 3999 ram,
445 3920 740 4004 reprobat
770 3942 921 3986 vero
954 3918 1197 3985 Christi
1226 3921 1620 4006 mysterium,
1654 3925 1720 3985 et
1748 3922 1928 4007 quasi
1956 3922 2238 4008 increpat
2267 3922 2480 3987 Deum
2500 3921 2661 3986 Ver-

331 4142 383 4199 7.
423 4125 509 4182 Ite
532 4127 607 4182 D.
625 4129 836 4186 Sunius.
856 4130 940 4186 Ex
959 4128 1146 4185 eodem
1162 4130 1317 4198 libro,
1333 4130 1652 4186 Theodorus
1678 4130 1784 4186 Ed.
2043 4147 2098 4202 9.
2134 4128 2425 4212 aspiciunt]
2445 4131 2662 4186 saniunt

258 4198 334 4262 D,
342 4196 665 4280 adspiciunt
688 4198 899 4265 Sui-ius,
844 4200 1254 4354 ιὲιᾞηιιιιι(810
1167 4200 1386 4257 labbe
1372 4219 1428 4256 in
1454 4219 1566 4272 mg.
1591 4201 1738 4257 unde
1762 4197 2657 4271 Migne.14.existimetur]

257 4268 539 4323 estimetur
563 4268 637 4322 D.
1590 4271 1672 4326 18.
1709 4218 1986 4328 fabricavit
2036 4275 2093 4334 4
2116 4268 2423 4326 CYRILLI
2451 4270 2662 4337 Suriae,

260 4336 644 4394 CYRILLUS
670 4338 770 4394 Ed.
795 4340 961 4396 invito
987 4340 1060 4404 D,
1122 4270 1178 4394 ui
1308 4271 1470 4397 Ddori
1493 4341 1713 4397 exhibet.
2027 4340 2118 4396 icit
2143 4340 2217 4395 D.
2362 4339 2659 4395 21.Theo-

260 4405 379 4462 dori
418 4407 633 4464 Sui-ius.
666 4408 983 4466 Theodorus
1108 4417 1393 4466 nmmum
1426 4411 1588 4467 habet
1626 4412 1699 4466 D.
2007 4426 2094 4466 22.
2129 4417 2664 4466 movetur—vocetur

262 4477 416 4531 habet
442 4477 517 4532 D.
731 4495 762 4533 2
853 4480 1171 4553 quodprim
1193 4498 1290 4536 om.
1311 4482 1384 4536 D.
1479 4480 1782 4553 adsumpsit
1807 4481 1880 4535 D.
2114 4477 2548 4551 27.CYR11.1.1
2586 4478 2660 4532 D.

265 4547 479 4614 Sui-ius,
503 4547 724 4621 cyrillus
748 4496 851 4606 gd.
1067 4552 1346 4622 28.p10n0
1371 4551 1443 4608 D.
1546 4550 1743 4624 fertur]
1768 4552 1964 4608 fatetur
1989 4551 2063 4606 D.
