3269 5166
444 431 473 482 e
708 342 837 405 322
976 341 1056 405 B.
1105 338 1480 406 CYRILLI
1534 335 2066 403 ALEXANDR.
2120 336 2685 400 FRAGMENTA
2767 337 2807 399 i.
2843 334 2912 399 18
2939 356 3050 418 sqq.

395 434 417 499 [
478 454 507 497 4
527 436 604 487 Μ’
631 439 652 501 J
706 504 1107 605 ἀναγκαίως
1144 509 1523 605 τοιγαροῦν
1558 497 2164 606 συνεισδεξόμεθα
2198 501 2303 606 τῷ
2337 504 2501 607 Θεῷ
2545 503 2662 580 καὶ
2700 499 2921 599 Πατρὶ
2950 495 3054 575 τὸν

706 625 888 706 Υὶὸν
938 632 1034 711 εἰς
1093 626 1218 706 τὸν
1263 630 1393 726 τῆς
1444 621 1872 724 ταυτότητός
1925 657 2002 703 τε
2060 624 2178 701 καὶ
2233 620 2780 722 ὁμοουσιότητος
2830 620 3053 721 λόγον,

706 753 823 830 ἵνα
874 753 991 830 καὶ
1028 749 1214 834 Θεὸς
1263 747 1361 833 εἷς
1410 746 1724 854 χορηγὸς
1763 745 2105 851 ὑπάρχων
2143 749 2388 844 νοῆται
2429 752 2577 826 τῶν
2609 750 3060 842 πνευματικῶν

706 875 1024 976 ἀγαθῶν.
1096 872 1426 976 Χριστὸν
1463 871 1537 951 δὲ
1572 872 1864 971 Ἰησοῦν
1913 869 2296 972 ὀνομάζων,
2334 868 2462 949 τὸν
2510 870 2589 949 εἰ(
2625 874 2814 949 Θεοῦ
2852 868 3063 968 Λόγον

706 998 785 1076 ἐν
838 1000 1058 1101 σαρκὶ
1111 993 1484 1101 πεφηνότα
1539 999 1775 1095 δηλοῖ·
1851 998 1912 1073 εἱ
1967 993 2059 1073 δέ
2097 994 2259 1071 ἐστι
2316 991 2626 1098 χορηγὸς
2681 990 2781 1071 ὧν
2834 1027 2917 1071 αν
2968 993 3114 1079 καὶ5

709 1119 921 1204 αὐτὸς
956 1122 996 1200 5
1039 1119 1316 1221 Πατὴρ,
1352 1125 1510 1203 πῶς
1552 1119 1639 1198 οὐ
1677 1114 1866 1203 Θεὸς
1908 1115 2092 1196 κατὰ
2130 1116 2358 1221 φύσιν
2401 1119 2567 1196 καθ’
2607 1117 2860 1196 ἕνωσιν
2895 1121 3061 1194 οἰκο-

710 1243 1005 1344 νομικὴν
1040 1241 1222 1341 μετὰ
1264 1247 1392 1343 τῆς
1448 1241 1624 1326 ἰδίας
1681 1239 1956 1344 σαρκὸς
2012 1246 2269 1319 νοεῖται
2304 1238 2681 1341 Χριστός;
2746 1241 2920 1319 οὕτω
2970 1241 3067 1316 καὶ

372 1389 519 1439 Rom.
538 1388 607 1440 ix.
624 1399 671 1453 5·
708 1367 750 1447 5
784 1367 1215 1474 σοφώτατος
1252 1371 1549 1448 Παῦλος
1584 1367 1749 1466 περὶ
1795 1370 1940 1445 τῶν
1975 1362 2064 1470 ἐξ
2091 1363 2402 1466 Ἰσραήλ
2439 1397 2583 1443 που
2618 1364 2848 1469 φησίν
2880 1373 2921 1410 “
2940 1358 3066 1441 ’Ὧν

709 1501 754 1538 “
788 1497 856 1570 οἱ
891 1489 1207 1593 πατέρες,
1243 1492 1360 1569 καὶ
1393 1488 1482 1594 ἐξ
1520 1485 1623 1566 ὧν
1659 1491 1700 1566 5
1734 1485 2059 1591 Χριστὸς
2111 1487 2197 1567 τὸ
2239 1486 2425 1567 κατὰ
2466 1485 2735 1590 σάρκα,
2776 1490 2817 1566 5
2853 1485 2946 1564 ὧν
2972 1486 3070 1563 ἐπὶ

712 1628 755 1665 “
790 1614 1081 1696 πάντων
1119 1612 1305 1698 Θεὸς
1341 1610 1730 1715 εὐλογητὸς
1768 1617 1862 1698 εἷς
1899 1610 2063 1697 τοὺς
2100 1616 2383 1709 αἰῶνας,
2425 1610 2684 1712 ἀμήν.”
3098 1641 3152 1681 10

1293 2032 1722 2109 ΤΟΜΟΣ
1808 2033 1877 2107 Α
1959 2030 2349 2107 ΛΟΓΟΣ
2430 2031 2518 2105 Β.

463 2270 948 2357 18sqq.l'116†5c
998 2269 1070 2336 δὲ
1118 2271 1156 2336 ὃ
1201 2269 1370 2338 Θεὸς
1422 2272 1523 2338 ὅτι
1574 2273 1613 2338 ὁ
1667 2270 1860 2345 &fn-oc
1914 2268 2102 2347 ἡμῶν
2154 2268 2192 2336 5
2245 2270 2411 2360 πρὸς
2455 2269 2622 2346 ὑμᾶς
2678 2267 2797 2333 οὐκ
2848 2267 3077 2339 ὲΓὲνετο

1697 2396 1800 2463 ναὶ
1856 2395 1962 2461 καὶ
2016 2395 2111 2461 οὔ.

377 2588 406 2704 ἔ
430 2575 543 2627 0⁰¹·-
565 2576 653 2629 ¹³⁵·
825 2566 1081 2651 Οὐδεὶς
1138 2567 1330 2669 λε’γει
1386 2577 1431 2616 “
1462 2566 1729 2671 Κύριος
1765 2567 2051 2669 Ἰησοῦς
2085 2571 2145 2647 εἶ
2178 2564 2280 2668 μὴ
2322 2567 2397 2647 ἐν
2433 2565 2803 2667 Πνεύματι
2835 2563 3077 2669 Ἁγῖῳ·”

371 2679 479 2824 {2-
496 2708 648 2759 ὅσω·
710 2687 795 2770 τὸ
834 2691 908 2770 δὲ
942 2690 1225 2791 πνεῦμά
1258 2694 1460 2771 ε’στιν
1495 2690 1818 2792 ἀλήθεια,
1854 2690 2038 2772 κατὰ
2073 2689 2158 2772 τὸ
2194 2690 2720 2793 γεγραμμένον·
2778 2689 3078 2789 ἔμπλεων
3103 2707 3156 2768 15

408 2809 420 2821 ⁰
474 2809 489 2824 ⁶
711 2812 798 2914 δὴ
853 2815 979 2894 οὖν
1027 2814 1382 2915 ἀληθείας,
1438 2813 1597 2912 ἤτοι
1651 2824 1780 2895 τοῦ
1820 2815 2053 2917 Ἁγίου
2102 2814 2546 2913 Πνεύματος,
2605 2813 2740 2915 τὴν
2785 2811 3079 2894 ’διάνοιαν

709 2937 990 3043 ἔχοντες
1045 2944 1113 3019 οἱ
1166 2945 1313 3018 τῶν
1366 2939 1849 3040 εὐαγγελικῶν
1892 2936 2413 3038 θεσπισμάτων
2459 2935 2786 3041 κήρυκες,
2839 2939 2959 3016 οὐκ
3005 2931 3078 3012 ἂν

709 3069 984 3142 νοοῖντο
1015 3064 1458 3168 ψευδοεπεΐς·
1537 3059 1588 3140 ἃ
1621 3063 1694 3141 δ’
1735 3059 1827 3140 ἀν
1865 3060 2139 3164 λέγοιεν
2174 3064 2334 3163 περὶ
2370 3065 2722 3163 Χριστοῦ,
2757 3068 2974 3141 ταῦτα
3005 3052 3077 3153 δὴ

708 3184 994 3270 ποίντως
1049 3189 1252 3266 ἐστὶν
1287 3187 1516 3289 ὀρθῶς
1561 3219 1641 3264 τε
1691 3188 1809 3265 καὶ
1863 3182 2230 3286 ἀραρότως
2284 3184 2565 3290 ἔχοντα·
2644 3186 2765 3264 καὶ
2819 3179 3075 3263 πιστώ-

373 3326 645 3444 ξ-ἓέτιττῑι.
710 3341 918 3387 σεται
983 3308 1220 3410 λέγων
1283 3305 1495 3393 αὐτὸς
1559 3309 1600 3388 5
1657 3306 1982 3409 Χριστός
2057 3318 2101 3356 “
2140 3310 2257 3387 Οὐ
2320 3305 2466 3410 γὰρ
2534 3309 2730 3406 ὑμεῖς
2803 3311 2961 3387 ἐστε
3026 3305 3080 3380 οὶ
3102 3323 3158 3366 20

413 3428 424 3441 ⁸
507 3428 520 3441 ⁹
713 3440 757 3477 ‘⁶
793 3439 1207 3529 λαλοῦντες,
1243 3431 1446 3512 ἀλλά
1493 3430 1578 3513 τὸ
1626 3441 1908 3531 πνεῦμα
1957 3441 2085 3511 τοῦ
2123 3429 2413 3533 Πατρὸς
2459 3433 2655 3529 ὑμῶν
2694 3430 2781 3513 τὸ
2832 3435 3078 3511 λαλοῦν

712 3563 756 3601 “
793 3553 869 3633 ἐν
906 3555 1127 3652 ὑμῖν.”
1188 3554 1296 3636 διὸ
1326 3558 1408 3636 οὐ
1446 3554 1643 3658 λε’γει
1670 3555 1880 3636 τοῦτό
1916 3558 2115 3635 ἐστιν
2148 3558 2244 3639 ὡς
2270 3553 2450 3657 πρὸς
2485 3552 2649 3638 τοὺς
2688 3554 3078 3651 διαβάλλειν

709 3675 926 3759 αὐτὸν
960 3679 1435 3784 πειρωμένους
1490 3682 1587 3764 ὡς
1641 3678 1734 3759 τὰ
1782 3678 2064 3760 ἐναντία
2114 3679 2340 3786 ἑαυτῷ
2390 3680 2699 3780 λέγοντα
2752 3676 2967 3758 διάτοι
3006 3670 3075 3752 τὸ

708 3801 884 3882 ποτὲ
938 3801 1093 3902 μὲν,
1140 3805 1235 3887 ὡς
1272 3801 1463 3883 Θεὸν
1518 3801 1703 3883 κατὰ
1758 3802 1988 3911 φύσιν
2043 3800 2411 3903 κηρύττειν
2465 3800 2593 3881 τὸν
2628 3803 2935 3904 Ἰησοῦν,
2979 3796 3076 3877 ὅτε

712 3922 788 4005 δὲ
822 3929 939 4004 καὶ
975 3928 1071 4012 ὡς
1105 3925 1509 4029 ἄνθρωπον.
1586 3928 1989 4028 ἀναγκαίως
2024 3924 2262 4005 τοίνυν
2297 3931 2452 4010 ταῖς
2488 3925 2771 4006 ἐκείνων
2810 3928 3075 4005 ἀνεπιει-
3097 3934 3153 3996 25

712 4051 927 4135 κείαις
970 4051 1328 4134 οἱονείπως
1378 4053 1763 4149 ἐπιπηδῶν,
1822 4049 1933 4130 ὅτι
1987 4047 2088 4149 μὴ
2145 4049 2438 4152 γε’γονεν
2494 4050 2689 4158 αὐτῷ
2747 4048 2969 4131 διττός
3016 4074 3076 4124 τε

713 4175 830 4252 καὶ
867 4171 1162 4278 ἀσαφὴς
1200 4174 1241 4252 5
1278 4173 1521 4277 λόγος,
1557 4175 1836 4258 ἁπλοῦς
1881 4172 1956 4254 δὲ
1991 4180 2283 4274 μᾶλλον
2320 4175 2438 4253 καὶ
2486 4172 2784 4274 ἀληθὴς,
2819 4183 3073 4271 πληρο-

789 4376 810 4410 1
825 4375 870 4411 1.
910 4355 993 4412 Ita
1019 4357 1095 4412 H.
1362 4359 1444 4415 16.
1485 4359 1600 4415 Ine.
1622 4359 1841 4431 πλήρεις
1863 4359 2008 4417 ὅντες
2030 4361 2274 4429 ἀληθείας
2295 4362 2346 4414 οἱ
2369 4365 2472 4415 τῶν
2499 4359 2574 4414 H.
2853 4357 2930 4412 18.
2963 4356 3076 4438 ψω·

711 4427 938 4519 δοεπεῖς]
970 4428 1197 4500 Motae
1224 4429 1300 4486 Η.
1520 4447 1604 4502 19.
1634 4433 1802 4486 πάντα
1824 4432 1898 4486 Η.
1970 4453 2027 4486 τε
2052 4440 2392 4519 assumptum
2414 4449 2480 4485 ex
2509 4430 2583 4485 H.
2804 4420 3078 4501 19-2201113

711 4498 959 4554 ιιι-ἐν’
934 4503 1053 4570 υμῖν
1074 4518 1181 4555 om.
1212 4500 1287 4554 H.
1691 4517 1850 4557 22-.
1874 4518 1999 4574 323,
2023 4520 2075 4570 4.
2113 4501 2548 4573 διὸ-κηρυγματι
2572 4509 2910 4571 assumptum
2930 4514 2990 4551 ex
3015 4491 3076 4546 H·

715 4584 799 4624 υ.
839 4569 983 4642 λέγει
1004 4570 1184 4643 τοῦτο]
1213 4570 1431 4644 Aliquid
1455 4570 1715 4628 excidisse
1740 4573 1792 4628 vi
1831 4582 1968 4628 etur.
