3269 5166
643 348 770 411 186
938 348 1017 415 B.
1067 347 1448 413 CYRILLI
1500 348 2032 413 ALEXANDR.
2088 347 2656 413 FRAGMENTA
2745 369 2809 410 v.
2843 345 2926 409 18
2952 366 3047 428 sq.

346 474 609 648 [81³5ss
688 567 853 656 Ἄρα
907 561 1021 632 οὖν
1074 567 1167 632 ὡς
1224 566 1296 632 δι’
1348 568 1499 634 ἑνὸς
1552 564 2090 657 παραπτώματος
2142 563 2238 631 εἷο
2292 565 2542 632 πάντας
2594 561 2993 652 ἀνθρώπους

1456 691 1550 758 εἰς
1605 694 1970 783 κατάκριμα
2028 706 2230 759 κ.τ.λ.

750 865 1217 969 Προσεποίγει
1265 873 1418 950 ταῖς
1464 865 1952 969 προκειμέναις
1997 866 2289 950 ἐννοίαις
2326 867 2366 944 5
2405 865 2793 947 θεσπέσιος
2835 868 3046 943 Παῦ-

636 1005 769 1075 λος
819 993 1026 1071 οἱονεὶ
1072 988 1156 1071 τὸ
1211 991 1710 1094 συμπέρασμα
1763 990 1890 1070 καί
1938 995 2174 1096 φησιν
2213 988 2400 1099 Ἀρα
2460 1027 2558 1072 ουν
2610 994 2701 1076 ὡς·
2757 984 2842 1068 δι’
2904 989 3046 1075 ἐνος·

635 1150 1212 1226 παραπτωματος
1284 1149 1400 1195 και
1459 1113 1554 1194 τὰ
1613 1115 1809 1221 ἑξῆς.
1905 1117 2464 1218 κατακεκρίμεθα
2519 1113 2651 1214 μὲν
2709 1147 2879 1216 γαρ,
2943 1116 3041 1195 ὡς
3070 1141 3106 1203 5

633 1245 997 1342 προεῖπον,
1050 1241 1127 1318 ἐν
1172 1238 1437 1337 Ἀδὰμ,
1487 1274 1603 1320 και
1653 1243 1749 1323 ὡς
1794 1240 1873 1319 ἐκ
1924 1226 2117 1343 ῥίζης
2167 1244 2295 1339 τῆς
2347 1237 2635 1342 πρώτης
2688 1242 2787 1322 εὶς
2843 1236 3046 1318 ἅπαν

633 1363 834 1464 διεῘΒη
870 1360 954 1443 τὸ
1002 1362 1091 1471 ἐξ
1133 1365 1376 1462 αὐτῆς,
1416 1362 1793 1465 γενόμενος
1836 1367 1876 1443 5
1918 1364 2091 1470 ἐξ’
2048 1371 2227 1468 αρᾶς
2282 1364 2606 1447 θάνατος·
2675 1363 3043 1442 δεδικαιω-

630 1492 815 1585 μεθα
871 1485 945 1566 δὲ
1001 1495 1118 1567 καὶ
1177 1486 1839 1588 ἀνεβλαστήσαμεν
1898 1494 1996 1571 εἷς
2045 1492 2250 1589 ζωὴν,
2308 1485 2797 1569 δικαιωθέντος
2858 1484 3040 1589 ὑπὲρ

630 1608 833 1706 ἡμῶν
874 1617 1003 1690 τοῦ
1040 1615 1394 1714 Χριστοῦ.
1460 1611 1861 1720 ἀφειδήσας
1915 1646 2049 1712 μεν
2085 1613 2228 1715 γὰρ
2273 1616 2399 1710 τῆς
2449 1614 2642 1717 αὐτῷ
2699 1611 3038 1709 δοθείσης

630 1735 996 1832 ἐντολῆς
964 1769 1005 1812 ο
1041 1732 1454 1839 προπάτωρ,
1487 1734 2016 1839 προσκέκρουκε
2051 1742 2155 1844 τῷ
2192 1740 2355 1842 Θεῷ
2391 1737 2510 1815 καὶ
2549 1734 3035 1835 ὑπομεμένηκε
3073 1768 3144 1809 ιο

631 1854 724 1935 τὰ
759 1857 838 1935 ἐκ
876 1859 1121 1942 θείας’
1086 1863 1326 1961 οργῆς·
1388 1859 1798 1940 κατώλισθε
1835 1859 1979 1964 γὰρ
2001 1895 2099 1945 εις
2135 1858 2444 1967 φθοράν·
2505 1856 2666 1939 τότε
2688 1863 2806 1939 καὶ
2835 1857 3039 1959 εἰσ-ή-

632 1989 815 2062 λατο
866 1979 998 2081 τὴν
1033 1983 1415 2085 ἀνθρώπου
1464 1983 1769 2089 φύσιν
1729 2019 1773 2082 η
1812 1986 2147 2086 ἁμαρτία·
2225 1985 2411 2064 οὕτω
2467 1986 2585 2063 καὶ
2635 1983 3036 2088 ἁμαρτωλοὶ

434 2135 477 2189 9
508 2132 604 2191 Π.
635 2103 1144 2200 κατεπόθησαν
1181 2115 1236 2188 οἱ
1273 2115 1546 2204 πολλοὶ,
1584 2109 1955 2188 τουτέστιν
1992 2113 2059 2188 οἱ
2095 2106 2233 2188 ἀνὰ
2265 2114 2518 2188 πᾶσαν
2552 2106 2684 2206 τὴν
2719 2110 2884 2208 γῆν.

741 2225 959 2308 Ἀλλ’
1018 2229 1201 2311 εἴποι
1252 2265 1359 2316 τις
1415 2231 1504 2311 ἄν
1561 2236 1712 2311 Ναὶ
1768 2231 2236 2335 παρώλισθεν
2297 2234 2338 2311 5
2398 2230 2661 2330 Ἀδὰμ,
2721 2235 2839 2311 καὶ
2903 2236 3037 2331 τῆς

628 2352 818 2436 θείας
876 2352 1254 2458 ἀλογήσας
1306 2358 1623 2455 ἐντολῆς,
1687 2359 1928 2463 φθορᾷ
1985 2359 2099 2436 καὶ
2169 2353 2455 2465 θανάτῳ
2512 2355 3029 2458 κατεδικάζετο·
3070 2385 3142 2444 15

626 2473 777 2556 εἶτα
829 2484 985 2561 πῶς
1040 2485 1436 2588 ἁμαρτωλοὶ
1495 2481 1581 2558 δι’
1621 2477 1839 2560 αὑτὸν
1897 2477 2409 2575 κατεστάθησαν
2466 2489 2520 2560 οἱ
2576 2485 2881 2575 πολλοῖς
2964 2484 3041 2561 τί

625 2600 808 2703 πρὸς
862 2604 1049 2702 ἡμᾶς
1103 2603 1196 2684 τὰ
1250 2604 1513 2686 ἐκείνου
1566 2606 2042 2706 πταίσματας
2103 2612 2259 2689 πῶς
2315 2604 2390 2684 δὲ
2447 2603 2635 2689 ὅλως
2685 2611 2749 2685 οἱ
2809 2604 3034 2705 μήπω

628 2727 1081 2827 γεγενημένοι
1117 2728 1779 2828 καταδεδικάσμεθα
1812 2729 1955 2810 σὺν
1991 2730 2230 2837 αῦτῷ;
2294 2728 2523 2809 καίτοι
2553 2735 2744 2810 Θεοῦ
2772 2732 3035 2832 λέγον-

289 2877 443 2927 Dent.
461 2879 599 2929 xxiv.
628 2882 751 2933 τος
809 2860 851 2897 “
876 2852 1036 2931 Οὐκ
1080 2855 1604 2933 ἀποθανοῦνται
1652 2853 1947 2956 πατέρες
1997 2851 2172 2956 ὑπὲρ
2220 2853 2544 2951 τε’κνων,”
2603 2854 2764 2932 οὔτε
2818 2854 3036 2934 τέκνα

289 3008 448 3061 Ezek.
466 3011 603 3061 xviii.
631 2971 807 3078 ὑπὲρ
864 2973 1209 3078 πατέρων,
1271 2986 1314 3023 “
1335 2976 1541 3083 ψυχὴ
1588 2978 1633 3077 ἡ
1692 2977 2212 3081 ἁμαρτάνουσα
2270 2979 2448 3076 αὕτη
2509 2980 3030 3058 ἀποθανεῖται·”
3069 3012 3147 3052 20

628 3101 736 3183 τίς
795 3099 923 3178 οὖν
981 3096 1071 3179 ἂν
1127 3100 1405 3202 γένοιτο
1463 3099 1646 3204 πρὸς
1708 3102 1893 3201 ἡμᾶς
1956 3105 2085 3200 τῆς
2142 3102 2542 3202 ἀπολογίας
2607 3102 2648 3179 5
2709 3098 3028 3203 τρόπος;

627 3224 882 3303 οὐκοῦν
918 3223 1125 3330 ψυχὴ
1163 3224 1294 3323 μὲν
1337 3225 1383 3325 ἡ
1429 3222 1948 3328 ἁμαρτάνουσα
2000 3228 2179 3325 αὕτη
2229 3228 2709 3306 ἀποθανεῖται·
2785 3227 3029 3328 ἀμαρ-

627 3349 848 3426 τωλοὶ
886 3347 963 3427 δὲ
999 3347 1407 3451 γεγόναμεν·
1432 3347 1550 3428 διά
1585 3354 1713 3449 τῆς
1749 3352 2119 3452 παρακοῆς
2155 3357 2282 3429 τοῦ
2322 3347 2566 3447 Ἀδὰμ
2604 3348 2721 3427 διὰ
2758 3349 3035 3430 τοιόνδε

624 3470 913 3571 τρὸπόν·
985 3473 1330 3574 πεποίητο
1390 3473 1520 3572 μὲν
1579 3473 1724 3577 γὰρ
1786 3475 1899 3554 ἐπὶ
1960 3475 2340 3580 ἀφθαρσίᾳ
2402 3476 2518 3553 καὶ
2575 3471 2739 3578 ζωῇ,
2800 3470 2893 3572 ἦν
2955 3474 3035 3555 δὲ

627 3595 817 3703 αὐτῷ
874 3598 991 3675 καὶ
1030 3597 1069 3675 5
1115 3597 1275 3691 βίος
1323 3595 1762 3699 ἀγιοπρεπὴς
1797 3600 1873 3676 ἐν
1908 3602 2011 3705 τῷ
2066 3596 2488 3705 παραδείσῳ
2543 3601 2671 3696 τῆς
2725 3601 3033 3704 τρυφῆς,
3065 3632 3146 3693 25

625 3715 796 3803 ὅλος
834 3716 924 3819 ἦν
960 3722 1077 3799 καὶ
1126 3719 1243 3801 διὰ
1289 3719 1555 3806 παντὸς
1592 3725 1670 3801 ἐν
1706 3722 2060 3805 θεσπτίαις
2114 3723 2154 3801 5
2204 3729 2390 3819 νοῦς,
2426 3724 2502 3800 ἐν
2539 3722 2734 3827 εὐδίᾳ
2778 3719 2856 3800 δὲ
2913 3726 3036 3802 καὶ

626 3841 912 3950 γαλήνῃ
977 3843 1060 3925 τὸ
1125 3852 1363 3943 σῶμα,
1419 3844 1958 3947 κατηρεμούσης
2014 3843 2306 3945 ἁπάσης
2366 3850 2675 3950 αἰσχρᾶς
2735 3845 3028 3945 ἡδονῆς·

628 3968 711 4045 οὐ
767 3964 911 4069 γὰρ
965 3965 1055 4068 ἦν
1112 3967 1431 4050 ἐκτόπων
1491 3967 1895 4069 κινημάτων
1960 3965 2270 4072 θόρυβος
2326 3972 2401 4049 ἐν
2477 3971 2694 4076 αὐτῷ·
2788 3968 3035 4071 ἐπειδὴ

628 4088 705 4170 δὲ
762 4089 1131 4171 πέπτωκεν
1205 4094 1322 4200 ὑφ’
1402 4094 1778 4194 ἁμαρτίαν,
1856 4094 1971 4172 καὶ
2049 4092 2506 4173 κατῶλισθεν
2561 4098 2660 4177 εὶς
2718 4091 3034 4199 φθορὰν,

626 4215 944 4294 ἐντεῦθεν
999 4213 1419 4319 εἰσέδραμον
1474 4213 1606 4316 τὴν
1673 4220 1800 4315 τῆς
1865 4216 2137 4320 σαρκὸς
2194 4215 2421 4322 φύσιν
2476 4216 2729 4314 ἡδοναί
2776 4249 2857 4296 τε
2913 4219 3035 4297 καὶ
3059 4246 3142 4304 30

626 4339 1081 4442 ἀκαθαρσίαι,
1118 4339 1346 4447 ἀνέφυ
1401 4338 1475 4421 δὲ
1528 4343 1644 4420 καὶ
1688 4340 1728 4419 5
1764 4342 1842 4420 ἐν
1878 4347 2025 4426 τοῖς
2062 4336 2367 4440 μέλεσιν
2405 4340 2607 4440 ἡμῶν
2640 4343 3034 4445 ἀγριαίνων

984 4592 1066 4648 18.
1102 4594 1430 4666 γεγενημένοι
1454 4594 1617 4651 habet
1641 4603 1693 4651 et
1721 4595 1786 4650 Β.
2324 4596 2409 4651 26.
2446 4595 2573 4651 ὅλον
2600 4596 2669 4652 Β.
