3269 5166
569 318 690 376 638

569 495 747 556 Filius
792 500 970 576 janua
1013 507 1077 558 et
1122 499 1215 557 via
1265 498 1547 558 amicitiae
1593 516 1727 556 cum

651 596 820 654 Patre
842 600 963 656 806
979 616 1029 670 e,
1061 599 1181 656 807
1201 616 1237 654 a
1289 597 1574 673 quomodo
1593 615 1726 673 pur-

649 701 753 768 gat
780 696 858 754 87
878 695 917 752 d
942 714 977 755 e

569 790 713 848 Filio
781 792 1082 859 honorato,
1161 793 1476 851 honoratur
1553 791 1726 850 Pater

654 893 770 948 170
788 910 821 948 c
838 889 895 956 d,
927 893 1046 950 337
1063 890 1170 964 ab,
1200 894 1317 950 733
1337 910 1369 948 c
1389 891 1428 948 d
1444 909 1497 958 e,
1527 893 1647 949 939
1664 889 1723 947 b.

563 987 710 1046 Filio
736 989 1102 1060 inhonorato,
1128 988 1503 1047 inhonoratus
1529 996 1590 1046 et
1616 989 1726 1047 Pa-

649 1094 740 1144 ter
766 1089 887 1145 914
905 1107 956 1152 c,
985 1090 1105 1146 915
1124 1106 1177 1145 a.

567 1184 775 1243 Filium
800 1185 1214 1243 honorantibus
1228 1184 1585 1243 clementiam
1608 1201 1727 1241 ma-

642 1285 830 1361 jorem
872 1283 972 1342 dat
1011 1284 1183 1342 Pater
1209 1286 1327 1343 939
1350 1302 1386 1340 a
1403 1301 1437 1339 c
1456 1282 1514 1354 d,
1543 1285 1664 1341 940
1687 1281 1725 1339 b

647 1401 697 1447 c,
723 1381 801 1441 iii.
828 1386 949 1442 509
1012 1401 1130 1439 non
1166 1380 1579 1439 honorantibus
1605 1398 1723 1437 non

648 1480 880 1539 exaudit
907 1480 1078 1540 Pater
1104 1483 1225 1539 940
1243 1499 1295 1537 c.

566 1578 774 1636 Filium
814 1579 1003 1637 Deum
1050 1584 1444 1654 agnoscentes,
1493 1577 1723 1635 Patrem

645 1677 1009 1752 agnoscimus
1055 1678 1171 1735 768
1196 1695 1245 1742 ο,
1289 1679 1408 1735 797
1430 1675 1469 1732 b
1490 1694 1524 1732 c
1544 1674 1599 1741 d,
1641 1674 1718 1732 cf.

649 1776 769 1833 903
793 1774 833 1831 d
851 1793 884 1832 e
946 1780 1363 1850 cognoscentes
1420 1772 1718 1850 cognosci·

644 1890 775 1929 mus
822 1874 943 1930 952
985 1872 1042 1936 d,
1099 1870 1171 1929 cf.
1207 1874 1364 1930 1010
1408 1890 1444 1928 ιι
1541 1871 1720 1929 Filius

646 1971 815 2028 Patre
877 1969 1164 2028 revelatur
1223 1970 1439 2028 revelat
1499 1969 1560 2027 in
1615 1968 1720 2028 Sc·

641 2068 768 2144 ipso
803 2068 1031 2127 Patrem
1057 2072 1177 2129 347
1198 2067 1253 2135 d.
1299 2071 1416 2127 348
1439 2086 1490 2141 a,
1533 2066 1598 2125 Μ
1641 2071 1718 2127 94

644 2164 769 2226 init.

564 2264 741 2323 ‘Filius
782 2263 1030 2341 Spiritus
1063 2265 1125 2322 in
1153 2263 1380 2322 Divinis
1413 2262 1721 2339 Scripturis

647 2382 816 2440 saepe
876 2363 1188 2439 appellatus
1236 2365 1356 2421 377
1376 2380 1427 2433 e,
1469 2363 1588 2420 378
1619 2381 1656 2419 ιι
1680 2362 1718 2419 b

645 2459 898 2536 Spiritui·
917 2459 1131 2517 Sancto
1170 2459 1483 2517 arctissime
1523 2458 1720 2517 unitus

644 2557 754 2616 nisi
798 2558 952 2634 quod
987 2557 1246 2634 Quisque
1286 2557 1482 2617 existit
1519 2560 1643 2618 809
1665 2577 1718 2629 e,

643 2658 763 2715 812
781 2656 821 2713 b
843 2675 895 2715 e.

561 2754 755 2828 Filius,
791 2755 915 2812 vide
945 2754 1220 2827 Processi,
1248 2773 1365 2812 non
1399 2755 1567 2813 Patre
1607 2755 1715 2813 mi-

641 2871 752 2912 nor
768 2852 900 2929 quia
919 2853 1207 2929 subjectus
1226 2856 1528 2919 332-337,
1548 2853 1617 2910 Μ
1640 2857 1716 2913 75

651 2953 772 3031 [pp.
811 2955 951 3018 305,
997 2953 1144 3026 306]
1227 2970 1346 3008 non
1389 2951 1561 3009 Patre
1608 2950 1715 3008 mi-

640 3069 751 3109 nor
770 3051 904 3127 quia
923 3048 1255 3108 mandatum
1275 3050 1492 3126 accepit
1514 3052 1625 3109 661
1654 3050 1715 3117 d,

641 3150 763 3207 662
791 3149 909 3218 ab,
959 3151 1075 3206 717
1106 3147 1163 3213 d,
1215 3151 1333 3206 718
1363 3166 1395 3205 c
1470 3166 1505 3204 a
1546 3148 1716 3206 Patre

643 3248 846 3305 doctus
874 3246 1010 3322 quid
1037 3248 1155 3304 525
1179 3245 1234 3312 d,
1257 3247 1394 3311 526,
1425 3249 1563 3318 527,
1593 3248 1712 3305 528

639 3345 681 3402 d
713 3363 764 3416 e,
792 3347 931 3416 529,
958 3344 997 3401 d
1025 3363 1058 3401 e
1111 3362 1146 3401 a
1174 3344 1342 3402 Patre
1381 3344 1715 3402 mandatum

641 3443 845 3519 accipit
866 3441 998 3518 quid
1023 3445 1135 3502 661
1162 3441 1263 3513 de,
1295 3442 1411 3500 808
1432 3460 1464 3499 c
1481 3443 1538 3509 d,
1569 3444 1711 3509 882,

640 3541 841 3600 cf.854
860 3561 910 3607 c,
929 3544 1049 3601 957
1066 3540 1202 3613 cde,
1224 3543 1340 3598 958
1362 3559 1396 3598 a
1448 3539 1604 3599 Patri
1622 3560 1714 3599 ae-

637 3638 820 3715 qualis
846 3646 913 3695 ut
937 3638 1113 3702 Deus,
1143 3647 1209 3695 ut
1237 3639 1430 3697 Homo
1464 3639 1714 3696 humana

636 3736 813 3794 verba
846 3735 1101 3811 loquitur
1127 3738 1246 3794 662
1277 3755 1311 3794 a
1330 3735 1368 3793 b
1426 3737 1712 3813 Propheta

637 3834 714 3892 ob
755 3832 1217 3903 exinanitionem,
1255 3835 1407 3893 unde
1447 3844 1509 3893 et
1548 3854 1709 3893 man-

634 3933 834 3991 datum
874 3932 1080 4009 accipit
1119 3936 1236 3992 716
1259 3952 1309 3998 e,
1342 3935 1459 3993 718
1527 3934 1711 3992 Patris

633 4030 989 4089 voluntatem
1016 4030 1266 4090 declarat
1294 4030 1418 4099 Ille,
1449 4032 1709 4090 volunta·

633 4138 754 4189 tem
794 4137 1050 4189 nostram
1084 4130 1335 4188 declarat
1374 4137 1433 4187 et
1475 4130 1636 4206 qnasi
1677 4150 1709 4189 e

630 4228 903 4288 mandato
926 4228 1166 4286 verbum
1194 4235 1454 4286 nostrum
1486 4231 1604 4289 718
1628 4248 1679 4287 a.

547 4327 725 4386 Filius
769 4327 927 4385 Dens
975 4343 1101 4383 esse
1148 4324 1590 4395 demonstratus,
1633 4327 1707 4386 ab

1388 316 1712 376 INDEX
1792 315 2165 374 RERUM.

2784 334 2991 374 mnus

1828 496 2007 555 Filius
2065 498 2227 556 Deus
2288 506 2351 556 et
2408 498 2471 556 in
2536 516 2709 557 carne
2770 501 2991 564 510e,

1910 599 2030 655 770
2059 596 2116 656 d.

1829 693 2035 751 Filium
2076 694 2173 769 qui
2221 712 2336 751 non
2381 695 2457 752 de
2505 693 2694 752 Patris
2737 694 2991 752 essentia

1908 791 2248 849 confiteatur
2279 810 2316 848 a
2340 792 2435 850 via
2470 792 2757 850 aben-avit
2791 794 2911 849 766
2933 810 2989 856 c,

1911 891 2100 947 767ιι.
2172 964 2179 967 „

1829 985 2005 1044 Filius
2026 986 2187 1044 Deus
2212 1006 2330 1045 non
2356 988 2733 1065 Theophorus
2754 991 2876 1047 998
2894 987 2955 1044 b.

1828 1186 2041 1244 Fiuns
2069 1186 2408 1243 Inoas-natus
2436 1184 2787 1271 visibilisque
2812 1185 2987 1242 nobis

1908 1284 2121 1342 indicat
2140 1284 2319 1361 qualis
2348 1285 2422 1342 sit
2442 1284 2613 1345 Pater
2632 1302 2665 1341 e
2686 1284 2824 1353 Quo
2846 1282 2986 1359 Ipse

1908 1382 2216 1448 770cde,
2249 1385 2387 1449 771,
2429 1382 2504 1441 cf.
2533 1385 2646 1440 781
2672 1402 2710 1439 a
2774 1400 2887 1438 nos
2926 1381 2988 1439 in

1908 1478 2110 1555 Seipso
2152 1479 2323 1538 habet
2364 1498 2466 1556 per
2491 1480 2677 1538 carnis
2718 1478 2991 1537 identita-

1905 1584 2023 1635 tem
2054 1579 2172 1638 823
2200 1596 2252 1651 c,
2294 1580 2433 1644 918,
2461 1577 2535 1635 cf.
2564 1580 2681 1636 998
2706 1576 2767 1646 b,
2826 1578 2986 1635 1002

1906 1673 1944 1731 b
2010 1693 2120 1732 nos
2155 1675 2338 1733 Patris
2373 1675 2435 1733 in
2470 1683 2781 1750 conspectu
2821 1675 2992 1732 affert

1907 1774 2025 1831 918
2047 1791 2099 1839 e,
2129 1776 2301 1833 919⁸
2353 1781 2414 1832 et
2440 1773 2819 1831 consedentes
2845 1772 2989 1830 facit

1907 1873 2026 1929 919
2044 1872 2103 1929 b.

1824 1966 2000 2026 Filius
2042 1967 2349 2040 Mediator,
2393 1975 2454 2026 et
2497 1968 2651 2026 Patri
2693 1975 2755 2026 et
2809 1967 2983 2026 nobis

1905 2067 2247 2142 conjunctus
2275 2068 2393 2125 823
2414 2067 2454 2124 b
2474 2085 2523 2124 c.

1824 2162 1998 2222 Filius
2051 2165 2391 2223 lacernatus
2441 2182 2560 2221 non
2614 2163 2738 2221 sine
2793 2162 2991 2221 anima

1902 2261 1983 2321 iii.
2010 2265 2152 2336 463,
2176 2265 2312 2330 489,
2336 2265 2475 2329 494,
2499 2264 2639 2328 496,
2664 2264 2808 2327 497,
2838 2265 2985 2333 513,

1903 2363 2041 2418 541.

1822 2457 1997 2516 Filius
2037 2467 2171 2534 post
2201 2457 2661 2518 Incarnationem
2703 2467 2764 2517 et
2804 2476 2983 2534 super

1903 2564 1964 2616 et
2006 2559 2111 2615 sub
2153 2557 2281 2636 lege
2323 2558 2575 2625 240de,
2613 2561 2769 2617 1045
2793 2556 2853 2623 b,
2903 2555 2980 2615 iii.

1905 2659 2044 2726 457,
2074 2659 2193 2715 458
2282 2676 2490 2734 corpus
2529 2658 2846 2715 humanum
2890 2655 2982 2713 in-

1902 2752 2076 2812 dutus
2104 2758 2224 2813 266
2251 2755 2306 2827 b,
2338 2758 2449 2813 301
2483 2774 2519 2813 a
2599 2752 2828 2830 qnando
2873 2753 2980 2811 de-

1902 2870 2093 2910 corem
2133 2853 2318 2911 induit
2358 2856 2477 2912 845
2504 2870 2538 2909 c
2628 2850 2976 2909 Incarnatus

1901 2948 2061 3007 Deus
2108 2959 2169 3008 et
2214 2951 2409 3010 Homo
2453 2953 2571 3010 266
2599 2951 2714 3017 cd,
2770 2955 2890 3011 343
2923 2951 2978 3016 b,

1899 3048 2019 3105 965
2041 3066 2092 3115 e,
2128 3051 2246 3107 992
2269 3049 2327 3114 b,
2358 3052 2475 3109 998
2497 3048 2552 3120 b,
2581 3049 2657 3106 iii.
2687 3052 2765 3108 37
2773 3050 2977 3107 7-382

1898 3144 2066 3203 Unus
2106 3155 2167 3205 et
2204 3146 2468 3206 Christus
2509 3147 2677 3205 Unus
2707 3150 2824 3206 393
2854 3166 2891 3204 c
2920 3146 2977 3213 d,

1905 3245 2053 3302 1001
2078 3265 2129 3311 c,
2166 3249 2319 3305 1112
2344 3267 2379 3304 a
2404 3248 2442 3305 b
2471 3266 2521 3313 c,
2550 3247 2631 3304 iii.
2664 3250 2803 3313 382,
2834 3250 2976 3312 395,

1848 3423 1861 3428 ,
1905 3346 2045 3408 405,
2090 3348 2231 3412 421,
2275 3348 2416 3410 422,
2461 3349 2601 3411 425,
2649 3348 2791 3411 426,
2838 3349 2976 3412 427,

1896 3447 2038 3511 452,
2085 3447 2223 3510 453,
2270 3447 2407 3514 454,
2454 3448 2592 3509 455,
2639 3448 2781 3510 456,
2828 3449 2970 3512 457,

1897 3545 2036 3610 458,
2085 3544 2223 3608 459,
2269 3545 2410 3607 460,
2461 3545 2601 3609 463,
2649 3546 2789 3615 464,
2835 3547 2975 3611 474,

1898 3644 2037 3711 497,
2085 3644 2223 3714 498,
2266 3644 2405 3706 499,
2452 3645 2589 3707 500,
2640 3645 2781 3713 507,
2834 3645 2973 3707 509,

1897 3742 2035 3806 516,
2086 3743 2226 3806 523,
2282 3743 2423 3806 525,
2477 3744 2596 3799 586
2677 3760 2789 3798 nos
2844 3739 2971 3800 Sibi

1896 3837 2196 3913 conjungit
2254 3846 2324 3894 ut
2392 3838 2501 3896 scit
2560 3837 2697 3914 Ipse
2752 3842 2872 3898 823
2913 3839 2971 3905 b,

1898 3939 2074 4007 1002,
2097 3943 2158 3993 et
2188 3934 2261 3991 ad
2289 3936 2516 3993 Patrem
2545 3936 2622 3993 iii.
2652 3941 2796 4006 404,
2828 3941 2963 4007 405,

1892 4036 2012 4093 466
2041 4032 2164 4090 init.
2230 4040 2401 4109 rogat
2441 4041 2507 4090 ut
2538 4032 2733 4091 Homo
2761 4037 2883 4093 689
2900 4034 2957 4102 b,

1892 4135 2011 4191 966
2047 4150 2098 4202 e,
2146 4134 2265 4190 967
2295 4150 2347 4202 a,
2397 4136 2548 4190 1001
2577 4131 2617 4190 b
2692 4139 2758 4190 nt
2803 4132 2961 4190 Deus

1891 4230 2126 4289 exaudit
2145 4231 2262 4288 966
2284 4248 2317 4287 e
2366 4232 2404 4261 “
2421 4229 2650 4307 genus”
2673 4230 2837 4288 Illius
2859 4249 2963 4288 nos

1894 4332 2013 4387 857
2038 4347 2090 4386 c.

631 4423 894 4483 omnibus
934 4431 1160 4483 amotus
1188 4429 1267 4482 44
1292 4423 1349 4498 d,
1385 4429 1466 4485 45
1492 4426 1545 4494 Ι),
1587 4429 1703 4484 127
1812 4426 1989 4484 Filius
2030 4434 2164 4502 post
2205 4425 2662 4484 Incarnationem
2710 4426 2770 4483 in
2816 4426 2956 4483 duos

630 4521 686 4593 d,
720 4523 855 4581 128.

1892 4524 2040 4582 filios
2079 4523 2251 4582 dividi
2294 4531 2535 4596 recusat,
2562 4523 2804 4599 Templo
2845 4523 2959 4582 Suo
