3269 5166
313 529 418 579 Col.
442 531 493 579 ii.

323 608 398 659 14,
417 609 492 657 15.

315 1741 401 1790 ΡΒ.
424 1741 528 1790 xiii.

648 343 734 403 84
1257 343 1336 406 B.
1385 341 1809 406 CYRILLI
1871 340 2452 406 ALEXANDR.
2789 336 2918 401 xix.
2950 354 3042 419 19·

654 509 1149 608 προσηλῶσαί
1199 512 1431 615 φησιν
1489 511 1528 589 5
1584 508 1976 591 θεσπέσιος
2028 513 2328 592 Παῦλος
2386 508 2490 615 τῷ
2548 504 2700 613 ἰδίῳ
2760 500 3045 605 σταυρῷ

655 629 784 710 τὸν
848 630 1136 734 Κύριον,
1198 636 1691 735 θριαμβεῦσαί
1742 667 1819 712 τε
1877 634 1955 713 ἐν
2019 633 2213 739 αὐτῷ
2276 631 2404 717 τὰς
2463 627 2690 735 ἀρχὰς
2749 628 2864 707 καὶ
2922 622 3046 707 τὰς

652 755 1006 861 ἐξουσίας,
1044 758 1141 839 ὡς
1199 755 1645 856 νενικημένας
1700 752 2038 856 δηλονότι
2088 759 2207 835 καὶ
2252 759 2381 855 τῆς
2419 755 2595 838 ἰδίας
2631 745 3042 833 ἀποπεσού-

652 913 794 962 σας
833 882 1077 983 ἀρχῆς.
1139 885 1199 959 εἰ
1234 879 1376 983 γὰρ
1415 887 1531 959 καὶ
1568 882 1697 960 οὐκ
1732 879 1946 965 αὐτὸς
1980 877 2109 960 τὸν
2144 881 2366 960 τίτλον
2401 877 2664 984 ἔπηξεν
2699 876 2740 954 5
2776 870 3046 974 Σωτὴρ,

653 1006 822 1082 ἀλλ’
867 1005 907 1082 5
943 1008 1070 1103 τῆς
1104 1005 1468 1083 Ἰουδαίων
1503 1003 1759 1103 μανίας
1808 1003 2256 1107 συνεργάτης
2310 1005 2426 1083 καὶ
2475 997 2852 1104 ὑπουργὸς,
2884 999 3098 1078 oum

653 1128 782 1206 οὖν
817 1161 919 1233 τω
954 1128 1222 1234 ἐφεῖναι
1258 1127 1596 1229 γενεσθαι
1634 1130 1752 1208 καὶ
1795 1136 2008 1209 τοῦτο
2045 1132 2141 1213 ὡς
2178 1125 2569 1230 αὐτουργὸς
2605 1123 3049 1228 ἀναγέγραπ-

653 1285 790 1329 ται.
850 1252 1355 1354 τεθριάμβευκε
1394 1250 1470 1332 δὲ
1506 1251 1636 1336 τὰς
1671 1249 1900 1358 ἀρχὰς
1935 1254 2012 1332 ἐν
2047 1253 2266 1360 αὐτῷ.
2326 1252 2705 1356 προῦκειτο
2739 1247 2886 1351 γὰρ
2912 1254 3046 1327 τοῖς

584 1390 626 1452 b
654 1374 1031 1455 ἐθέλουσιν
1066 1382 1164 1460 εἶς
1213 1375 1646 1480 ἀνάγνωσιν,
1684 1374 1812 1458 τὸν
1851 1374 2028 1478 ὑπὲρ
2066 1378 2268 1476 ἡμῶν
2302 1374 2633 1457 παθόντα
2680 1377 3048 1473 σημαῖνον,

655 1501 770 1578 καὶ
823 1498 955 1593 τὴν
995 1501 1177 1580 ἰδίαν
1215 1499 1502 1581 διδόντα
1539 1499 1792 1607 ψυχὴν
1828 1504 1956 1601 τῆς
2008 1499 2349 1582 ἁπάντων
2384 1499 2564 1603 ζωῆς
2607 1498 3046 1599 ἀντίλυτρον.

654 1620 914 1706 πάντες
968 1623 1098 1721 μὲν
1133 1622 1277 1726 γὰρ
1312 1630 1377 1704 οἱ
1427 1623 1623 1709 ὄντες
1675 1628 1789 1705 ἐπὶ
1833 1629 1961 1724 τῆς
2015 1628 2171 1726 γῆς,
2208 1624 2494 1727 ἐπείπερ
2550 1620 2836 1726 ἀρκύων
2888 1618 3049 1700 εἴσω
3074 1642 3129 1683 10

656 1752 802 1825 τῶν
867 1750 993 1846 τῆς
1057 1748 1408 1850 ἁμαρτίας
1472 1748 1976 1847 πεπτώκαμεν·
2062 1759 2104 1797 “
2130 1746 2393 1833 πάντες
2467 1745 2611 1852 γὰρ
2669 1745 3051 1853 ἐξέκλιναν,

656 1879 701 1916 “
737 1866 886 1968 ἅμα
950 1870 1453 1976 ἠχρειώθησαν
1473 1875 1511 1902 ”
1573 1874 1756 1954 κατά
1820 1909 1904 1978 γε
1969 1873 2056 1954 τὸ
2122 1873 2644 1978 γεγραμμένον·
2722 1879 2882 1957 ταῖς
2936 1876 3051 1951 τοῦ

657 1995 1006 2091 διαβόλου
1087 1997 1541 2101 κατηγορίαις
1614 1998 1987 2101 γεγονότες
2060 1997 2325 2104 ἔνοχοι,
2408 1994 2726 2098 στυγνόν
2798 2031 2877 2079 τε
2946 1995 3051 2074 καὶ

657 2121 907 2218 ἀμειδῆ
965 2117 1293 2222 διεζῶμεν
1347 2120 1532 2216 βίον.
1601 2119 1743 2228 εἶχε
1800 2121 1876 2201 δὲ
1925 2121 2093 2204 καθ’
2153 2124 2356 2222 ἡμῶν
2388 2121 2898 2228 χειρόγραφον,
2934 2119 3053 2220 τὴν

657 2245 734 2322 ἐκ
791 2251 919 2322 τοῦ
968 2245 1159 2324 θείου
1202 2242 1422 2343 νόμου
1476 2253 1625 2331 τοῖς
1680 2248 2261 2350 παραβαίνουσιν
2315 2245 2808 2350 ἐπηρτημένην
2864 2242 3052 2349 ἀρὰν,
3076 2258 3130 2318 ¹5

596 2393 633 2436 ο
658 2370 773 2446 καὶ
811 2366 941 2467 τὴν
979 2367 1163 2447 κατὰ
1198 2377 1327 2450 τοῦ
1363 2374 1491 2470 τῆς
1536 2371 1839 2478 ἀρχαίας
1891 2371 2153 2471 ἐκείνης
2204 2368 2894 2475 παρολισθήσαντος
2944 2371 3049 2449 ἐν·

657 2496 877 2592 τολῆς
914 2491 1409 2599 ἐξενεχθεῖσαν
1445 2498 1729 2603 ψῆφον,
1763 2493 1929 2575 καθ’
1969 2493 2355 2596 ὁμοιότητα
2390 2494 2523 2596 τὴν
2558 2496 2846 2593 ἐκείνου,
2878 2488 3055 2574 κατὰ

655 2614 926 2702 παντὸς
997 2618 1384 2721 ἐρχομένην
1447 2628 1577 2700 τοῦ
1651 2617 1916 2723 γε’νους,
1980 2619 2103 2702 ἅτε
2170 2618 2258 2719 δὴ
2326 2623 2446 2700 καὶ
2511 2617 2712 2723 παρὰ
2776 2617 3063 2700 πάντωνί

655 2742 1202 2843 παραλυομένου
1238 2751 1367 2823 τοῦ
1405 2747 1784 2829 δοκοῦντος
1822 2747 2013 2853 Θεῷ.
2094 2746 2178 2824 οὐ
2212 2744 2357 2848 γὰρ
2395 2743 2627 2845 δήπου
2664 2743 3057 2844 λελύπηται

656 2866 787 2966 μὲν
841 2868 919 2947 ἐν
954 2865 1198 2967 Ἀδὰμ
1244 2871 1751 2950 διαπταίσαντι
1790 2868 2001 2966 Θεὸς,
2059 2868 2291 2950 οὐκέτι
2344 2867 2420 2949 δὲ
2475 2868 2565 2970 ἦν
2620 2875 2944 2954 τοιοῦτος
2991 2868 3057 2945 ἐν
3079 2888 3138 2930 20
3198 2966 3199 2977 ἵ

654 3001 801 3077 τοῖς
851 2994 1003 3093 μετ’
1044 2995 1307 3074 ἐκεῖνον
1344 2992 1769 3099 ἀτιμάζουσι
1815 2993 1899 3074 τὸ
1939 2996 2042 3102 τῷ
2080 2994 2408 3074 κτίσαντι
2445 3000 2724 3092 δοκοῦν,
2761 2993 2934 3073 ἀλλ’
2972 2993 3058 3073 ὡς

657 3119 767 3223 ἐφ’
832 3118 990 3202 ἐνὸς
1051 3117 1234 3199 κατὰ
1291 3119 1585 3200 πάντων
1653 3121 1693 3200 5
1754 3125 1902 3205 τοῖς
1965 3127 2531 3219 πλημμελοῦσιν
2589 3117 3059 3220 ἐπηρτημένος

657 3242 1036 3346 ἐξετείνετο
1066 3242 1303 3337 νόμος.
1364 3242 1542 3343 ἦμεν
1579 3245 1704 3323 οὖν
1741 3242 2104 3346 ἐπάρατοι,
2135 3248 2250 3323 καὶ
2288 3250 2377 3349 τῇ
2407 3244 2562 3351 θείᾳ
2592 3241 2832 3351 ψήφῳ
2855 3275 3061 3322 κατα-

659 3363 1074 3464 κεκριμένοι,
1111 3365 1229 3443 διά
1284 3399 1363 3444 τε
1420 3365 1551 3464 τὴν
1588 3368 1666 3446 ἐν
1699 3366 1942 3465 Ἀδὰμ
1983 3367 2429 3471 παράβασιν,
2467 3370 2586 3448 καὶ
2640 3366 2775 3467 τὴν
2810 3370 2890 3446 ἐκ
2945 3371 3060 3446 τοῦ

659 3492 810 3582 μετ’
848 3488 1113 3565 ἐκεῖνον
1169 3489 1656 3591 διορισθε”ντος
1712 3487 1951 3588 νόμου·
2016 3490 2216 3572 ἀλλα
2262 3501 2477 3573 τοῦτο
2522 3489 2607 3573 τὸ
2653 3489 2823 3572 καθ’
2864 3492 3059 3591 ἡμῶν
3083 3505 3140 3567 25

595 3635 634 3699 d
661 3608 1142 3717 χειρόγραφον
1196 3612 1585 3718 ἐξήλειψεν
1644 3617 1685 3695 5
1733 3614 2017 3720 Σωτὴρ,
2079 3617 2584 3720 προσηλώσας
2638 3615 2767 3696 τὸν
2824 3616 3062 3696 τίτλον

659 3737 762 3842 τῷ
819 3733 972 3813 ἰδίω
1028 3739 1346 3844 σταυρῷ,
1394 3743 1661 3845 σαφως
1718 3740 1795 3820 ευ
1848 3739 2054 3839 μάλα
2110 3742 2559 3840 σημαίνοντα
2613 3737 2740 3821 τὸν
2798 3743 2916 3821 ἐπὶ
2970 3741 3064 3844 τῷ

661 3859 866 3967 ξύλω
916 3857 1328 3958 θάνατον,
1297 3897 1381 3941 ον
1435 3863 1611 3966 ὑπὲρ
1667 3868 1792 3962 τῆς
1845 3870 1991 3943 τῶν
2036 3864 2744 3967 καταδεδικασμένων
2794 3864 3063 3960 ὑπέστη

662 3984 864 4088 ζωῆς.
961 3983 1233 4095 ἐξέτισε
1291 3986 1435 4091 γὰρ
1492 3986 1669 4091 ὑπὲρ
1726 3990 1926 4088 ἡμῶν
1978 3987 2107 4073 τὰς
2165 3987 2342 4093 ὑπὲρ
2397 3996 2544 4069 τῶν
2597 3986 3065 4091 ἐγκλημάτων

801 4180 1151 4247 προσηλῶσαί
1179 4181 1239 4236 Ε.
1268 4181 1433 4237 Cord.
1458 4206 1499 4238 π
1533 4206 1561 4237 ο
1564 4183 1845 4253 σηλῶσθαί
1870 4183 1968 4239 Ed.
1996 4184 2368 4255 [προσηλῶσαι
2391 4184 2555 4241 Cord.
2575 4184 2796 4240 adnotat
2818 4193 2872 4239 et
2898 4178 3063 4250 Aub.]

670 4263 717 4302 2.
730 4193 824 4317 Ιθρ
827 4270 876 4301 ια
955 4250 1111 4307 εὖσας
1134 4275 1189 4306 τε
1218 4253 1340 4323 (sic)
1321 4254 1534 4320 )Cor.
1560 4254 1982 4327 θριαμβεύσαντα
2007 4273 2056 4309 a.
2573 4275 2624 4324 4.
2664 4254 2999 4342 προσέπηξεν
3019 4269 3064 4304 a·

668 4318 720 4371 6.
760 4322 832 4391 τῷ
899 4321 970 4373 τὼ
997 4320 1134 4377 Cod.
1141 4323 1163 4394 ]
1193 4324 1251 4378 E.
1294 4327 1354 4378 τὸ
1381 4324 1484 4378 Ed.
1609 4329 1764 4379 τοῦτο
1805 4326 1846 4380 F
1871 4343 2137 4396 suprascr.
2173 4328 2294 4381 “al.
2319 4327 2502 4381 τοῦτο’
2508 4325 2655 4382 ’Ed-
2681 4344 2793 4397 mg.
2819 4346 2987 4398 rom-q·
3012 4320 3063 4376 F·

672 4389 775 4444 Ed.
850 4413 939 4445 ουν
964 4393 1088 4447 καθὸ
1114 4395 1357 4463 γενέσθαι
1383 4398 1536 4450 τοῦτο
1561 4395 1801 4468 ἐφῆκεν*
1776 4419 1845 4453 ως
1869 4414 1917 4451 a.
2162 4411 2212 4469 7.
2249 4399 2351 4471 γὰρ
2378 4416 2475 4469 pro
2500 4398 2556 4453 δέ
2582 4416 2631 4452 a.
2882 4396 2938 4451 8.
2974 4414 3064 4462 mr

667 4462 861 4529 μαίνων
885 4480 934 4515 a.
971 4484 1057 4533 γρ.
1083 4467 1344 4533 σημαίνων
1371 4466 1473 4520 Ed.
1503 4485 1612 4537 mg.
1653 4489 1902 4536 σημαινον
1930 4466 2089 4524 habet
2118 4468 2174 4523 F.
2570 4487 2623 4540 9.
2660 4466 2774 4556 τῆς]
2809 4473 2867 4531 -ff-
2898 4471 3001 4520 *ὃν
3021 4480 3065 4517 ⁸·

675 4549 757 4586 12.
794 4530 925 4622 ἅμα]
961 4540 1018 4597 -l-
1049 4536 1128 4589 καὶ
1159 4536 1322 4592 Cord.
1429 4559 1489 4609 γε
1515 4550 1854 4627 assumptum
1881 4557 1945 4593 ex
1974 4538 2036 4593 Ε.
2565 4557 2647 4609 14.
2686 4539 2999 4611 ιδιόγραφον
3020 4550 3065 4589 ⁸·

675 4619 756 4670 15.
796 4626 1018 4675 καταραν
1042 4623 1088 4660 a.
1451 4624 1537 4675 ²5·
1569 4609 1690 4664 καθ’
1719 4609 1847 4678 ἡμᾶς
1874 4608 2040 4665 Cord.
