3269 5166
242 344 325 406 ix.
368 360 593 427 14,15.
746 344 856 408 IN
905 344 1425 408 EPISTOLAM
1476 343 1603 407 AD
1658 343 2124 409 ROMANOS.
2505 346 2632 410 227

236 507 661 607 θελημάτων
696 509 1201 604 ἀβασανίστου
1251 513 1488 611 τυχεῖν
1524 506 1652 587 τὸν
1687 507 1954 603 Ἰακὼβ
2008 512 2124 589 καὶ
2182 507 2310 587 τὸν
2347 508 2625 606 Ἡσαῦ,

234 635 351 710 καὶ
407 630 532 711 τὸν
572 630 705 730 μὲν
739 633 1162 733 ἠγαπῆσθαι
1219 632 1362 737 ἰδίᾳ
1409 631 1648 735 χάριτι
1686 633 2191 716 κατανεύοντος
2234 640 2363 711 τοῦ
2413 636 2629 729 Θεοῦ,

232 752 361 832 τὸν
411 754 486 834 δὲ
532 759 1006 854 μεμισῆσθαι,
1046 760 1498 857 προαναιρῶν
1535 756 1934 857 ἀναγκαίως
1985 758 2024 836 5
2069 755 2482 838 ἀπόστολος
2534 757 2631 839 ὡς

234 877 561 979 ὀλέθριον
598 878 733 977 τὴν
770 881 884 959 ἐπὶ
938 878 1167 985 τούτῳ
1224 877 1597 982 διάληψιν,
1637 887 1789 963 ταῖς
1845 880 2118 959 ἀνωθεν
2153 879 2436 985 ψήφοις
2471 911 2627 958 πει-

174 1029 207 1089 5
233 1006 444 1102 ρᾶται
492 1009 942 1104 συνηγορεῖν,
979 1009 1127 1085 τοῖς
1172 1003 1389 1081 αὑτοῦ
1427 999 1673 1103 λόγοις
1710 1001 1793 1083 τὸ
1832 1002 2341 1109 ἀντιφέρεσθαι
2378 1005 2635 1081 δοκοῦν

234 1125 455 1203 οἱονεί
492 1159 647 1208 πως
692 1121 1146 1208 ἀντανιστάς’
1204 1129 1263 1204 εἰ
1305 1123 1447 1227 γὰρ
1485 1123 1594 1224 δὴ,
1637 1129 1846 1231 φησί,
1886 1129 2004 1205 καὶ
2048 1125 2220 1228 πρίν
2255 1159 2322 1204 τι
2368 1123 2635 1227 δράσαι

232 1245 326 1326 τὰ
371 1248 619 1353 βρέφη
674 1251 793 1327 καὶ
844 1246 986 1350 πρὸ
1038 1247 1285 1350 πείρας
1337 1249 1554 1348 αὐτῆς
1597 1253 1714 1329 καὶ
1751 1247 2221 1351 πραγμάτων,
2262 1250 2301 1327 5
2340 1246 2470 1345 μὲν
2508 1251 2633 1346 τῆς

233 1369 522 1470 ἀγάπης
577 1371 861 1475 ἠξίωτο,
902 1373 941 1450 5
990 1370 1067 1451 δὲ
1113 1372 1520 1471 μεμίσηται,
1571 1372 1870 1452 τέτακτο
1922 1370 1998 1452 δὲ
2052 1375 2170 1451 καὶ
2218 1377 2314 1454 εἰς
2372 1376 2635 1451 δοῦλον

232 1498 338 1601 τῷ
383 1493 762 1592 ἐλάσσονι,
799 1493 986 1599 τάχα
1033 1529 1197 1591 που,
1237 1501 1446 1600 φησι,
1486 1497 1605 1574 καὶ
1653 1496 1893 1579 ἄδικος
1931 1497 1971 1574 5
2012 1490 2223 1578 Θεός·
2284 1491 2435 1574 εἶτα
2480 1502 2634 1578 πῶς

130 1659 208 1699 10
233 1625 447 1697 τοῦτο
483 1619 610 1697 οὐκ
647 1618 1118 1718 ἀπόπληκτον
1148 1650 1168 1712 3
1232 1622 1291 1697 εἰ
1335 1615 1465 1714 μὲν
1500 1616 1645 1720 γὰρ
1680 1620 1763 1698 οὐ
1813 1619 2106 1720 γε’γονεν
2144 1613 2324 1720 ἀνὴρ
2362 1616 2633 1718 ἀγαθὸς

231 1741 274 1819 5
316 1740 607 1838 Ἰακὼβ,
646 1747 704 1820 εἰ
753 1740 852 1841 μὴ
908 1739 1219 1844 πονηρὸς
1266 1743 1306 1819 5
1343 1742 1618 1839 Ἡσαῦ,
1659 1744 1837 1846 φαίη
1881 1777 1988 1826 τις
2041 1739 2129 1822 ἂν
2175 1739 2457 1825 εἰκότως
2499 1775 2629 1821 πε-

227 1869 658 1963 πλανῆσθαι
711 1863 899 1968 τάχα
953 1899 1097 1944 που
1144 1863 1277 1963 τὴν
1320 1862 1764 1967 πρόγνωσιν,
1803 1869 1919 1945 καὶ
1958 1868 2183 1970 ῥοπῆς
2220 1866 2480 1949 εἰκαίας
2517 1867 2635 1944 καὶ

230 1987 663 2088 θελημάτων
720 1989 848 2068 οὐκ
920 1991 1289 2094 ἀσφαλῶν
1352 1988 1566 2090 ἔργον
1628 1987 1958 2090 γενέσθαι
2039 1987 2132 2067 τὰ
2188 1986 2295 2067 ἐπ’
2361 1989 2634 2095 ἀμφοῖν

231 2111 619 2212 ὡρισμένα·
676 2110 914 2211 ἐπειδὴ
966 2111 1041 2191 δὲ
1075 2109 1328 2195 σκαιὸς
1376 2112 1507 2210 μὲν
1543 2109 1633 2211 ἦν
1670 2113 1839 2192 λίαν
1883 2115 1922 2193 5
1972 2114 2242 2209 Ἡσαῦ,
2282 2110 2521 2217 σοφὸς
2558 2110 2635 2189 δὲ

130 2270 203 2329 ¹5
233 2237 274 2313 5
309 2233 601 2332 Ἰακὼβ,
639 2235 1041 2334 ἀδικήσειεν
1085 2232 1175 2314 ἂν
1221 2234 1267 2333 ἡ
1319 2243 1446 2314 τοῦ
1483 2240 1678 2315 Θεοῦ
1726 2235 2142 2339 πρόγνωσις
2197 2233 2280 2315 τὸ
2335 2234 2638 2333 σύμπαν

232 2359 461 2456 οὐδὲν,
493 2356 913 2461 χαριζομένη
970 2361 1086 2438 καὶ
1139 2357 1285 2461 πρὸ
1321 2367 1567 2461 καιροῦ
1603 2365 1706 2466 τῷ
1765 2358 1895 2456 μὲν
1932 2362 2183 2467 ἀγαθῷ
2238 2356 2404 2443 τοὺς
2457 2355 2627 2460 τρό-

229 2517 414 2566 πους
448 2480 533 2561 τὸ
570 2485 991 2585 ἀγαπᾶσθαι
1026 2487 1189 2580 δεῖν,
1216 2485 1319 2590 τῷ
1355 2482 1431 2561 δὲ
1467 2482 1567 2581 μὴ
1596 2483 1892 2591 τοιούτῳ
1929 2482 2013 2563 τὸ
2051 2481 2628 2586 κατακρίνεσθαι·

230 2606 746 2712 ἀνεξικακῆσαι
804 2605 936 2704 μὲν
1000 2604 1142 2708 γὰρ
1207 2606 1334 2685 τὸν
1404 2605 1623 2703 Θεὸν,
1685 2610 1803 2687 καὶ
1868 2604 1997 2686 τὸν
2058 2614 2203 2686 τῶν
2261 2603 2638 2709 δρωμένων

229 2734 629 2830 περιμεῖναι
689 2730 934 2832 καιρὸν
997 2728 1323 2833 χαλεπὸν
1385 2727 1608 2826 οὐδὲν,
1675 2729 1793 2808 ἵνα
1867 2729 1955 2837 ἐξ
2015 2731 2250 2810 αὐτῶν
2313 2728 2638 2832 ἑκάτερος

124 2903 205 2943 20
230 2852 681 2958 διαφαίνοιτο
706 2860 851 2931 τῶν
878 2852 1349 2956 πραγμάτων.
1411 2851 1649 2952 ε’πειδὴ
1688 2851 1763 2933 δὲ
1793 2851 1881 2953 ἦν
1913 2856 2303 2953 ἀναγκαῖον
2327 2855 2455 2951 τῆς
2484 2854 2634 2931 κατ’

227 2975 544 3077 ἐκλογὴν
578 2976 865 3081 χάριτος
901 2982 1015 3056 καὶ
1053 2980 1181 3074 τῆς
1216 2979 1294 3055 ἐν
1325 2976 1742 3078 προγνώσει
1778 2981 2045 3078 δωρεᾶς
2090 2981 2633 3076 προανατυποῦ-

227 3105 411 3178 σθαι
463 3097 549 3176 τὸ
595 3099 1015 3200 μυστήριον,
1050 3100 1382 3204 ταύτῃτοι
1426 3101 1803 3204 χρησίμως
1840 3101 1879 3178 5
1917 3106 2061 3179 τῶν
2095 3093 2433 3176 τοιούτων
2468 3095 2637 3194 ἡμῖν

228 3221 754 3326 ἀριστοτέχνας
791 3221 996 3318 Θεὸς,
1023 3225 1402 3327 μονονουχὶ
1433 3227 1547 3303 καὶ
1581 3222 2045 3327 ἐπεδράττετο
2073 3229 2200 3302 τοῦ
2228 3227 2492 3322 καιροῦ,
2522 3224 2638 3299 καὶ

226 3349 307 3426 ἐν
342 3352 435 3449 τῇ
475 3351 622 3425 τῶν
657 3347 933 3426 παίδων
976 3344 1257 3446 γενέσει
1291 3345 1897 3451 πεπληροφόρηκε
1934 3345 2061 3426 τὸν
2095 3343 2372 3441 Ἰσαὰκ,
2409 3346 2504 3427 ὦς
2540 3343 2639 3428 εἷς

125 3512 153 3550 2
162 3508 197 3566 5
226 3503 306 3549 τε
375 3471 493 3548 καὶ
568 3466 785 3568 μόνος
859 3470 1199 3575 ὑπάρχων
1269 3468 1358 3576 ἐξ
1422 3468 1789 3574 Ἀβραὰμ,
1857 3466 2357 3573 ἀναριθμήτων
2431 3468 2636 3547 ἔσται

224 3591 475 3695 πατὴρ
518 3593 747 3672 ἐθνῶν
795 3599 937 3671 τῶν
986 3591 1075 3699 ἐξ
1123 3593 1559 3694 ἐπαγγελίας
1613 3597 1730 3674 καὶ
1785 3597 1882 3678 ὡς
1936 3597 2011 3674 ἐν
2064 3593 2307 3672 πίστει
2361 3597 2633 3692 κληθη-

224 3719 587 3816 σομένων·
644 3723 705 3797 εἰ
737 3715 812 3796 δὲ
850 3715 938 3815 δὴ
975 3714 1156 3796 κατὰ
1193 3722 1469 3817 γνῶσιν
1505 3716 1625 3801 οῦς
1663 3715 1751 3796 ἂν
1785 3717 2023 3796 ἕλοιτο
2061 3714 2300 3821 τυχὸν,
2338 3723 2631 3815 μᾶλλον

226 3840 306 3921 δὲ
363 3842 485 3922 καὶ
539 3837 647 3924 οἷς
697 3837 786 3919 ἂν
822 3836 1105 3925 εἰκότως
1153 3838 1236 3920 τὸ
1292 3842 1650 3921 ἐλεεῖσθαι
1704 3839 1988 3945 πρέποι,
2040 3840 2356 3944 οἰκτείρει
2409 3838 2634 3920 πάλιν

223 4113 357 4222 exn
318 4099 554 4223 τυχὸν
578 4096 649 4151 A.
746 4098 840 4150 τοῦ
864 4096 1028 4154 laxem
1051 4098 1133 4152 και
1156 4100 1249 4153 τοῦ
1272 4096 1343 4152 A.
1547 4115 1596 4153 2.
1634 4097 1996 4156 κατανεύοντος
2017 4102 2110 4154 τοῦ
2135 4101 2271 4153 Θεοῦ
2295 4105 2632 4190 assumptum

606 4166 970 4238 3,.μισεῖσθαι
995 4168 1063 4222 A.
1294 4166 1347 4222 6.
1384 4167 1631 4227 ἇνθιστάς
1655 4169 1723 4225 A.
1956 4186 2007 4241 7.
2045 4171 2127 4224 καὶ
2149 4170 2253 4240 πρὸ
2275 4169 2456 4240 πείρας
2478 4169 2633 4238 αὐτῆς

221 4241 310 4293 nal
318 4168 660 4321 πραγμάτωί
676 4255 788 4292 om.
812 4239 883 4291 A.
1096 4238 1149 4292 8.
1185 4235 1396 4309 ἠξίωται
1423 4240 1490 4294 A.
1705 4257 1758 4311 9.
1795 4242 1933 4328 φησι
1959 4249 2083 4310 post
2104 4246 2213 4296 πῶς
2235 4239 2539 4309 transponit
2562 4240 2631 4293 A.

228 4325 315 4376 14.
352 4312 476 4364 λίαν
495 4307 598 4377 ἦν
582 4324 804 4363 loverno
828 4306 1017 4361 ordine
1040 4309 1109 4361 A.
1573 4308 1656 4364 16.
1692 4310 1856 4377 ουδὲν,
1882 4309 2212 4382 χαριζομένη]
2240 4311 2301 4364 οὗ
2363 4309 2632 4379 αριζομένη

225 4380 559 4470 (perperam)
585 4381 654 4434 A.
921 4392 1004 4448 17.
1041 4380 1149 4432 δεῖν
1172 4395 1278 4433 om.
1306 4379 1374 4433 A.
1589 4397 1674 4434 22.
1710 4380 1828 4447 ἡμῖν
1851 4390 2185 4450 assumptum
2212 4399 2276 4434 ex
2301 4332 2369 4434 A(
2441 4379 2634 4434 Statim

218 4472 595 4522 αριστοτεχνης
632 4451 703 4504 A.
743 4447 938 4519 Migne
974 4466 1002 4502 e
1039 4466 1140 4503 suo
1176 4448 1269 4502 sed
1308 4450 1376 4503 cf.
1414 4466 1575 4519 supra
1610 4450 1666 4503 in
1706 4451 1763 4505 S.
1789 4451 1948 4507 Joan.
1985 4451 2086 4522 296
2111 4452 2165 4518 b,
2204 4453 2307 4505 vol.
2333 4451 2369 4504 i.
2395 4463 2516 4517 435,
2550 4462 2631 4516 17.

222 4523 309 4577 26.
345 4524 415 4580 ὣς
439 4523 525 4577 καὶ
550 4523 775 4577 inverso
800 4517 989 4573 ordine
1013 4519 1080 4573 A.
1190 4519 1664 4590 κληρωθησομένων
1688 4522 1755 4576 A.
2119 4523 2202 4575 28.
2241 4521 2448 4575 πόλιν“
2424 4541 2491 4573 ως
2518 4517 2634 4572 θεὸς

220 4610 328 4648 om.
356 4598 423 4649 A.

1345 4692 1532 4756 ogz

2684 444 2935 509 [36M·]
