3269 5166
250 353 330 420 iii.
359 375 407 433 1,
440 375 493 424 2.
745 359 852 423 IN
903 357 1426 425 EPISTOLAM
1477 357 1606 424 AD
1660 359 2165 425 HEBRAEOS.
2469 359 2600 424 399

2637 466 2660 530 [
2689 478 2783 528 ¹¹4
2805 465 2884 516 Μ·
2910 465 2937 532 ]

248 527 288 566 “
316 519 498 602 ἔστιν
546 526 774 604 ἀδικία
828 527 905 605 ἐν
950 526 1166 634 αὐτῷ,
1224 524 1488 610 δίκαιος
1542 526 1659 605 καὶ
1714 522 1914 608 ὅσιος
1971 525 2012 603 5
2074 523 2399 626 Κύριος·”
2457 521 2600 626 ἔφη

248 643 322 720 δέ
342 677 439 729 τις
472 649 584 725 καὶ
617 655 762 728 τῶν
796 653 1128 751 Χριστοῦ
1175 655 1514 749 μαθητῶν
1551 660 1596 697 “
1617 645 1854 728 “Ὠστε
1910 650 2027 727 καὶ
2076 653 2143 729 οἶ
2189 646 2600 751 πάσχοντες
2623 686 2650 751 .¹
2670 672 2854 725 s.1>et.

249 776 286 813 “
314 768 479 847 κατὰ
511 769 592 850 τὸ
629 771 911 873 θέλημα
953 781 1081 852 τοῦ
1119 778 1312 852 Θεοῦ
1353 777 1596 880 πιστῷ
1638 774 1899 878 κτίστῃ
1943 769 2600 874 παρατιθέσθωσαν
2620 751 2788 805 xv.19.

248 898 285 935 “
311 888 428 974 τὰς
482 895 725 1001 ψυχὰς
782 895 1085 995 αὐτῶν,”
1126 899 1242 977 καὶ
1301 895 1447 995 μὴν
1502 900 1620 976 καὶ
1682 897 1723 976 5
1786 901 2084 979 Παῦλος
2146 905 2189 943 “
2218 891 2499 978 Πιστὸς
2557 894 2600 972 5
2629 927 2652 964 ι
2675 915 2791 966 Cor.
2813 915 2846 965 i.
2870 931 2920 982 9·

198 1021 283 1089 5⁴⁶
313 1013 479 1098 Θεὸς
532 1019 618 1097 δι’
665 1018 749 1097 οὗ
804 1018 1149 1120 ἐκλήθητε
1202 1026 1298 1104 εἲς
1351 1019 1722 1099 κοινωνίαν
1775 1026 1903 1099 τοῦ
1965 1024 2114 1098 υἱοῦ
2172 1019 2455 1097 ain-013?
2532 1018 2611 1096 τί

245 1132 367 1236 γὰρ
397 1138 627 1242 ἕτερον
662 1146 740 1221 ἐν
774 1142 1048 1228 τούτοις
1083 1144 1251 1244 ἡμῖν
1288 1145 1620 1243 σημαίνει
1666 1143 1752 1223 τό
1791 1141 2042 1228 Πιστός
2095 1140 2142 1240 ἢ
2197 1140 2283 1221 τὸ
2340 1143 2599 1245 ἀσφα-

244 1257 359 1356 λής
405 1295 477 1341 ΤΕ
530 1268 646 1343 Καὶ
701 1265 995 1361 βέβαιος
1049 1272 1165 1346 καὶ
1221 1265 1610 1374 ἀξιόχρεως
1665 1273 1761 1351 εἶς
1814 1268 2065 1346 πίστιν
2108 1261 2213 1345 ὧν
2266 1264 2355 1343 ἂν
2406 1266 2604 1363 λέγοι

244 1380 446 1486 πῑχῶν
499 1384 546 1488 ἢ
608 1385 711 1468 ὧν
766 1388 856 1468 ἂν
908 1389 1147 1470 ἕλοιτο
1212 1397 1660 1492 κατορθοῦν;
1733 1389 1985 1493 γε’γονε
2046 1388 2123 1468 δὲ
2179 1395 2496 1468 τοιοῦτος
2562 1387 2601 1463 5
2625 1403 2753 1454 forte
2779 1403 2938 1467 τυχὸν

245 1505 393 1590 Υἱὸς
421 1512 519 1616 τῷ
557 1519 795 1617 Πατρὶ
831 1517 948 1593 καὶ
985 1517 1060 1594 ἐν
1094 1514 1585 1618 ἀνθρωπότητι
1638 1514 2086 1615 καθιγμένος,
2129 1515 2245 1592 καὶ
2281 1508 2602 1613 σταυρὸν

167 1657 187 1697 ¹
194 1659 226 1700 0
246 1633 341 1708 καὶ
380 1633 679 1716 θάνατον
724 1638 1043 1723 ἀνατλὰς
1096 1639 1213 1718 ἵνα
1269 1639 1700 1744 κατορθώσῃ
1746 1638 1829 1719 τὸ
1872 1640 2065 1743 αὐτῷ
2111 1640 2387 1718 δοκοῦν.
2460 1635 2601 1742 ἔφη

326 1760 355 1778 Α

242 1784 393 1851 γῠυν
432 1766 473 1803 “
497 1759 675 1839 Ὅτι
731 1762 1190 1862 καταβέβηκα
1243 1766 1321 1843 ἐκ
1375 1771 1504 1842 τοῦ
1559 1765 1862 1865 οὐρανοῦ
1916 1764 2050 1868 οὐχ
2102 1762 2220 1844 ἵνα
2275 1767 2458 1842 ποιῶ
2515 1756 2600 1838 τὸ
2625 1781 2675 1831 S-
2693 1780 2734 1831 J
2734 1795 2847 1830 0⁸11.
2867 1779 2938 1830 vi.

242 1884 281 1921 “
308 1875 569 1978 θέλημα
602 1885 688 1963 τὸ
726 1883 897 1981 ἐμὸν
932 1884 1131 1965 ἀλλὰ
1168 1883 1252 1965 τὸ
1290 1887 1573 1984 θέλημα
1607 1894 1735 1965 τοῦ
1770 1884 2196 1991 πέμψαντός
2234 1910 2342 1982 με·
2388 1890 2602 1963 τοῦτο
2627 1847 2809 1912 38’39'

241 2009 278 2044 “
307 2001 384 2080 δέ
405 2007 557 2085 ἐστι
590 2006 678 2087 τὸ
710 2005 996 2107 θέλημα
1031 2018 1158 2088 τοῦ
1192 2007 1617 2114 πέμψαντός
1652 2044 1741 2110 με
1777 2010 1897 2090 ἵνα
1929 2016 2077 2089 πᾶν
2113 2007 2152 2088 ὃ
2190 2006 2455 2089 δέδωκέ
2482 2040 2604 2105 μοι

241 2131 278 2169 “
305 2123 395 2225 μὴ
446 2131 795 2211 ἀπολέσω
848 2133 938 2238 ἐξ
987 2134 1205 2213 αὐτοῦ
1261 2132 1431 2212 ἀλλ’
1489 2131 1890 2234 ἀναστήσω
1947 2133 2120 2213 αὐτὸ
2175 2138 2265 2236 τῇ
2331 2128 2607 2235 ἐσχάτῃ

164 2268 220 2326 15
242 2254 278 2293 ‘⁴
307 2249 571 2359 ἡμερᾳ.”
651 2254 989 2354 δεδόμεθα
1040 2255 1185 2362 γὰρ
1242 2260 1339 2342 ὡς
1395 2262 1678 2360 Σωτῆρι
1734 2259 1851 2337 καὶ
1899 2258 2217 2362 ζωοποιῷ
2260 2262 2364 2362 τῷ
2417 2260 2601 2361 Υὶῷ,

239 2374 339 2451 καὶ
375 2384 580 2458 τοῦτο
625 2376 720 2477 ἦν
754 2379 967 2484 ἔργον
1008 2381 1199 2489 αὐτῷ
1244 2378 1445 2483 παρὰ
1486 2388 1613 2460 τοῦ
1653 2379 1961 2482 Πατρός·
2019 2383 2293 2482 ἐνεργεῖ
2327 2377 2472 2481 γὰρ
2517 2377 2606 2456 δι’

240 2498 394 2578 Υἰοῦ
443 2510 589 2583 πᾶν
632 2505 744 2583 ὅτι
793 2503 882 2583 ἂν
927 2502 1268 2600 βούλοιτο
1324 2511 1853 2609 κατορθοῦσθαι
1898 2510 2307 2608 θεοπρεπῶς
2341 2502 2451 2582 ὅτι
2489 2507 2606 2581 καὶ

240 2621 499 2723 δύναμις
537 2629 758 2708 αὐτοῦ
796 2631 954 2709 ε’στι
995 2630 1111 2709 καὶ
1146 2631 1402 2735 σοφία.
1477 2629 1595 2708 διὰ
1626 2638 1839 2709 τοῦτο
1885 2633 1999 2709 καὶ
2038 2627 2250 2713 αὐτὸς
2284 2628 2605 2731 ἔφασκεν

241 2743 275 2822 ὁ
302 2748 459 2845 Υἱός
495 2761 538 2799 “
573 2749 779 2853 Ἐγῶ
817 2751 892 2832 δὲ
925 2751 1066 2858 ἔχω
1103 2751 1236 2853 τὴν
1272 2753 1667 2855 μαρτυρίαν
1714 2753 1834 2851 μεί
1863 2790 1923 2832 ω
1955 2761 2083 2832 τοῦ
2118 2750 2474 2847 Ἰωάννου,
2511 2750 2604 2829 τά
2632 2774 2711 2825 1b.
2732 2790 2783 2826 v.
2807 2773 2889 2840 36.

161 2887 221 2928 ²0
241 2876 277 2913 “
305 2871 430 2975 γὰρ
478 2876 657 2979 ἔργα
715 2872 764 2954 ἃ
819 2875 1085 2956 δέδωκέ
1122 2910 1243 2974 μοι
1294 2878 1335 2955 5
1375 2876 1633 2977 Πατὴρ
1687 2876 1803 2956 ἵνα
1856 2875 2221 2956 τελειώσω
2276 2872 2457 2953 αὐτὰ
2513 2872 2605 2952 τὰ

238 3000 274 3037 “
304 2994 463 3097 ἔργα
517 2998 566 3078 ἃ
622 2996 770 3102 ε’γῶ
825 3006 1008 3079 ποιῶ
1062 3007 1412 3100 μαρτυρεῖ
1460 3004 1623 3103 περὶ
1682 3002 1854 3097 ἐμοῦ
1918 3000 2028 3078 ὅτι
2092 3000 2133 3078 5
2196 2995 2455 3096 Πατήρ
2516 3030 2604 3094 με

239 3122 275 3160 “
303 3121 667 3202 ἀπέστειλε
680 3124 741 3169 ·”
800 3120 1081 3230 ψάλλει
1109 3122 1201 3202 δέ
1216 3157 1360 3203 που
1387 3126 1502 3204 καὶ
1527 3125 1566 3202 5
1589 3123 1859 3203 Δαυείδ
1895 3133 1939 3170 “
1958 3120 2329 3202 Ἔντειλαι
2357 3122 2397 3199 5
2421 3119 2607 3203 Θεὸς
2632 3152 2716 3204 Ps.
2733 3151 2878 3204 lxvii.

239 3248 276 3285 “
303 3246 383 3347 τῇ
407 3246 711 3347 ’δυνάμει
742 3276 908 3345 σου,
943 3245 1375 3346 δυνάμωσον
1412 3249 1453 3327 5
1492 3244 1680 3332 Θεός
1714 3254 1927 3328 τοῦτο
1962 3245 2006 3326 ὃ
2043 3242 2494 3347 κατειργάσω
2530 3245 2606 3323 ἐν
2632 3232 2713 3285 '²⁹'

238 3372 275 3411 α
326 3366 531 3463 (μῖμον,

158 3500 219 3562 25
336 3492 509 3596 Φέρε
545 3492 625 3574 δὲ
661 3492 1486 3598 πολυπραγμονήσωμεν
1520 3500 1581 3574 εἰ
1616 3497 1823 3590 δοκεῖ,
1862 3494 1968 3577 τίς
2009 3493 2097 3592 δὴ
2145 3494 2285 3594 ἄρα
2329 3496 2444 3573 καὶ
2492 3495 2608 3575 ἐπὶ

239 3610 371 3691 τίσι
402 3619 653 3719 γέγονε
694 3622 797 3725 τῷ
830 3624 986 3725 Υὶῷ
1021 3623 1149 3718 τῆς
1195 3619 1530 3720 ἱερατείας
1584 3620 1624 3698 5
1674 3615 1970 3721 τρόπος,
2010 3616 2313 3721 πότερον
2351 3620 2599 3697 δουλο-

239 3737 489 3838 πρεπὴς
547 3744 668 3820 καὶ
723 3746 850 3841 τῆς
905 3742 1144 3844 ἑτέρου
1199 3740 1418 3849 δόξης
1471 3739 1847 3845 ὑπουργὸς,
1886 3739 1933 3842 ἢ
1989 3749 2280 3841 μᾶλλον
2310 3746 2412 3848 τῷ
2449 3746 2607 3848 Υὶῷ

242 3856 321 3935 τὰ
353 3864 528 3942 κατὰ
574 3865 807 3969 φύσιν
859 3865 1387 3967 ἁρμοδιώτατος
1445 3868 1562 3943 καὶ
1618 3872 1768 3947 τοῖς
1822 3868 1948 3963 τῆς
2006 3862 2611 3967 ε’νανθρωπὴσεως

241 3980 467 4081 λόγοις
499 3990 629 4067 οὐκ
666 3988 1115 4086 ἀσύμβατος.
1177 3991 1243 4068 οἱ
1280 3985 1411 4087 μὲν
1446 3987 1590 4090 γὰρ
1626 3987 1859 4067 πάλαι
1895 3986 2076 4067 κατὰ
2111 3986 2237 4067 τὸν
2276 3986 2609 4069 Μωσέως

156 4128 219 4186 30
241 4103 513 4188 δοθέντα
579 4110 801 4210 νόμον
860 4115 1381 4214 ἱερουργοῦντες
1448 4116 1615 4218 Θεῷ
1686 4114 1783 4194 ὡς
1848 4113 1924 4190 ἐν
1986 4109 2187 4215 τύπῳ
2254 4112 2369 4188 καὶ
2433 4114 2610 4215 σκιᾷ

237 4237 598 4335 προσῆγον
637 4235 990 4337 λατρείας,
1029 4232 1246 4314 αὑτὸν
1285 4233 1642 4337 ἱερωμένοι
1680 4238 1780 4340 τῷ
1821 4236 2052 4337 Πατρῖ
2093 4230 2220 4313 τὸν
2255 4231 2456 4330 Υἱὸν,
2494 4234 2611 4311 καὶ

299 4449 349 4496 4.
382 4433 462 4487 καὶ
485 4434 578 4488 alt.
604 4435 806 4489 omittit
830 4434 924 4489 Cr.
1098 4449 1181 4488 10.
1216 4431 1531 4487 Theodoriti
1555 4432 1799 4488 scholion
1823 4448 1853 4485 e
1878 4431 2118 4503 margine
2142 4448 2190 4485 c.
2214 4430 2301 4484 hic
2323 4429 2614 4499 intel-pellit

241 4495 524 4559 Crumerum
766 4520 849 4577 15.
885 4504 1133 4575 δεδέμεθα
1159 4503 1382 4576 (errore)
1412 4502 1504 4558 Cr.
1751 4518 1839 4573 3ο.
1876 4498 2284 4573 ἱερουργοῦντες]
2313 4503 2616 4571 ἱερουργοῦν

238 4570 302 4641 *ᾧ
326 4573 621 4643 (ωειιάοσο)
650 4574 741 4631 Cr.
