3269 5166
314 894 398 942 Po.
421 894 469 942 ii.
498 896 546 944 8.

640 344 726 408 52
1248 339 1326 404 B.
1376 338 1796 406 CYRILLI
1858 338 2441 405 ALEXANDR.
2736 334 3054 419 xviii-34.

644 512 1025 608 τοιγαροῦν
1079 505 1409 585 Ἰουδαῖοι
1470 513 1836 585 ποιοῦνται
1901 510 2211 612 Χριστῷ
2267 502 2353 584 τὸ
2408 509 2855 599 βασιλεῦσαι
2917 508 3054 580 τοῦ

643 627 980 731 Ἰσραήλ.
1061 626 1427 732 τοιγάρτοι
1468 628 1755 714 δικαίως
1795 627 2257 736 ἐξώσθησαν,
2291 623 2782 733 προσελήφθη
2817 622 2895 706 δὲ
2930 627 3054 703 καὶ

651 750 1039 858 ὑπεζέύχθη
1100 751 1193 832 τὰ
1251 751 1442 854 ἔθνη,
1504 755 1623 832 καὶ
1682 749 1822 833 ὑπὸ
1878 748 2011 852 τὴν
2068 751 2458 847 βασιλείαν
2513 750 2855 831 τέθεινται
2919 756 3053 827 τοῦ

652 880 1001 979 Χριστοῦ.
1070 887 1114 925 “
1143 875 1455 977 Αἴτησαι
1511 876 1657 979 γὰρ
1714 877 1881 979 παρ’
1941 879 2134 976 ἐμοῦ,
2192 877 2404 982 φησὶ,
2458 877 2578 955 καὶ
2639 874 2859 955 δώσω
2924 906 3054 952 σοι

650 1010 696 1047 “
731 1000 900 1102 ἔθνη
950 998 1083 1101 τὴν
1137 1000 1614 1104 κληρονομίαν
1671 1034 1832 1098 σου,
1888 1003 2005 1079 καὶ
2070 997 2203 1099 τὴν
2252 998 2698 1103 κατάσχεσίν
2751 1031 2896 1078 σου
2958 995 3056 1077 τὰ
3077 1024 3112 1087 5

649 1134 695 1173 ‘⁶
729 1123 1006 1227 πέρατα
1051 1126 1179 1223 τῆς
1226 1129 1361 1226 γῆς
1371 1127 1430 1205 .”
1501 1121 2186 1227 παροιστρήσαντος
2233 1120 2378 1226 γὰρ
2426 1121 2580 1206 ἐνὸς
2630 1121 2873 1205 ἔθνους
2924 1128 3056 1201 τοῦ

313 1259 571 1318 108⁷A·
593 1272 630 1314 ⁸
649 1246 737 1355 ἐξ
786 1247 1114 1353 Ἰσραὴλ,
1165 1247 1405 1329 πάντα
1469 1246 1561 1329 τά
1620 1248 1790 1347 ἔθνη
1858 1248 2126 1328 δίδοται
2178 1253 2283 1355 τῷ
2336 1252 2664 1354 Χριστῷ,
2720 1249 2838 1327 καὶ
2892 1248 3056 1325 ἀντὶ

316 1502 464 1554 Rom.
482 1504 551 1555 xi.

648 1379 816 1472 μιᾶς
849 1376 1005 1475 γῆς,
1045 1375 1231 1478 φημὶ
1270 1370 1358 1472 δὴ
1397 1375 1525 1472 τῆς
1560 1371 1947 1469 Ἰουδαίων,
1985 1369 2077 1450 τὰ
2127 1375 2258 1470 τῆς
2306 1370 2711 1473 οἰκουμένης
2743 1371 3050 1471 πέρατα.

650 1500 746 1581 ὡς
803 1497 946 1602 γὰρ
1005 1499 1045 1577 ὃ
1104 1495 1404 1581 Παῦλός
1465 1501 1657 1603 φησι
1702 1505 1745 1544 “
1770 1493 1881 1576 Τὸ
1936 1492 2397 1599 παράπτωμα
2451 1494 2689 1575 αὐτῶν
2733 1502 3057 1579 πλοῦτος

652 1632 696 1670 “
732 1621 1012 1722 κόσμου
1050 1624 1168 1701 καὶ
1202 1618 1287 1701 τὸ
1324 1621 1608 1721 ἥττημα
1645 1620 1882 1700 αὐτῶν
1917 1626 2236 1704 πλοῦτος
2271 1619 2556 1701 ἐθνῶν.”
3085 1668 3148 1711 10

750 1744 997 1849 Ὅπερ
1058 1745 1183 1825 οὖν
1228 1742 1529 1845 ἀκήκοεν
1574 1754 1603 1826 ὅ
1668 1743 1977 1830 Πιλάτος
2033 1741 2647 1846 διαγογγυζόντων
2693 1746 2840 1821 τῶν
2872 1744 3058 1823 Ἰου-

653 1870 890 1968 δαίων,
957 1873 1273 1972 ἐναργῶς
1335 1868 1472 1969 ἤδη
1539 1872 1748 1975 φησὶ,
1810 1871 1928 1948 καὶ
1992 1870 2521 1969 ἀπολογεῖσθαι
2587 1865 2859 1947 κελεύει
2926 1865 3058 1948 τὸν

657 1992 948 2098 Κύριον,
988 1998 1047 2073 εἰ
1083 1992 1268 2073 κατὰ
1303 1992 1649 2095 ἀλήθειαν
1684 1989 1897 2075 αὐτὸς
1945 1991 2049 2091 εἴη
2098 1990 2220 2072 τὶιῖν
2248 1984 2581 2071 Ἰουδαίων
2618 2000 2647 2071 ὅ
2684 1990 3052 2087 βασιλεύς.

654 2121 927 2225 ἀγωνιᾷ
985 2115 1079 2215 δὲ,
1139 2120 1236 2202 ὡς
1296 2117 1499 2216 εἰκὸς,
1556 2119 1673 2197 καὶ
1744 2114 2162 2196 κινδυνεύειν
2216 2113 2433 2194 οἴεται
2490 2113 2622 2214 τὴν
2681 2115 3060 2219 Καίσαρος

584 2258 627 2324 b
653 2241 904 2346 ἀρχὴν,
973 2245 1456 2347 φιλοπευστεῖ
1521 2275 1597 2321 τε
1671 2242 1790 2320 καὶ
1852 2237 1969 2318 διὰ
2031 2245 2244 2319 τοῦτο
2308 2239 2496 2336 λίαν,
2564 2240 2660 2322 ὣς
2721 2238 2860 2340 ἤδη
2925 2238 3059 2339 τὴν
3088 2284 3153 2344 15
3225 2282 3226 2297 ¹

653 2364 960 2446 δέουσαν
1006 2364 1503 2470 ἐπανόρθωσιν
1556 2364 1996 2462 ἐπικομίσων
2051 2371 2199 2447 τοῖς
2256 2363 2725 2464 δεδραμένοις,
2765 2362 2885 2442 ἵνα
2941 2367 3060 2444 καὶ

653 2488 1095 2593 ἀνέγκλητον
1146 2488 1490 2597 ἀποδείξῃ
1545 2486 1680 2589 τὴν
1728 2487 2329 2591 ἐπιτετραμμένην
2384 2488 2575 2596 αὐτῷ
2627 2485 2829 2592 παρὰ
2864 2489 3051 2569 Ῥω-

657 2615 888 2713 μαίων
924 2613 1175 2719 ἀρχήν.

553 2866 632 2925 34
767 2858 1120 2950 Ἀπεκρίθη
1165 2859 1416 2927 Ἰησοῦς
1458 2858 1627 2925 Ἀπὸ
1683 2860 1958 2926 σεαυτοῦ
2008 2857 2082 2924 σὺ
2137 2860 2325 2924 τοῦτο
2378 2857 2608 2938 &kl-etc,
2662 2855 2703 2921 a
2757 2857 2954 2922 ἄλλοι

1455 2979 1640 3051 εἶπόν
1697 3006 1800 3052 σοι
1852 2983 2003 3074 περὶ
2056 2984 2255 3065 ὲμοῦς
3087 3006 3158 3046 20

772 3157 1317 3263 Κατειρηκότος,
1357 3159 1612 3262 φησὶν,
1650 3159 1967 3260 ἐναργῶς
2021 3153 2302 3238 οὐδενὸς
2356 3157 2472 3235 ἐπὶ
2526 3154 2804 3240 τούτοις
2853 3158 3055 3254 ἐμοῦ,

597 3319 633 3362 ο
657 3281 879 3364 πόθεν
920 3284 1060 3387 ἄρα
1115 3319 1239 3364 σοι
1286 3282 1619 3383 πρόεισιν
1670 3283 1710 3361 ὁ
1758 3285 1921 3383 περὶ
1967 3277 2242 3360 τούτων
2288 3278 2557 3381 λόγος;
2625 3280 2796 3358 ἀλλ’
2839 3281 3055 3360 οὐδα-

658 3405 880 3505 μόθεν
935 3405 1353 3512 ἀμφίβολον
1410 3406 1520 3486 ὅτι
1583 3409 1712 3505 τῆς
1764 3405 2131 3485 Ἰουδαίων
2186 3404 2558 3487 κακονοίας
2614 3402 2698 3483 τὸ
2762 3403 3065 3505 κακούρ-

657 3563 883 3632 γημα,
944 3533 1059 3609 καὶ
1137 3531 1177 3609 ὃ
1251 3527 1505 3633 πικρὸς
1575 3532 1825 3610 οὑτοσὶ
1891 3528 2392 3608 διεσκεύασται
2455 3524 2690 3611 δόλος·
2772 3529 2856 3607 οὐ
2919 3526 3065 3631 γάρ
3225 3611 3226 3622 ¹

660 3650 911 3754 δήπου,
971 3656 1224 3762 φησὶν,
1276 3652 1410 3759 ἔσῃ
1465 3651 1597 3752 μὲν
1654 3650 1866 3736 αὐτὸς
1922 3649 2286 3751 δικαστὴς,
2345 3650 2482 3755 ἔσῃ
2540 3649 2615 3732 δὲ
2673 3653 2791 3730 καὶ
2847 3648 3064 3751 κατή-
3092 3687 3162 3747 ²5
3225 3701 3226 3704 =

659 3812 897 3881 γορος.
995 3774 1240 3858 ἐλάλει
1315 3776 1391 3859 δὲ
1458 3781 1662 3858 ταυτὶ
1723 3774 2075 3880 Χριστὸς,
2132 3780 2231 3858 εἷς
2292 3774 2561 3859 ἐννοίας
2623 3774 3068 3878 ἀνακομίζων
3225 3787 3226 3790 ’

664 3900 1015 4001 Πιλάτον,
1050 3905 1149 3987 ὡς
1187 3904 1314 3983 οὐκ
1353 3900 1444 3982 ἀν
1479 3899 1698 3982 αὐτόν
1732 3935 1803 3980 τι
1841 3898 2172 3980 διαλάθοι
2210 3901 2326 3979 καὶ
2369 3904 2517 3978 τῶν
2551 3898 3067 4005 ἀφανεστέρων

663 4028 781 4105 καὶ
838 4028 913 4106 ἐν
960 4028 1415 4136 παραβύστῳ
1471 4025 2150 4122 κατεσκευασμένων
2198 4057 2274 4102 τε
2328 4024 2445 4102 καὶ
2501 4021 2904 4126 ειρημένων,
2946 4022 3068 4103 ἵνα

595 4163 638 4228 d
666 4148 924 4230 λοιπον
988 4149 1332 4250 ἐννοήσας
1396 4148 1530 4249 τὴν
1595 4145 1771 4251 υπὲρ
1847 4147 2229 4250 ανθρωπον
2289 4143 2537 4251 φύσιν,
2599 4143 3071 4248 ὀκνηρότερόν

662 4309 818 4359 πως
874 4308 963 4354 ιοι
1017 4309 1201 4377 προς
1256 4274 1651 4377 ὑπουργίαν
1705 4276 1833 4372 τῆς
1881 4277 2027 4351 τῶν
2080 4269 2612 4374 προσαγόντων
2665 4266 3062 4370 ὠμότητος,
3097 4303 3172 4362 30

731 4503 835 4559 6-8
862 4505 1026 4560 citant
1053 4503 1195 4558 Catt.
1221 4504 1275 4557 in
1305 4502 1425 4558 Ps.
1412 4504 1466 4557 ιί.
1629 4521 1682 4574 9.
1720 4505 1792 4558 Τὸ
1823 4510 2163 4592 assumptum
2191 4519 2256 4555 ex
2285 4500 2348 4555 E.
2516 4499 2602 4553 26.
2640 4495 2726 4569 δὲ]
2761 4504 2820 4562 -Ιι
2851 4500 2934 4553 καὶ
2961 4498 3070 4555 Ed.

658 4576 826 4632 invito
852 4576 919 4631 Ε.
1030 4574 1154 4631 εἷς
1125 4573 1319 4630 ἐννοίας
1342 4574 1657 4646 ἅνακομίξων
1683 4575 1916 4630 Πιλάτον
1940 4582 2063 4645 post
2087 4573 2367 4643 εἷρημένων
2393 4570 2511 4642 (28)
2540 4569 2844 4640 transponit
2871 4569 2935 4624 Ε.
