3269 5166
254 399 279 463 [
306 412 396 448 100
418 399 494 450 M.
517 400 542 466 ]

253 484 379 556 Hos.
404 507 467 556 iv.
499 507 544 556 8.

253 1499 352 1549 Tit.
380 1500 452 1549 iii.
471 1511 516 1563 5.

260 1951 414 2028 Κεφ.
452 1944 511 2011 ι’.

260 2421 281 2455 1
306 2405 419 2456 Cor.
440 2406 471 2455 i.
494 2408 569 2455 18.

256 2663 389 2709 Acta
414 2662 499 2711 SS.

255 2729 360 2842 1Assp.
385 2729 506 2778 xvii.

262 3835 340 3884 ²5·

588 316 719 379 356
938 317 1014 380 B.
1065 316 1442 382 CYRILLI
1495 316 2028 381 ALEXANDR.
2085 315 2651 381 FRAGMENTA
2841 338 2903 379 x.
2941 334 2994 377 1.

592 485 919 581 ἱερᾶσθαι
972 483 1618 584 προστεταγμένων
1674 493 1716 528 “
1743 483 1807 560 ‘A
1816 483 2113 582 μαρτίας
2171 488 2357 559 λαοῦ
2411 514 2549 578 μου
2595 478 2989 584 φάγονται,

594 615 634 650 “
674 609 789 682 καὶ
844 606 919 683 ἐν
968 611 1121 688 ταῖς
1163 607 1457 688 ἀδικίαις
1500 607 1736 683 αὐτῶν
1790 604 2155 710 λήψονται
2206 602 2336 687 τὰς
2390 602 2634 709 ψυχὰς
2684 604 2989 682 αὐτῶν·”

589 729 848 825 ἤσθιον
897 727 1038 830 γὰρ
1094 727 1185 807 τὰ
1243 726 1419 825 ὑπὲρ
1475 730 1838 832 ἁμαρτιῶν
1884 730 2166 827 θύματα
2222 728 2402 808 κατὰ
2459 727 2585 808 τὸν
2641 727 2886 824 νόμον,
2923 731 2992 806 οἱ

590 858 734 928 τῶν
808 854 1016 932 θείων
1089 854 1623 953 θυσιαστηρίων
1697 856 2112 951 ἐπιμεληταὶ
2185 856 2301 932 καὶ
2377 851 2704 932 διάκονοι.
2800 853 2995 952 μέγα

590 977 826 1055 τοίνυν
861 975 1046 1078 πρὸς
1102 975 1449 1079 ἐντροπὴν
1497 983 1645 1061 τοῖς
1691 975 2021 1057 ἐθέλουσι
2074 980 2412 1084 ῥᾳθυμεῖν
2449 975 2532 1056 τὸ
2591 980 2984 1074 διενθυμεῖ·
3026 1004 3064 1064 5

591 1107 767 1179 σθαι
822 1107 1078 1204 σοφῶς
1136 1100 1245 1179 ὅτι
1293 1108 1440 1183 τοῖς
1482 1101 1934 1202 ἁμαρτωλοῖς
1971 1098 2602 1203 συγκατεδικιὶσθη
2641 1103 2758 1179 καὶ
2798 1134 2993 1201 συγ-

591 1224 1008 1326 κεκρέμαται
1056 1227 1139 1302 δι’
1184 1227 1363 1323 ἡμᾶς
1398 1227 1438 1302 ὁ
1476 1224 1574 1319 μὴ
1609 1225 1807 1307 εἰδὼς
1844 1232 2187 1330 ἁμαρτίαν
2239 1226 2349 1303 ἵνα,
2401 1224 2588 1327 ἧμεῗς
2643 1222 2997 1329 γενόμεθα

593 1347 966 1441 δικαιοσύνη
1006 1352 1173 1429 Θεοῧ
1228 1352 1287 1428 ἐν
1339 1354 1543 1456 αὐτῷ·
1624 1350 2129 1446 δεδικαιώμεθα
2183 1349 2327 1450 γὰρ
2381 1348 2581 1450 παρὰ
2635 1356 2766 1428 τοῦ
2801 1354 2999 1427 Θεοῦ

594 1473 707 1549 καὶ
750 1477 789 1550 Ι
791 1473 1039 1573 Ιατρὸς
1076 1484 1122 1518 “
1144 1474 1270 1551 οὐκ
1307 1473 1392 1578 ἐξ
1425 1472 1654 1574 ἔργων
1681 1479 1825 1551 τῶν
1863 1476 1938 1551 ἐν
1974 1472 2385 1577 δικαιοσύνῃ
2425 1469 2525 1552 ὧν
2552 1470 3001 1571 ἐποιήσαμεν

594 1605 637 1638 “
679 1596 888 1692 ἡμεῖς,
927 1597 1126 1674 ἀλλὰ
1184 1596 1366 1676 κατὰ
1419 1594 1503 1709 τὸ
1541 1595 1738 1675 πολὺ
1776 1597 1993 1676 αὐτοῦ
2032 1595 2283 1681 ἔλεος”
2343 1594 2461 1676 διὰ
2514 1597 2832 1679 πίστεως
2868 1600 3002 1697 τῆς
3033 1631 3112 1673 ιο

594 1721 669 1797 ἐν
706 1723 1031 1827 Χριστῷ.

593 1957 795 2024 Αὐτὸς,
850 1958 922 2025 δὲ
975 1960 1107 2034 ἵει-ὼ
1158 1962 1413 2026 Παῦλος
1465 1959 1837 2049 παρακαλῶ
1890 1961 2056 2037 ὑμᾶς
2119 1957 2224 2024 διὰ
2283 1964 2401 2024 τῆς
2458 1961 2830 2048 πραότητος,
2886 1958 3001 2023 καὶ

1227 2085 1582 2152 ἐπιεικείας
1636 2092 1751 2152 τοῦ
1807 2088 2081 2173 Χριστοῦ
2134 2089 2350 2154 κ.τ.λ.

708 2262 998 2338 Πολλοὶ
1072 2258 1265 2359 ἦσαν
1336 2267 1481 2339 τῶν
1541 2259 1899 2365 Ἀθήνῃσι
1961 2265 2245 2364 σοφῶν,
2310 2264 2459 2342 τοῖς
2521 2260 2596 2337 ἐν
2656 2257 3002 2365 Κορίνθῳ
3077 2270 3084 2279 ’

594 2382 1191 2480 συνδιαιτώμενοι,
1221 2383 1287 2462 οἳ
1322 2387 1595 2485 μωρίαν
1624 2384 1933 2485 ἡγοῦντο
1969 2382 2097 2463 τὸν
2123 2391 2250 2463 τοῦ
2285 2386 2616 2483 Σωτῆρος
2650 2380 3000 2484 σταυρὸν,
3035 2418 3117 2476 15

595 2508 711 2585 καὶ
788 2505 914 2586 τὸν
986 2511 1114 2608 τῆς
1189 2508 1670 2588 θεοπνεύστου
1746 2513 2033 2613 γραφῆς
2120 2504 2648 2611 διαγγέλλοντα
2739 2504 2999 2608 λόγον,

595 2631 911 2732 ἀγύρτην
950 2635 1067 2711 καὶ
1104 2630 1621 2734 σπερμολόγον
1660 2634 1840 2729 ὁμοῦ
1878 2640 2024 2716 τοῖς
2062 2633 2318 2716 ἄλλοις
2355 2631 2586 2732 ἁγίοις
2622 2634 2738 2710 καὶ
2775 2630 3004 2711 αὐτὸν

594 2753 955 2857 ὠνόμαζον
988 2754 1116 2836 τὸν
1151 2755 1500 2859 μακάριον
1527 2760 1854 2836 Παῦλον·
1916 2757 2140 2859 ἕτεροι
2176 2755 2267 2836 δέ
2290 2790 2471 2839 τινες
2507 2763 2653 2834 τῶν
2680 2758 2758 2835 ἐκ
2790 2790 3004 2859 περι-

594 2884 815 2978 τομῆς
871 2879 1396 2985 κατεπεφύοντο
1450 2879 1676 2961 πάλιν
1728 2887 1873 2960 τῶν
1908 2877 2506 2976 πεπιστευκότων,
2544 2882 3003 2988 ἐπαινοῦντες

593 3004 724 3103 τὴν
760 3005 1149 3107 περιτομὴν
1187 3008 1301 3085 καὶ
1339 3003 1467 3088 τὰς
1504 3004 1800 3103 νομικὰς
1838 3005 2110 3101 θυσίας,
2148 3002 2586 3111 ἐξεστηκότα
2622 3037 2700 3083 τε
2740 3003 2998 3106 λε’γον-
3031 3041 3118 3082 20

593 3163 706 3211 τες
761 3127 888 3209 τὸν
942 3128 1288 3230 μακάριον
1346 3132 1671 3225 Παῦλον,
1731 3133 1826 3214 ὡς
1891 3135 2039 3213 τοῖς
2102 3129 2419 3231 ἀρχαίοις
2488 3130 3002 3228 θεσπίσμασιν

594 3253 899 3336 ἀνοσίως
947 3260 1289 3351 πολεμεῖν
1323 3253 1697 3357 ᾑρημένον.
1759 3250 1941 3354 πρὸς
1990 3252 2063 3332 δὲ
2122 3250 2285 3335 τοὺς
2329 3252 2688 3336 τοιούτους
2733 3288 2993 3355 παρω-

591 3373 930 3476 τρύνοντο
972 3374 1103 3471 μὲν
1151 3381 1264 3454 καὶ
1315 3375 1520 3474 μάλα
1577 3375 1860 3459 εἰκότως
1915 3384 2060 3455 τῶν
2102 3376 2504 3478 Κορινθίων
2537 3382 2601 3455 οἱ
2659 3376 2999 3479 ζηλωταὶ,

592 3505 830 3601 χεῖρας
897 3498 971 3576 δέ
1035 3500 1271 3584 αὐτοῖς
1335 3500 1695 3605 ἐπιφέρειν
1757 3501 2041 3600 ἤθελον,
2100 3503 2196 3584 ὡς
2260 3502 2541 3604 ἐχθροῖς
2604 3508 2733 3579 τοῦ
2797 3502 2997 3580 θείου

595 3621 1062 3723 κηρύγματος·
1140 3623 1375 3723 ἐπειδὴ
1423 3623 1497 3703 δέ
1547 3622 1636 3723 ἧν
1673 3622 1988 3708 ἀκαλλὲς
2043 3624 2210 3703 λίαν
2246 3658 2331 3702 το
2386 3628 2649 3728 χρῆμα,
2690 3626 2805 3702 καὶ
2862 3628 2995 3722 τῆς
3025 3663 3110 3721 25

260 3754 446 3804 ssim-⁸
433 3754 484 3804 1¹·
492 3767 573 3817 24
596 3745 821 3844 ἁγίοις
884 3750 1300 3848 πρεπούσης
1376 3750 1741 3830 ἐπιεικείας
1814 3750 1911 3831 ὡς
1969 3747 2345 3827 ἀπωτάτω·
2426 3758 2468 3794 “
2492 3755 2785 3827 Δοῦλον
2845 3746 2996 3851 γὰρ

593 3879 635 3915 “
679 3872 947 3972 Κυρίου
984 3874 1065 3950 οὐ
1104 3875 1214 3950 δεῖ
1239 3871 1623 3976 μάχεσθαι,
1662 3871 1844 3952 κατὰ
1882 3872 1965 3952 τὸ
2006 3872 2517 3974 γεγραμμένον,
2559 3873 2729 3950 ἀλλ’
2775 3871 2997 3972 ἤπιον

672 4084 716 4122 1.
754 4091 852 4136 μου
876 4079 1214 4139 assumptum
1241 4088 1306 4122 ex
1335 4068 1409 4122 H.
1664 4086 1712 4124 2.
1753 4071 2088 4140 καὶ-ψυχὰς
2110 4070 2277 4124 αὐτῶν
2300 4087 2409 4124 om.
2438 4069 2512 4124 H.
2740 4087 2793 4140 3.
2740 4069 2994 4143 3ὖπέρ]

600 4145 656 4204 -Ι-
685 4145 788 4194 τῶν
816 4139 888 4193 Η.
982 4138 1429 4210 κατὰ-διάκονοι]
1459 4142 1507 4193 οἶ
1532 4143 1685 4208 ἱερεῖς
1716 4140 1786 4193 H.
1945 4142 2068 4208 4—8.
2105 4140 2369 4209 με’·γα-ἐν
2390 4141 2527 4232 αὐτῷ
2553 4149 2675 4230 post
2696 4140 2849 4199 ἐ’λεος
2874 4145 2996 4210 (10)

595 4211 895 4280 transponit
924 4210 996 4265 H.
1249 4227 1299 4279 5.
1337 4215 1445 4267 τοῖς
1474 4210 1546 4265 Η.
1574 4213 1747 4266 αὐτοῖς
1775 4210 1875 4265 Ed.
2143 4227 2191 4298 7.
2228 4211 2480 4281 ἁμαρτίαν
2508 4212 2580 4265 Η.
2604 4210 2861 4280 ἁμαρτίας
2887 4212 2996 4268 Ed.

595 4282 647 4335 8.
685 4281 821 4353 αὐτῷ
848 4281 961 4335 dee.
990 4281 1064 4335 H.
1155 4282 1261 4335 δεὸ.
1264 4281 1452 4368 -οὗκ]
1493 4283 1575 4335 καὶ
1614 4282 1720 4335 δεδ.
1754 4281 1893 4351 παρὰ
1925 4286 2017 4335 τοῦ
2053 4285 2189 4337 Θεοῦ
2263 4284 2490 4352 ενόμενοι
2523 4282 2823 4351 δικαιοσύνη
2858 4287 2999 4338 Θεοῦ

594 4353 686 4405 οὐκ
716 4350 789 4405 H.
1019 4368 1070 4437 9.
1110 4351 1164 4405 ἐν
1188 4351 1485 4421 δικαιοσυνῃ
1511 4350 1605 4424 ὢν]
1629 4353 1756 4406 κατὰ
1780 4352 2106 4418 δικαιοσυνην
2129 4352 2161 4406 ἃ
2191 4304 2265 4406 [ἶ
2488 4370 2570 4407 10.
2606 4352 2753 4421 ἡμεῖς
2776 4371 2888 4409 om.
2919 4354 2998 4410 Η.

590 4421 765 4492 ἔλεος]
793 4420 965 4491 pergit
987 4421 1121 4492 μέγα
1146 4421 1227 4490 (4)
1256 4441 1418 4493 supra
1446 4423 1517 4477 H.
1771 4422 1854 4477 16.
1891 4422 2289 4495 διαγγέλλοντες
2312 4424 2436 4493 (sic)
2463 4422 2535 4477 H.
2792 4426 2878 4480 18.
2910 4424 2996 4498 ἐκ]

605 4502 654 4553 -1-
690 4496 778 4561 τῆς
808 4490 879 4546 H.
1233 4510 1316 4547 22.
1352 4494 1616 4565 εἰρημένον
1644 4494 1767 4564 (sic)
1801 4494 1872 4549 H.
2217 4511 2302 4565 ²3·
2338 4494 2433 4565 μὲν
2455 4503 2799 4566 assumptum
2825 4514 2894 4551 ex
2920 4495 3000 4553 H.

598 4564 683 4617 26.
721 4562 1064 4617 ἀτοπωτατων
1090 4562 1215 4634 (sic)
1247 4563 1323 4618 H.
