3269 5166
631 343 757 406 192
961 342 1042 406 Β.
1088 342 1471 407 CYRILLI
1522 341 2057 407 ALEXANDR.
2113 341 2682 407 FRAGMENTA
2857 338 2940 402 vi.
2968 337 3031 400 6.

316 444 427 510 [13
450 442 577 510 lm]
624 506 807 608 πρὸς
873 509 1252 610 ἁμαρτίαν·
1341 514 1727 609 κατηρεμεΐ
1777 507 1908 607 μὲν
1974 512 2099 607 τῆς
2161 509 2512 610 ἁμαρτίας
2568 508 2610 585 5
2670 503 2890 604 νόμος
2956 508 3036 583 ἐν

623 633 713 735 τῇ
770 632 941 737 ἁγίᾳ
995 636 1110 711 καὶ
1168 631 1513 740 πανάγνῳ
1568 638 1792 733 σαρκὶ
1846 640 1976 712 τοῦ
2031 637 2388 734 Χριστοῦ·
2451 635 2567 710 καὶ
2622 632 2716 710 οὔ
2761 664 2831 708 τι
2887 663 3038 709 που

624 756 1045 854 κεκινῆσθαί
1081 762 1323 860 φαμεν
1354 758 1431 836 ἐν
1468 757 1660 862 αὐτῷ
1705 754 1798 836 τὰ
1841 761 1986 836 τῶν
2023 755 2490 859 ἀνθρωπίνων
2524 759 2780 836 παθῶν
2816 755 3028 832 ἐκτο-

623 879 931 981 πῶτερα,
976 879 1177 980 πλὴν
1232 879 1378 960 ὅσα
1432 878 1564 978 τὴν
1609 882 1893 979 κίνησιν
1937 880 2384 981 ἀδιάβλητον
2433 881 2596 985 ἔχει,
2639 880 2723 960 τὸ
2778 882 3037 1029 πεινῆν

626 1001 714 1102 δὴ
763 1002 957 1106 λεγω
1005 1006 1121 1083 καὶ
1168 1001 1253 1084 τὸ
1304 1007 1532 1110 διψῆν
1570 1007 1688 1084 καὶ
1725 1002 1810 1084 τὸ
1850 1011 2108 1084 κοπιᾶν
2145 1008 2260 1083 καὶ
2298 1003 2445 1083 ὅσα
2494 1007 2611 1083 καὶ
2651 1038 2803 1106 παρ
2861 1004 3038 1102 ἡμῖν
3061 1025 3098 1086 5

626 1127 668 1204 ὁ
704 1129 831 1224 τῆς
870 1124 1162 1233 φύσεως
1214 1127 1430 1226 νόμος
1479 1127 1619 1234 ἔξω
1671 1128 2053 1231 τετήρηκεν
2104 1130 2355 1213 aiv-[⁹029
2423 1128 2612 1227 ὅμως
2660 1133 2720 1206 εἰ
2763 1128 2888 1206 καὶ
2931 1125 3035 1226 μὴ

628 1252 983 1350 κεκίνηται
1036 1286 1257 1358 τυχον
1311 1255 1387 1332 ἐν
1441 1257 1749 1358 Χριστῷ
1803 1256 1931 1351 τῆς
1986 1253 2334 1354 ἁμαρτίας
2372 1253 2414 1331 5
2464 1250 2700 1349 νόμος,
2743 1249 2866 1329 διά
2923 1283 3038 1331 τοι

627 1372 714 1455 τὸ
750 1382 1242 1476 κατηυνᾶσθαι
1286 1379 1377 1481 τῇ
1426 1385 1554 1457 τοῦ
1606 1381 2148 1476 οἶκονομοῦντος
2185 1376 2432 1478 Λόγου
2468 1374 2756 1473 δυνάμει
2794 1409 2878 1455 τε
2916 1379 3042 1456 καὶ

628 1499 960 1606 ἐνεργεία,
1018 1502 1187 1579 ἀλλ’
1247 1501 1373 1580 οὖν
1429 1500 1603 1581 ὅταν
1664 1502 1846 1600 αὕτη
1914 1503 2080 1580 καθ’
2150 1498 2406 1598 εαυτὴν
2464 1500 2511 1598 ἠ
2568 1504 2695 1597 τῆς
2753 1500 3042 1602 σαρκὸς

629 1622 1075 1725 δοκιμάζεται
1113 1622 1364 1729 φύσις,
1408 1622 1543 1705 κᾶν
1579 1660 1640 1704 ει
1677 1628 1753 1705 ἐν
1787 1630 2094 1731 Χριστῷ
2143 1631 2378 1705 νοοῖτο
2414 1624 2650 1728 τυχὸν,
2690 1625 2828 1729 οὐχ
2874 1625 3030 1705 ἑτε-
3063 1658 3132 1699 10

627 1780 765 1848 ραν
839 1748 1070 1827 ουσαν
1142 1747 1343 1852 παρὰ
1405 1747 1538 1848 τὴν
1599 1749 1801 1849 ἡμῶν
1865 1746 2286 1852 εὑρήσομεν.
2371 1748 3038 1850 συνεσταυρῶμεθα

629 1870 866 1950 τοίνυν
903 1873 1115 1980 αὐτῷ,
1154 1874 1696 1976 σταυρωθείσης
1748 1874 1965 1952 αὐτοῦ
2014 1877 2142 1973 τῆς
2179 1871 2469 1973 σαρκὸς,
2506 1875 2620 1951 καὶ
2660 1869 2815 1951 οἷον
2849 1873 3042 1972 ὅλην

629 1993 935 2099 ἐχούσης
972 1998 1046 2075 ἐν
1082 1997 1294 2102 ἑαυτῇ
1344 1998 1475 2096 τὴν
1510 1996 1767 2102 φύσιν·
1840 1995 2161 2099 καθάπερ
2198 1991 2445 2095 ἀμέλει
2482 2000 2599 2076 καὶ
2636 1998 2712 2074 ἐν
2750 1995 3028 2095 Ἀδὰμ,

630 2116 747 2197 ὅτε
779 2119 1073 2220 γέγονεν
1105 2119 1478 2224 ἐπάρατος,
1516 2119 1655 2219 ὅλη
1691 2119 2029 2221 νενόσηκε
2064 2119 2196 2221 τὴν
2231 2119 2414 2224 ἀρὰν
2448 2121 2493 2218 ἡ
2532 2118 2782 2222 φύσις·
2843 2120 3036 2199 οὕτω
3223 2205 3224 2218 ¹

627 2239 774 2343 γὰρ
809 2244 927 2322 καὶ
963 2244 1484 2348 συνεγηγέρθαι
1521 2243 1885 2347 λεγόμεθα
1913 2250 2017 2352 τῷ
2041 2247 2367 2351 Χριστῷ,
2406 2247 2930 2346 συγκαθῆσθαι
2960 2243 3034 2324 δὲ
3063 2277 3126 2336 15
3223 2265 3224 2350 ζ

628 2368 745 2444 καὶ
782 2368 858 2444 ἐν
894 2372 1041 2449 τοῖς
1078 2370 1539 2470 ἐπουρανίοις·
1607 2374 1666 2447 εἰ
1702 2366 1848 2471 γὰρ
1884 2369 2007 2448 καί
2034 2372 2236 2450 ἐστιν
2275 2365 2449 2471 ὑπὲρ
2486 2370 2670 2469 ἡμᾶς
2705 2369 2806 2453 ὦς
2844 2368 3036 2453 Θεὸς
3223 2353 3224 2376 ¹

629 2489 669 2567 5
714 2487 1208 2589 Ἐμμανουὴλ,
1250 2493 1417 2570 ἀλλ’
1469 2493 1594 2572 ουν
1649 2492 1806 2573 ἐπεί
1849 2527 1958 2573 τοι
2015 2494 2263 2597 γε’γονε
2321 2493 2489 2572 καθ’
2548 2492 2733 2592 ἡμᾶς
2791 2495 2894 2576 ὡς
2938 2491 3036 2576 εἷς

626 2613 715 2719 ἐξ
764 2614 986 2713 ἡμῶν,
1039 2613 1424 2772 ἐγήγερταί
1471 2652 1549 2697 τε
1604 2621 1724 2698 καὶ
1778 2617 2181 2716 συνεδρεύει
2233 2623 2337 2727 τῷ
2381 2623 2546 2725 Θεῷ
2599 2624 2716 2696 καὶ
2759 2620 3028 2721 Πατρί.

628 2738 1100 2846 συνεσταυρώθη
1155 2740 1391 2821 τοίνυν
1449 2751 1479 2823 ὁ
1536 2742 1850 2828 παλαιος
1909 2740 2264 2850 ἅνθρωπος·
2346 2742 2642 2820 λέλυται
2709 2739 2859 2844 γὰρ
2920 2739 3036 2821 διὰ

630 2864 758 2960 τῆς
794 2863 1265 2950 ἀναστάσεως
1301 2870 1430 2966 τῆς
1463 2868 1767 2971 ἀρχαίας
1801 2867 2064 2967 ἐκείνης
2098 2870 2276 2970 ἀρᾶς
2312 2867 2357 2968 ἡ
2394 2865 2706 2963 δύναμις·
2771 2866 3033 2969 κατήρ-
3058 2899 3124 2939 20

628 3021 843 3089 γηται
888 2985 964 3067 δέ
1014 2991 1130 3068 καὶ
1178 2989 1247 3070 τὶ
1300 2989 1513 3094 &pm
1547 2989 1665 3083 τῆς
1715 2992 2091 3097 ἁμαρτίας,
2133 2994 2248 3070 καὶ
2301 2992 2458 3094 οὐχὶ
2509 2989 2597 3088 δὴ
2646 2988 2944 3075 πάντως
2989 2991 3032 3088 ἡ

629 3108 849 3219 σὰρξ,
906 3108 1108 3191 ἀλλὰ
1164 3118 1307 3191 τῶν
1363 3115 1438 3192 ἐν
1495 3114 1676 3219 αὐτῇ
1740 3111 2144 3214 κινημάτων
2199 3114 2244 3214 ἡ
2300 3114 2612 3219 ἔμφυτος
2669 3113 3032 3217 ἀγριότης,

628 3237 1116 3316 κατασείουσα
1170 3235 1302 3336 μὲν
1355 3240 1460 3317 ἀεὶ
1516 3234 1700 3337 πρὸς
1753 3235 1845 3317 τὰ
1900 3239 2165 3342 αἰσχίω
2222 3234 2350 3318 τὸν
2402 3245 2588 3334 νοῦν,
2632 3239 2908 3317 ἐνιεῖσα
2961 3238 3033 3318 δὲ

629 3357 881 3461 ὥσπερ
933 3363 1149 3467 πηλῷ
1211 3366 1329 3441 καὶ
1382 3361 1700 3460 τέλμασι
1756 3369 1910 3446 ταῖς
1967 3362 2477 3466 γεωδεστεῖοαις
2529 3362 2838 3462 ἡδοναῖς·
2926 3363 3036 3444 ὅτι

632 3479 776 3582 γὰρ
811 3485 888 3561 ἐν
923 3488 1229 3593 Χριστῷ
1266 3488 1383 3565 καὶ
1421 3492 1634 3565 τοῦτο
1672 3485 2135 3590 κατώρθωται
2178 3492 2268 3591 τῇ
2317 3486 2722 3593 ἀνθρωπεία
2772 3488 3028 3592 φύσει,
3057 3526 3125 3587 ²5
3223 3512 3224 3519 ’

294 3628 438 3680 Infim
449 3629 608 3693 viii.3.
632 3610 786 3688 πῶς
855 3604 944 3684 ἂν
1017 3607 1413 3689 ἐνδοιάσειέ
1464 3643 1592 3707 τις,
1664 3609 1970 3689 Παύλου
2044 3608 2381 3713 λέγοντος
2454 3613 2770 3714 ἐναργῶς
2842 3622 2891 3658 “
2925 3609 3034 3692 Τὸ

633 3728 857 3832 “γὰρ
895 3729 1245 3811 ἀδύνατον
1291 3742 1418 3813 τοῦ
1474 3731 1697 3832 νόμον
1740 3735 1815 3812 ἐν
1853 3769 1910 3841 ω
1959 3734 2246 3834 ἠσθενει
2301 3732 2417 3813 δια
2471 3739 2599 3833 τῆς
2654 3732 3032 3837 σαρκῠς,ὃ

633 3862 676 3898 “
716 3852 901 3937 Θεὸς
937 3852 1064 3934 τὸν
1100 3857 1351 3936 εαυτοῦ
1386 3855 1567 3936 ’Υἱὸν
1603 3856 1976 3962 πέμψας’
1940 3893 2016 3938 εν
2054 3856 2445 3957 ὁμοιώματι
2480 3891 2754 3962 σαρκος
2789 3860 3028 3961 ἆμαρ·

657 3975 867 4059 ’τίας
934 3981 1052 4057 καὶ
1114 3984 1273 4084 περὶ
1333 3980 1702 4085 ἁμαρτίας,
1768 3981 2127 4085 κατέκρινε
2187 3978 2321 4081 τὴν
2382 3982 2737 4085 ἁμαρτίαν
2804 3985 2883 4062 ἐν
2945 3986 3034 4088 τῇ

633 4100 977 4203 “σαρκί·
959 4164 978 4196 ,
981 4103 1019 4128 ”
1081 4103 1252 4211 ὁρᾷς
1289 4104 1480 4184 οὖν’
1443 4139 1636 4189 οπως
1675 4143 1744 4185 το
1775 4142 1890 4199 της
1917 4108 2270 4214 ἁμαρτίαις
2297 4103 2741 4209 κατήργηται
2772 4139 3027 4212 σωμα·
3009 4168 3030 4200 ‚
3056 4147 3126 4204 30
3223 4116 3224 4155 ἶ

403 4255 485 4310 14
512 4252 607 4310 Π.
636 4224 1125 4329 κατακέκριται
1170 4226 1314 4330 γὰρ
1349 4230 1426 4308 ἐν
1460 4231 1552 4334 τῇ
1597 4233 1818 4331 σαρκὶ
1862 4232 1987 4327 τῆς
2025 4229 2374 4330 ἁμαρτίας
2409 4228 2494 4309 τὸ
2531 4228 2856 4333 κε’ντρον·
2921 4235 3033 4310 καὶ

708 4460 900 4535 20—p.
921 4459 984 4511 19
1059 4459 1107 4497 2.
1136 4444 1327 4514 partim
1353 4445 1517 4499 citant
1541 4453 1582 4509 t,
1602 4443 1944 4527 Catenaeque
1968 4444 2133 4515 hujus
2157 4445 2366 4515 generis
2391 4453 2608 4500 ceterae.
2779 4446 2868 4501 28.
2892 4442 3032 4517 θεὸς]

631 4514 866 4585 πατηρι.
887 4459 1068 4570 Οοιῗά.
1095 4512 1254 4570 Parh.
1282 4514 1469 4570 Sinait.
1508 4516 1688 4571 invitis
1716 4516 1782 4571 B.
1804 4515 1943 4570 Cod.
1971 4515 2030 4572 S.
2059 4515 2330 4571 Laurentii
2355 4515 2748 4571 Eneorialensin
2768 4518 2842 4587 ψ.
2867 4518 2942 4572 xii.
2957 4516 3034 4571 18.

636 4603 721 4657 29.
760 4585 843 4641 καὶ
866 4586 985 4656 περὶ
1008 4583 1258 4656 ἁμαρτίας
1281 4602 1389 4639 om.
1419 4585 1485 4640 B.
