3269 5166
249 360 509 443 ni.24.
600 360 718 426 IN
780 358 1411 425 S.JOANNEM.
1502 359 1906 426 LIB.X11.
1997 361 2202 426 οΑΡ.
2250 362 2305 426 1.
2528 365 2654 428 169

256 522 512 626 Πέτρε,
549 523 641 604 τὰ
690 523 874 604 κατὰ
923 504 1217 623 σαυτὸν,
1256 526 1334 605 τί
1377 558 1501 604 σοι
1540 524 1630 604 τὰ
1663 526 1920 628 ἑτέρων
1960 532 2496 633 φιλοπευστεῖν,
2535 529 2651 605 καὶ

251 653 399 727 τῶν
453 651 662 729 θείων
720 650 1084 752 κριμάτων
1141 648 1547 751 ἀνορύττειν
1605 648 1854 752 ὥσπερ
1919 651 2045 729 οὐκ
2105 651 2180 731 ε’ν
2243 655 2464 758 καιρῷ
2520 649 2653 749 τὴν

251 772 576 871 εἴδησινς
639 778 698 851 εἶ
736 771 880 875 γὰρ
919 774 1034 851 καὶ
1080 771 1414 871 μηδόλως
1451 769 1830 879 τελευτῴη,
1870 775 2121 880 φησὶν,
2160 772 2301 876 ἀρα
2338 774 2415 851 τί
2441 782 2652 853 τοῦτο

250 892 387 995 τὴν
439 894 587 994 σὴν
639 895 984 999 φροντίδα
1033 892 1676 997 παραμυθήσεταις
1744 896 2220 1001 ἀδιαφορήσει
2273 904 2654 999 τοιγαροῦν

188 1041 224 1102 5
251 1020 295 1099 ὁ
344 1017 587 1125 σοφός
641 1052 718 1097 τε
775 1020 890 1099 καὶ
945 1018 1261 1124 ἔμφρων,
1319 1018 1514 1122 εἴπερ
1570 1052 1639 1096 τι
1696 1021 1812 1098 καὶ
1868 1017 2134 1116 μέλλοι
2185 1025 2460 1116 παθεῖν,
2515 1019 2650 1099 εἴτε
2703 1054 2707 1059 ·

249 1140 560 1245 σῶζὸιτό
597 1176 704 1227 τις
740 1142 994 1244 ἕτερος,
1032 1141 1166 1223 εἴτε
1206 1145 1323 1221 καὶ
1358 1142 1482 1243 μή·
1555 1144 1869 1221 κείσεται
1905 1142 2049 1245 γὰρ
2084 1144 2276 1251 αὐτῷ
2311 1144 2401 1222 τὰ
2438 1149 2654 1222 οἰκεῖα

249 1273 532 1365 παθεῖν,
588 1264 790 1346 οὐδὲν
843 1264 929 1347 τὸ
982 1264 1326 1367 παράπαν
1381 1253 1462 1345 ἐκ
1513 1269 1643 1365 τῆς
1696 1266 1936 1370 ἑτέρου
1990 1272 2375 1373 συμφορᾶς
2430 1266 2651 1368 ἤγουν
2678 1286 2720 1351 b

251 1390 585 1488 εὐθυμίας
621 1394 719 1474 εἰς
753 1388 1199 1495 παραψυχὴν
1235 1387 1612 1496 δεχομένῳ.
1675 1391 1887 1469 ταυτί
1915 1423 2070 1472 πως
2106 1389 2152 1489 ἡ
2188 1395 2335 1469 τῶν
2357 1421 2645 1491 προκει-

251 1512 489 1611 μένων
532 1516 760 1593 ὥδίνει
817 1512 1134 1612 δύναμις.
1218 1514 1692 1614 ὑποσημαίνει
1746 1510 1825 1593 δὲ
1880 1513 2048 1612 ἡμῖν
2086 1513 2125 1591 ὁ
2163 1514 2324 1615 περὶ
2381 1511 2654 1591 τούτων

151 1678 227 1717 10
251 1637 500 1739 λόγος,
538 1635 646 1717 ὅτι
704 1641 800 1721 ὡς
852 1635 1089 1736 πάντ-η
1128 1671 1204 1717 τε
1257 1640 1372 1718 καὶ
1421 1638 1731 1735 πάντως,
1781 1635 1825 1737 ἢ
1874 1635 2055 1716 κατὰ
2112 1634 2239 1716 τὸν
2275 1635 2443 1716 ἴσον
2476 1634 2645 1738 τρό-

249 1759 500 1862 πον,ἢ
550 1760 715 1841 καθ’
769 1758 1007 1864 ἕτερόν
1050 1795 1210 1842 τινα
1266 1758 1486 1866 τυχὸν
1543 1763 1663 1841 καὶ
1717 1761 1934 1840 αὐτοῦ
1989 1760 2410 1841 κινδυνεύειν
2463 1756 2645 1860 μὲλ-

251 1893 518 1969 λοντος
577 1883 911 1965 Ἰωάννου
970 1884 1168 1982 ποτὲ,
1228 1888 1437 1964 οἱονεὶ
1495 1883 1678 1988 πρὸς
1750 1884 2210 1986 παραμυθίαν
2273 1891 2417 1964 τῶν
2483 1884 2648 1964 καθ’

250 2005 509 2087 ἑαυτὸν
544 2010 585 2087 ὃ
620 2006 963 2111 μακάριος
1004 2009 1282 2111 Πέτρος
1331 2009 1449 2088 καὶ
1502 2006 1596 2087 τὰ
1651 2007 1844 2114 αὐτῷ
1897 2004 2425 2107 συμβήσεσθαι
2476 2003 2656 2106 μέλ-

254 2139 487 2209 λοντα
541 2131 1060 2237 φιλαγρύπνως
1115 2129 1659 2234 περιειργάζὲτο.
1741 2132 1858 2210 καὶ
1923 2130 2023 2230 μή
2083 2165 2193 2210 τοι
2254 2130 2655 2236 θαυμάσῃς,

152 2277 224 2337 15
250 2250 473 2334 ἐννόει
529 2254 605 2334 δὲ
644 2262 937 2352 μᾶλλον
986 2257 1225 2335 ἐκεῖνο.
1300 2252 1534 2334 κοινὸν
1577 2252 1720 2359 γάρ
1755 2288 1911 2338 πως
1956 2256 2031 2333 ἐν
2067 2254 2234 2352 ἡμῖν
2272 2255 2388 2334 καὶ
2443 2255 2654 2334 τοῦτό
2678 2291 2714 2335 ο

249 2380 480 2476 ε’στιν,
534 2383 595 2457 εἰ
654 2382 772 2458 καὶ
824 2384 1198 2462 παντελῶς
1262 2375 1625 2476 ἀνόνητον,
1691 2376 1776 2456 τὸ
1839 2382 2079 2482 φιλεῖν
2138 2376 2305 2457 ἔσθ’
2374 2376 2490 2457 ὅτε
2552 2377 2655 2477 μὴ

247 2499 521 2599 μόνους
572 2503 884 2607 ὁρᾶσθαι
934 2500 1378 2606 πάσχοντας,
1418 2503 1644 2604 ἤγουν
1688 2536 1758 2581 τι
1808 2507 1954 2580 τῶν
1989 2503 2359 2581 ἀπευκτῶν
2396 2501 2656 2603 ὑπομέ-

249 2660 400 2706 νειν
443 2623 873 2724 μέλλοντας,
910 2627 1311 2728 ἀκροᾶσθαι
1363 2624 1438 2705 δὲ
1483 2630 1773 2714 μᾶλλον
1810 2629 1927 2704 καὶ
1976 2624 2070 2704 τὰ
2114 2624 2390 2727 ἑτέρων,
2426 2623 2474 2728 ἢ
2510 2632 2657 2706 τῶν

247 2748 395 2849 ἤδη
433 2748 917 2846 πεπονθότων,
955 2748 1178 2851 ἤγουν
1214 2754 1308 2834 εἷς
1344 2757 1556 2829 τοῦτο
1588 2754 1971 2829 πεσεῖσθαι
2008 2750 2649 2850 προσδοκωμένων.

136 3005 218 3047 ²0
250 2986 475 3057 Οὗτός
532 2993 702 3057 ἐστιν
754 2992 791 3058 ὁ
839 2992 1136 3069 uuor-uste
1173 2994 1209 3060 ὁ
1249 2991 1353 3058 καί
1403 2991 1755 3082 μαρτυρῶν
1792 2990 1943 3079 περὶ
1978 2991 2249 3071 τούτων,
2285 2991 2321 3056 ὁ
2362 2990 2467 3054 καί
2505 2991 2657 3081 Γρά-
2685 3019 2761 3076 24

363 3138 502 3194 ψαο
538 3120 764 3198 ταῦτα,
802 3115 902 3184 καὶ
940 3113 1212 3195 οἴδαμεν
1249 3120 1351 3184 ὅτι
1385 3118 1641 3184 ἀληθής
1677 3116 1852 3182 ἐστιν
1889 3115 2088 3180 αὐτοῦ
2129 3116 2166 3179 ἡ
2204 3113 2548 3204 μαρτυρία.

366 3291 816 3373 Ἐνδοιάσειν
851 3290 1046 3391 οἶμαι
1097 3292 1368 3393 μηδένα
1420 3299 1566 3373 τῶν
1612 3288 2197 3396 νουνεχεστέρων,
2236 3292 2332 3374 ὡς
2388 3290 2516 3370 οὐκ
2567 3287 2657 3370 ἀν

242 3413 599 3517 ἠγάπησε
641 3414 768 3496 τὸν
803 3415 1143 3515 Ἰωάννην
1188 3418 1228 3495 ὃ
1269 3415 1555 3521 Κύριος,
1592 3422 1652 3495 εἶ
1688 3413 1789 3516 μή
1834 3449 1939 3498 τις
1975 3412 2063 3515 ἦν
2100 3413 2266 3494 λίαν
2303 3411 2657 3520 ἐξαίρετος

245 3543 373 3622 καὶ
432 3536 827 3644 περιφανὴς
881 3546 979 3624 εἷς
1032 3537 1310 3643 ἀρετὴν,
1348 3544 1462 3620 καὶ
1506 3546 1599 3623 εἰς
1649 3546 1796 3620 πᾶν
1832 3539 2067 3651 ὁτιοῦν
2105 3535 2380 3641 ἀγαθὸν
2416 3540 2656 3638 ἐπιτη-

133 3693 218 3756 25
248 3666 462 3746 δείως
485 3696 577 3774 ,τε
615 3662 800 3767 ἔχων
836 3667 951 3744 καὶ
988 3664 1274 3748 τελείως
1310 3663 1860 3764 ἀπηρτισμένος.
1936 3660 2094 3741 οὐδὲ
2130 3661 2275 3764 γὰρ
2312 3660 2400 3741 ἂν
2443 3661 2656 3762 ἁλοίη

249 3786 451 3871 Θεὸς
505 3782 800 3889 ἀλόγοις
859 3793 1009 3866 τισὶ
1071 3783 1686 3889 προσκεκλιμένος
1739 3788 1993 3890 ῥοπαῖς
2045 3789 2192 3868 τοῖς
2247 3786 2375 3865 οὐκ
2430 3784 2658 3892 ἀξίοις

247 3911 548 4014 ἀγάπης
590 3914 719 4010 τῆς
752 3912 918 4014 παρ’
959 3912 1201 4007 αὐτοῦ,
1244 3912 1816 4013 ἀνθρωποπρεπῆ
1863 3907 2009 4011 γὰρ
2043 3906 2334 4008 μᾶλλόν
2370 3911 2528 3989 ε’στι
2564 3908 2655 3987 τὰ

246 4043 551 4116 τοιαῦτα
605 4034 829 4134 πάθη·
903 4035 943 4112 ὃ
996 4032 1072 4114 δὲ
1126 4037 1253 4132 τῆς
1297 4037 1376 4114 ἐκ
1429 4038 1685 4114 παθῶν
1729 4032 1991 4139 ἐφόδου
2038 4034 2152 4112 καὶ
2210 4035 2655 4133 καταδρομῆς

242 4164 629 4243 παντελῶς
662 4158 1040 4260 ἀπείρατος
1077 4155 1197 4257 ὧν,
1234 4155 1657 4261 ἑδραιότατα
1694 4156 1769 4236 δὲ
1803 4152 2134 4256 βεβηκὼς
2170 4159 2265 4239 εἷς
2301 4161 2449 4236 πᾶν
2476 4151 2657 4239 εἶδος
2680 4189 2718 4234 e

323 4379 376 4436 6.
414 4377 522 4469 τις]
561 4386 616 4443 -Ι-
647 4378 731 4433 καὶ
757 4377 823 4432 E.
928 4378 1013 4432 καὶ
1033 4386 1377 4466 asgumptum
1399 4396 1470 4433 ex
1491 4378 1557 4432 E.
1764 4446 1778 4468 ,
2108 4392 2190 4447 13.
2228 4373 2394 4448 αὐτῷ]
2420 4373 2566 4463 αὖθις
2590 4373 2658 4496 ἢ.

241 4468 361 4580 3322
374 4448 1308 4594 Pfflffiffimfflw
1331 4448 1398 4503 Ε·
1532 4443 2165 4589 ,ιίιῑεκᾞιέἕὲ
2382 4447 2661 4568 ’ἤθει

241 4595 573 4664 καταδρομῆς
598 4598 726 4663 post
748 4591 820 4645 ὢν
842 4589 1146 4661 transponit
1170 4588 1237 4645 E.

335 4694 479 4741 vol..
514 4693 625 4738 111.
1455 4690 1489 4733 Z
