3269 5166
260 1617 330 1667 Su
365 1632 425 1666 ra

258 1699 294 1732 x
350 1680 463 1733 .16.

257 1901 338 1953 ΙΙ).
367 1915 446 1953 22.

250 2617 403 2670 Rom.

253 2701 306 2736 x.
331 2698 384 2751 9.

590 343 717 406 142
1181 342 1259 408 B.
1309 340 1743 408 CYRILLI
1801 342 2388 413 ALEXANDR.
2623 368 2864 432 xx.24‚
2897 366 3005 435 25.

593 505 768 587 αὐτὸ
813 508 898 588 τὸ
942 503 1357 611 ἀκρότατον,
1396 506 1507 588 ὅτι
1548 506 1650 608 μὴ
1688 509 1807 587 καὶ
1843 507 2057 593 αὐτὸς
2093 513 2220 609 τῆς
2256 519 2385 591 τοῦ
2423 516 2761 616 Σωτῆρος
2796 513 3006 613 ἡμῶν

594 630 867 738 ἠξιώθη
923 630 1110 715 θέας.
1193 630 1391 739 ᾠήθη
1437 632 1583 735 γὰρ
1629 631 1807 715 ἴσως
1860 634 2281 734 ἀμοιρήσειν
2318 636 2537 734 αὐτῆς
2590 644 2995 722 παντελῶς.

593 752 737 836 οἶδε
792 752 936 859 γὰρ
992 756 1176 861 ζωὴν
1220 754 1395 835 ὄντα
1449 753 1634 836 κατὰ
1677 754 1908 863 φύσιν
1962 754 2092 837 τὸν
2142 760 2434 861 Κύριον,
2482 764 2599 839 καὶ
2653 762 2785 841 οὐκ
2837 763 2997 841 ἀνι·

593 878 823 964 κάνως
872 879 1130 984 ἔχοντα
1176 877 1359 983 πρὸς
1394 878 1479 960 τὸ
1525 881 1642 960 καὶ
1680 879 1897 961 αὐτὸν
1933 885 2305 984 διαδρᾶναι
2338 881 2469 962 τὸν
2505 881 2843 983 θάνατον,
2882 889 3005 965 καὶ

590 1004 675 1087 τὸ
739 1008 867 1105 τῆς
926 1011 1205 1112 φθορᾶς
1265 1013 1674 1085 καταλῦσαι
1728 1004 2015 1107 κροίτος·
2096 1040 2177 1091 ος
2229 1004 2375 1110 γὰρ
2431 1007 2688 1111 ἐτέρων
2742 1017 3004 1089 τοῦτον
3030 1039 3069 1101 5

592 1128 931 1237 ἐξήλασε,
966 1137 1120 1214 πῶς
1175 1130 1303 1209 οὐκ
1360 1125 1450 1209 ἂν
1491 1136 1785 1229 μᾶλλον
1821 1127 2231 1283 ἀπέστησε
2250 1134 2380 1229 τῆς
2437 1133 2619 1217 ἰδίας
2661 1130 2995 1236 σαρκός·
2972 1194 2997 1229 ,

594 1255 672 1333 ἐκ
714 1258 998 1355 πολλῆς
1037 1250 1207 1334 δεὶν
1152 1288 1341 1356 αγαν
1374 1257 1503 1354 τῆς
1550 1253 2023 1408 περιχαρείας,
2061 1252 2276 1356 ἐγγὺς
2313 1254 2656 1340 ἀπιστίας
2690 1258 2997 1359 γίνεται,

596 1382 711 1459 καὶ
768 1382 1147 1483 μονονουχὶ
1203 1375 1472 1481 γοργόν
1528 1410 1600 1456 τι
1650 1379 1768 1455 καὶ
1821 1377 2010 1477 μέγα
2076 1375 2433 1478 πηδήσας,
2492 1381 2662 1458 ἰδεῖν
2718 1413 2796 1458 τε
2862 1380 3003 1481 ἤδη

594 1500 918 1606 παρόντα
953 1509 1181 1601 ποθεῖ,
1220 1505 1335 1583 καὶ
1369 1506 2001 1608 πληροφορεῖσθαι
2035 1503 2324 1586 τελείως
2374 1500 2486 1582 ὅτι
2537 1537 2676 1605 περ
2732 1505 3003 1598 ἀνεβίω

535 1659 572 1703 e
595 1626 841 1725 πάλιν,
869 1625 1051 1706 κατὰ
1086 1624 1218 1726 τὴν
1252 1628 1419 1728 παρ’
1452 1631 1667 1705 αὐτοῦ
1703 1624 2087 1726 γενομένην
2127 1622 2554 1729 ὑπόσχεσιν.
2613 1637 2655 1673 “
2683 1627 2997 1707 Τεκνία”
3038 1667 3058 1706 1
3073 1666 3110 1706 0

595 1748 760 1853 γὰρ,
798 1749 1117 1857 ἔφασκεν
1155 1751 1195 1828 5
1234 1748 1509 1853 Σωτὴρ,
1549 1758 1595 1796 “
1618 1746 1875 1851 μικρὸν
1915 1749 2033 1827 καὶ
2089 1747 2319 1829 οὐκέτι
2354 1749 2692 1854 θεωρεῖτέ
2721 1785 2838 1849 με,
2878 1756 3001 1832 καὶ

597 1883 643 1921 “
677 1873 904 1954 πάλιν
958 1870 1211 1978 μικρὸν
1257 1877 1374 1953 καὶ
1418 1872 1710 1979 ὄψεσθέ
1755 1907 1865 1972 με,
1904 1875 2021 1953 καὶ
2068 1872 2459 1977 χαρήσεται
2499 1876 2696 1972 ὑμῶν
2723 1876 2769 1973 ἡ
2806 1908 2995 1978 καρ-

596 2008 643 2046 “
679 1998 869 2078 δία.”
939 1993 1133 2094 οἶμαι
1176 1995 1250 2076 δὲ
1301 1994 1388 2098 δὴ
1437 1995 1666 2078 πάλιν
1702 1998 2304 2096 οἶκονομικώτατα
2352 1996 2650 2104 σφόδρα
2693 1996 2826 2096 τὴν
2865 2008 3000 2080 τοῦ

594 2127 919 2222 μαθητοῦ
974 2121 1337 2225 γεγονέναι
1390 2119 1575 2225 πρὸς
1630 2120 1877 2225 καιρὸν
1932 2122 2460 2223 ὀλιγοπιστίαν,
2516 2122 2634 2202 ἵνα
2690 2118 2808 2201 διὰ
2865 2127 2999 2221 τῆς

596 2248 813 2327 αὐτοῦ
871 2247 1371 2351 πληροφορίας
1433 2249 1549 2325 καὶ
1613 2245 1810 2347 ἡμεῖς
1872 2249 1938 2325 οὶ
1998 2247 2148 2346 μετ’
2200 2243 2419 2326 αὐτὸν
2473 2242 2999 2331 ἀνενδοιάστως
3034 2283 3103 2342 ¹5

594 2370 1038 2469 πιστεύωμεν
1075 2369 1185 2451 ὅτι
1209 2368 1342 2470 τὴν
1377 2369 1622 2475 σάρκα
1643 2369 1776 2470 τὴν
1812 2372 1927 2451 ἐπὶ
1963 2377 2094 2451 τοῦ
2131 2370 2359 2477 ξύλου
2395 2370 2837 2474 κρεμαμένην
2877 2373 2998 2450 καὶ

593 2501 976 2575 παθοῦσαν
1023 2494 1152 2575 τὸν
1207 2493 1517 2575 θάνατον
1570 2495 2043 2600 ἐζωοποίησεν
2091 2495 2132 2572 5
2174 2493 2433 2598 Πατὴρ
2474 2495 2558 2574 δι’
2601 2498 2805 2575 Υὶοῦ.
2883 2491 2997 2575 διὸ

595 2624 712 2699 καὶ
751 2617 1051 2706 Παῦλός
1105 2626 1337 2727 φησιν
1391 2631 1435 2668 “
1459 2619 1639 2701 ‘'On
1682 2617 1806 2700 ἐὰν
1841 2618 2036 2725 εἴπῃς
2074 2622 2150 2699 ἐν
2183 2625 2286 2728 τῷ
2335 2616 2653 2716 στόματί
2695 2652 2837 2699 σου
2881 2617 2997 2700 ὅτι

596 2753 637 2789 “
681 2743 945 2847 Κύριος
981 2743 1288 2846 Ἰησοῦς,
1312 2746 1430 2826 καὶ
1463 2742 1863 2851 πιστεύσῃς
1901 2746 1977 2824 ἐν
2009 2748 2101 2850 τῇ
2136 2745 2393 2851 καρδία
2419 2777 2561 2824 σου
2596 2776 2706 2822 οτι
2736 2743 2777 2821 5
2801 2741 2997 2827 Oeax-

255 2896 416 2954 1108
435 2894 512 2953 Δ..
531 2877 612 2953 a‘
615 2865 885 2949 ‘aba-bv
931 2903 1205 2973 ηγειρεν
1254 2871 1333 2948 ἐκ
1368 2874 1657 2971 νεκρῶν,
1695 2865 2076 2975 σωθήσῃῗ
2153 2866 2392 2967 ἐπειδὴ
2422 2864 2565 2971 γὰρ
2604 2867 2739 2973 οὐχ
2781 2866 2827 2966 ἡ
2864 2871 2996 2968 τῆς
3028 2909 3108 2950 20

591 2991 861 3098 σαρκὸς
909 2994 1133 3098 φύσις
1179 2995 1359 3094 αὕτη
1408 2993 1657 3094 γε’γονε
1712 2989 2060 3099 πρόξενος
2116 2995 2244 3090 τῆς
2298 2990 2498 3095 ζωῆς,
2548 2991 2861 3098 ἐνεργεία
2915 2991 2995 3071 δὲ

589 3125 881 3215 μᾶλλον
916 3122 1043 3217 τῆς
1102 3120 1294 3204 θείας
1348 3151 1424 3197 τε
1463 3119 1578 3196 καὶ
1622 3113 1935 3221 ἀρρήτου
1974 3114 2268 3222 φύσεως
2303 3114 2387 3195 τὸ
2431 3121 2735 3220 πρᾶγμα
2788 3115 2985 3196 τετέ-

591 3240 951 3339 λεστας*
907 3277 953 3346 ῃ
1011 3246 1128 3323 καὶ
1175 3242 1260 3323 τὸ
1320 3241 1675 3321 δύνασθαι
1732 3238 1825 3319 τὰ
1883 3239 2125 3321 πάντα
2184 3240 2557 3344 ζωογονεῖν
2614 3238 2996 3346 ενυπάρχει

593 3372 938 3468 φυσικῶς·
1001 3366 1284 3469 ἐνεργὸς
1317 3367 1358 3444 5
1399 3362 1657 3469 Πατὴρ
1694 3365 1779 3445 δι’
1822 3367 2005 3444 Υὶοῦ
2042 3367 2160 3444 καὶ
2196 3370 2292 3448 εἶς
2338 3362 2467 3445 τὸν
2503 3370 2692 3444 θεῖον
2728 3365 2997 3444 ἐκεῖνον

588 3488 837 3591 γε’γονε
890 3487 1085 3586 ναὸν,
1128 3489 1262 3593 οὐχ
1317 3491 1409 3573 ὦς
1462 3492 1939 3572 ἀσθενοῦντος
1994 3496 2123 3568 τοῦ
2162 3487 2409 3589 Λόγου
2455 3486 2539 3569 τὸ
2586 3488 2763 3568 ἰ’διον
2809 3489 2988 3568 ἀνα·-
3023 3527 3105 3588 25

588 3615 865 3713 στῆσαι
928 3618 1171 3710 σῶμα,
1225 3614 1393 3693 ἀλλ’
1449 3612 1558 3693 ὅτι
1621 3620 1771 3694 πᾶν
1829 3610 2007 3715 ὅπερ
2067 3610 2157 3691 ἂν
2215 3609 2614 3714 ἐργάσηται
2668 3610 2890 3715 τυχὸν
2948 3613 2994 3692 5

592 3734 870 3840 Πατὴρ,
927 3736 1308 3841 ἐργάσεται
1364 3739 1450 3816 δι’
1491 3742 1698 3817 Υὶοῦ·
1783 3735 2078 3832 δύναμις
2132 3734 2276 3838 γάρ
2331 3739 2534 3816 ἐστιν
2588 3736 2827 3830 αὐτοῦ,
2872 3737 2994 3814 καὶ

590 3859 766 3966 ὅπερ
816 3860 906 3942 ἂν
953 3863 994 3941 5
1030 3858 1206 3947 Υἱὸς
1251 3864 1564 3965 ἐπιτελῇ,
1615 3870 1829 3942 τοῦτο
1886 3861 1975 3961 δὴ
2033 3858 2321 3944 πάντως
2381 3861 2539 3939 ἐστὶ
2593 3856 2793 3962 παρὰ
2859 3866 2995 3939 τοῦ

517 3989 563 4057 b
591 3984 901 4090 Πατρός.
980 3986 1455 4084 παιδευόμεθα
1511 3986 1768 4083 τοίνυν,
1815 3982 2522 4088 ὀλιγοπιοτήσαντος
2577 3983 2806 4087 ἠρέμα
2861 3991 2995 4062 τοῦ

586 4109 936 4213 μακαρίου
973 4115 1227 4208 Θωμᾶ,
1266 4108 1375 4189 ὅτι
1423 4106 1506 4189 τὸ
1553 4112 1682 4208 τῆς
1738 4107 2211 4191 ἀναστάσεως
2256 4105 2657 4208 μυστήριον
2691 4108 2859 4210 περὶ
2902 4106 2994 4188 τὸ
3020 4141 3111 4199 3ο

587 4233 836 4338 γήϊνον
879 4235 1080 4334 ἡμῶν
1116 4237 1495 4338 ἐνεργεῖται
1545 4238 1767 4332 σῶμα
1814 4235 1932 4312 καὶ
1980 4234 2076 4317 ὦς
2112 4234 2189 4312 ε’ν
2231 4234 2527 4336 ἀπαρχῇ
2571 4239 2698 4311 τοῦ
2744 4228 2999 4334 γένους

588 4358 665 4440 ἐν
691 4363 1015 4465 Χριστῷ,
1055 4359 1169 4437 καὶ
1203 4359 1365 4439 οὔτε
1400 4355 1670 4464 φάσμα
1706 4354 1795 4456 ἦν
1830 4355 1876 4459 ἢ
1915 4356 2090 4437 σκιὰ
2127 4355 2312 4435 κατά
2347 4389 2565 4453 τινας,
2592 4352 2678 4436 τὸ
2714 4355 2999 4461 ἀνθρώ-

1009 4613 1063 4668 3.
1100 4596 1202 4669 γὰρ
1229 4595 1295 4652 E.
1318 4594 1414 4666 μὲν
1435 4595 1538 4668 γὰρ
1565 4593 1669 4651 Ed.
1896 4636 1903 4643 .
2121 4609 2208 4666 25.
2244 4595 2339 4649 τοῦ
2361 4610 2471 4650 om.
2495 4591 2563 4649 Ε.
