3269 5166
829 328 1071 393 RESP.
1119 328 1246 393 AD
1290 328 1460 393 ΤΙΒ.
1512 328 2044 395 SOCIOSQUE.
2504 331 2632 394 57³7

1172 627 1702 686 ΕΠΙΛΤΣΙΣ.

338 784 721 867 Μανθάνω
762 785 962 871 τινὰς
998 789 1149 891 εἰκῇ
1203 788 1320 865 καὶ
1358 783 1896 887 ἀπερισκέπτως
1944 787 2058 863 καὶ
2098 786 2211 865 ἐπὶ
2248 790 2396 867 τοῖς
2448 784 2634 864 οὕτω

220 910 571 1014 μεγάλοις
644 913 762 991 καὶ
833 912 1243 1013 ἀναγκαίοις
1326 908 1780 1014 πράγμασιν.
1849 914 2202 1015 φλυαρεῖν
2275 906 2634 1005 εἶωθότας,

222 1034 455 1141 φάναι
511 1069 582 1115 τι
640 1042 984 1131 τοιοῦτον,
1046 1036 1144 1117 ὡς
1193 1035 1235 1113 ὃ
1305 1033 1729 1135 Μονογενὴς
1786 1040 1915 1112 τοῦ
1972 1037 2165 1112 Θεοῦ
2224 1032 2400 1116 Υἱὸς
2451 1029 2635 1110 κατὰ

158 1186 196 1246 5
224 1158 362 1256 μὲν
396 1157 529 1258 τὴν
563 1161 691 1253 τῆς
747 1156 1082 1258 θεότητος
1134 1160 1252 1237 καὶ
1308 1158 1559 1241 οὐσίας
1615 1156 1827 1264 ἀξίαν
1881 1159 2113 1255 συνῆν
2160 1160 2263 1262 τῷ
2298 1160 2467 1263 Θεῷ
2516 1159 2632 1234 καὶ

230 1284 495 1385 Πατρὶ,
550 1282 756 1380 ἡνίκα
811 1283 927 1362 ἐπὶ
985 1285 1114 1381 τῆς
1176 1286 1313 1384 γῆς
1371 1280 1788 1386 ἐχρημάτιᾷ
1856 1283 1973 1360 καὶ
2029 1284 2177 1363 τοῖς
2232 1279 2634 1381 ἀνθρώποις

227 1406 875 1516 συνανεστρέφετο,
916 1408 1012 1488 ὡς
1061 1403 1442 1504 ὀμοούσιος
1499 1402 1600 1484 ὧν
1658 1406 1877 1512 αὐτῷ·
1958 1402 2141 1483 κατὰ
2195 1400 2271 1482 δὲ
2325 1399 2454 1482 τὸν
2506 1405 2635 1499 τῆς

229 1526 706 1614 ὑποστάσεως
762 1527 990 1632 λόγον
1034 1533 1162 1610 οὐκ
1217 1530 1340 1612 ἔτι.
1419 1530 1761 1610 κεκένωτο
1816 1527 1961 1632 γὰρ
2004 1534 2243 1624 πᾶσα,
2288 1528 2385 1610 ὦς
2433 1523 2643 1605 αὐτοί

229 1660 489 1759 φασιν,
527 1655 571 1752 ἡ
622 1653 890 1754 υἶοτικὴ
945 1654 1352 1739 ὑπόστασις
1404 1655 1483 1734 ε’κ
1538 1688 1616 1733 τε
1665 1659 1811 1734 τῶν
1863 1653 2184 1756 οὐρανῶν
2228 1653 2343 1731 καὶ
2399 1651 2634 1730 αὐτῶν
2658 1689 2693 1733 e

127 1809 203 1850 10
228 1783 378 1857 τῶν
414 1785 781 1881 πατρικῶν
807 1776 1127 1859 κόλπων.
1210 1780 1294 1859 οὑ
1347 1776 1491 1880 γὰρ
1545 1778 1955 1859 συναπτέον
1999 1776 2410 1857 ὑπόστασιν
2448 1776 2631 1855 ὑπο-

228 1898 520 2001 στάσει,
554 1904 714 1983 οὔτε
750 1902 879 1987 τάς
914 1905 992 1984 ἐν
1025 1905 1157 2010 μιᾷ
1202 1903 1417 2010 οὐσίᾳ
1454 1899 1950 2006 ὑπαρχούσας.
2031 1897 2174 2002 ἐγὼ
2209 1897 2285 1978 δὲ
2320 1897 2406 1978 τὸ
2442 1932 2627 2002 προ-

229 2024 439 2110 πετὲς
474 2030 601 2125 τῆς
651 2026 959 2125 ἀμαθίας
1006 2033 1153 2107 τῶν
1185 2034 1410 2106 ταῦτα
1454 2023 2015 2130 πεφρονηκότων
2050 2021 2456 2121 θαυμάσας,
2492 2026 2637 2102 δεῖν

231 2147 476 2256 ᾠήθην
532 2150 933 2253 ἀναγκαίως
986 2151 1207 2229 ε’κεΐνο
1262 2152 1502 2246 εἶπεΐν,
1547 2147 1657 2227 ὅτι
1713 2147 2135 2228 πεπόσωται
2188 2147 2357 2249 παρ’
2397 2146 2635 2232 αὐτοῖς

230 2273 279 2373 ἦ
335 2273 549 2352 οὐσία
601 2282 731 2353 τοῦ
791 2278 1005 2370 Θεοῦ,
1063 2276 1179 2353 καὶ
1236 2271 1709 2373 καταληπτὴν
1765 2272 1986 2372 αὐτὴν
2041 2268 2217 2351 εἶναι’
2270 2278 2464 2378 φασι
2518 2274 2636 2350 καὶ

128 2420 203 2481 15
231 2396 846 2500 πεπερατωμένην,
885 2401 1002 2477 καὶ
1059 2399 1187 2478 οὐκ
1241 2397 1345 2478 ἔτι
1397 2395 1527 2497 μὲν
1579 2395 2084 2501 ἀπεριόριστον
2143 2396 2302 2476 οὐδὲ
2356 2393 2631 2475 ἀκατοί-

230 2531 536 2620 ληπτον,
574 2522 744 2602 ἀλλ’
782 2520 921 2623 ἤδη
959 2525 1075 2603 καὶ
1111 2520 1355 2606 τόποις
1390 2518 1724 2627 χωρητὴν
1760 2522 1876 2601 καὶ
1933 2520 2379 2621 διαστήμασι
2433 2551 2633 2624 περι-
2657 2560 2694 2602 a

228 2643 544 2744 ληπτὴν,
581 2641 871 2750 ἁρμόζει
919 2644 998 2726 δὲ
1040 2654 1267 2726 ταῦτα
1313 2652 1462 2730 τοῖς
1517 2653 1663 2726 τῶν
1716 2644 2081 2743 σωμάτων
2136 2642 2408 2747 λόγοις.
2460 2645 2627 2723 οὐκ·

228 2776 361 2848 οῦν
422 2771 538 2848 καὶ
604 2775 841 2868 σῶμα,
897 2770 1187 2855 πάντως
1242 2769 1331 2849 δε’
1376 2805 1518 2851 που
1577 2772 1695 2849 καὶ
1758 2771 1834 2849 ἐν
1901 2768 2082 2866 εἴδει,
2140 2772 2259 2848 καὶ
2316 2768 2401 2847 οὗ
2465 2768 2633 2871 δίχα

228 2891 595 2989 σώματος·
673 2894 912 2974 ἕπεται
967 2892 1112 2997 γάρ
1147 2892 1241 2974 τὰ
1293 2892 1528 2973 τοιάδε
1572 2899 1720 2978 τοῖς
1776 2891 2140 2989 σώμασιν.
2213 2888 2364 2971 εἶτα
2398 2897 2552 2973 πῶς
2588 2890 2630 2968 ὁ

123 3048 204 3090 20
231 3015 491 3118 Σωτήρ
541 3028 584 3065 “
614 3015 915 3115 Πνεῦμά
969 3027 1201 3124 φησιν
1237 3018 1277 3097 ὃ
1315 3015 1581 3114 Θεός;”
1657 3023 1938 3115 πνεῦμα
1989 3014 2133 3118 γὰρ
2170 3011 2351 3095 εἷναί
2398 3022 2630 3119 φησιν

228 3137 451 3218 αὑτὸν
485 3140 572 3220 ἵν’
612 3139 754 3247 ἔξω
802 3144 1218 3240 σωματικῆς
1254 3140 1661 3246 φαντασίας
1697 3139 1940 3245 ἀγάγῃ
1977 3137 2109 3237 τὴν
2146 3140 2476 3242 ὑπερφυᾶ
2510 3138 2628 3215 καὶ

230 3259 637 3366 ἀπόρρητον
691 3262 943 3368 φύσιν.
1041 3260 1150 3368 ἀρ’
1210 3265 1337 3345 οὐκ
1392 3262 1484 3343 ἀν
1544 3297 1655 3347 τις
1727 3261 1909 3342 εἴποι
1976 3261 2257 3345 δικαίως
2324 3266 2470 3343 τοῖς
2534 3257 2629 3338 τὰ

229 3382 464 3466 τοιάδε
520 3385 1061 3491 τεθρυληκόσιν,
1116 3386 1162 3490 ἢ
1219 3392 1334 3469 καὶ
1389 3393 1722 3488 τολμῶσι
1773 3393 2063 3495 φρονεῖν
2123 3396 2166 3435 “
2201 3382 2628 3488 Ἐδικαιῶθη

311 3664 360 3704 1.
386 3645 472 3703 Ita
494 3648 710 3732 reposui
734 3666 800 3703 ex
824 3656 866 3702 Γ
888 3656 941 3704 et
965 3666 1064 3720 pro
1082 3650 1341 3720 analogia.
1360 3669 1391 3705 κ
1537 3689 1552 3703 .
1575 3671 1625 3717 ιη
1648 3648 1752 3703 Ed.
1879 3665 1930 3709 2.
1956 3647 2236 3721 Μανθάνω]
2261 3648 2458 3720 Incipit
2482 3650 2630 3720 (post

230 3719 425 3773 folium
460 3720 747 3788 omissum)
772 3718 822 3773 A
847 3719 940 3774 fol.
968 3735 1090 3775 210.
1164 3719 1356 3775 Statim
1379 3720 1411 3773 δ
1463 3718 1613 3774 addit
1637 3727 1694 3774 Γ.
1803 3717 1939 3774 οὕτω
1960 3722 2207 3792 μεγάλοις
2229 3722 2313 3775 καὶ
2336 3721 2399 3774 ἀν
2467 3720 2630 3777 καίοις

228 3789 338 3844 1100
363 3788 549 3843 ordine
572 3790 641 3844 A.
664 3789 798 3845 οὕτω
893 3800 944 3844 at
967 3790 1258 3863 ἀναγκαίοις
1281 3790 1583 3860 transponit
1608 3788 1714 3845 Ed.
1930 3807 1982 3861 3.
2016 3793 2274 3862 φλυαρεῖν
2296 3791 2418 3844 εἷωθ
2476 3813 2538 3846 ας
2556 3791 2625 3844 A.

231 3858 481 3915 εῖυθότας
501 3861 804 3931 φληναφεῖν
821 3807 901 3915 Ἠ.
929 3859 1033 3915 Ed.
1309 3898 1324 3913 .
1359 3862 1450 3929 τῆς
1472 3860 1712 3930 θεότητος
1739 3862 1820 3915 καὶ
1845 3861 2029 3918 οὐσίας
2050 3861 2199 3930 ἀξίαν
2223 3860 2325 3915 hoc
2348 3861 2533 3915 ordine
2558 3862 2625 3915 A.

227 3924 384 3998 α’ξίαν
408 3940 531 3983 ante
553 3932 647 4000 τῆς
668 3930 970 4001 transponit
995 3929 1097 3984 Ed.
1124 3929 1208 3985 καὶ
1294 3929 1415 3987 σίας
1437 3947 1546 3985 om.
1565 3938 1625 3985 Γ.
1715 3935 1831 4004 Θεᾷ
1849 3933 1932 3986 καὶ
1950 3940 2225 4001 assumpta
2249 3949 2313 3985 ex
2328 3932 2397 3995 A,
2418 3932 2627 3986 favente

228 4009 285 4054 et
309 4007 370 4054 Γ.
762 3999 817 4056 6.
852 4004 945 4072 τῆς
967 4008 1307 4072 assumptum
1330 4018 1395 4054 ex
1420 4000 1567 4056 A.D.
1677 4001 1981 4073 ἐχρημάτιζε
2006 4002 2154 4056 Α.Ι).
2181 4002 2496 4073 ἐχρημάτισε
2521 4002 2626 4056 Ed.

228 4071 287 4125 8.
324 4069 580 4124 κεκὲνωτω
604 4070 705 4139 (sic
754 4072 824 4127 A.
930 4072 1080 4127 αὐτοί
1100 4078 1270 4145 φησιν
1292 4071 1417 4141 (sic)
1442 4073 1510 4127 A.
1583 4070 1778 4126 Statim
1805 4072 1836 4142 ἦ
1862 4073 2007 4127 A.D.
2032 4073 2117 4126 καὶ
2142 4072 2246 4127 Ed.
2459 4090 2511 4143 9.
2548 4073 2626 4126 ὑῒ·-

226 4140 345 4210 ruth
371 4144 438 4194 A.
464 4141 669 4210 υἱωτικὴ
755 4181 769 4197 .
1249 4158 1332 4197 10.
1368 4141 1689 4214 ὑπόστασιν]
1723 4150 1782 4208 -Ι-
1810 4146 1873 4212 τῇ
1901 4141 2004 4197 Ed.
2030 4142 2455 4214 repugnantibus
2479 4143 2627 4197 A.D.

233 4227 259 4265 1
275 4227 321 4266 1.
356 4212 611 4280 προπετὲς
632 4214 725 4281 τῆς
746 4212 966 4283 ἀμαθίας
988 4211 1092 4267 hoe
1116 4211 1304 4268 ordine
1327 4214 1398 4268 A.
1812 4230 1834 4268 1
1882 4255 1895 4269 .
1930 4215 2233 4269 πεπόσωται
2255 4211 2374 4282 παρ’
2399 4214 2571 4269 αὐτοῖς
2593 4212 2625 4281 ἦ

227 4281 388 4335 οὐσία
411 4280 514 4335 hoe
539 4280 726 4336 ordine
750 4283 819 4337 A.
843 4285 1147 4339 πεπόσωται
1171 4292 1294 4354 post
1316 4284 1471 4339 οὐσία
1495 4284 1796 4373 transponit
1821 4230 1926 4338 ἑά.
2299 4299 2380 4352 17.
2417 4283 2626 4351 ἁρμόζει

228 4354 485 4422 -λόγοις
507 4351 611 4407 hoc
635 4351 822 4407 ordine
846 4352 915 4407 A.
940 4353 998 4407 δὲ
1022 4357 1182 4408 ταῦτα
1205 4355 1314 4409 τοῖς
1337 4358 1439 4408 τῶν
1462 4377 1518 4409 σ.
1543 4357 1597 4408 λ.
1622 4376 1689 4423 αρ
1758 4356 1831 4421 ζει
1869 4353 1972 4408 Ed.
2079 4353 2368 4423 ἀσωμάτων
2404 4352 2528 4476 gie)
2557 4356 2624 4406 A.

230 4438 321 4477 20.
373 4418 504 4476 εἷναί
547 4423 718 4492 φησιν
762 4424 918 4478 αὑτὸν
962 4422 1066 4478 hoe
1117 4423 1304 4478 ordine
1351 4424 1420 4478 A.
1470 4424 1626 4478 αὐτὸν
1702 4424 1828 4478 αὐτὸ
1878 4421 2007 4494 Ed.]
2057 4420 2184 4478 εἶναι
2230 4427 2369 4495 φησι
2468 4462 2481 4476 .
2523 4422 2624 4476 Ed.

228 4508 319 4547 21.
343 4491 408 4546 ἶν’
422 4492 526 4560 ἔξω
551 4494 844 4561 σωματικῆς
866 4494 1160 4563 φαντασίας
1181 4494 1350 4565 ἀγάγῃ
1376 4494 1443 4548 A.
1469 4492 1549 4548 ἵνα
1573 4496 1865 4563 σωματικῆς
1886 4494 2056 4565 ἀγάγῃ
2079 4496 2372 4564 φαντασίας
2394 4494 2496 4561 ἔξω
2522 4492 2625 4547 Ed.

230 4578 317 4618 22.
355 4561 491 4617 εἴποι
517 4564 585 4617 A.
611 4560 727 4633 εἴπῃ
755 4563 857 4618 Ed.
1124 4580 1207 4635 23.
1247 4566 1330 4618 καὶ
1355 4566 1591 4631 τολμὸσι
1617 4573 1679 4619 Α.
1705 4566 2069 4634 κατατολμῶσι
2099 4563 2167 4619 D.
2197 4563 2298 4619 Ed.

314 4666 461 4713 vot..
495 4668 600 4713 111.
1396 4672 1439 4731 4
1470 4672 1508 4714 Β

2719 2546 2853 2603 386
2885 2543 2968 2602 A.

2719 3046 2772 3124 β.
2794 3046 2833 3096 J
2833 3063 2947 3101 oan.

2717 3128 2785 3162 w.
2816 3126 2896 3175 24·

2719 3413 2803 3493 cf..
2811 3415 2968 3468 Ezek.

2720 3495 2822 3531 xvn.
2847 3494 2927 3545 52.
