3269 5166
596 297 728 362 136
963 255 968 262 ’
1204 298 1283 364 Β.
1333 298 1757 364 cYRILLI
1817 297 2404 364 ALEXANDR.
2639 317 2748 359 xx.
2776 311 2881 371 22,
2910 307 3013 376 23.

597 466 851 545 ἑαυτοῦ
901 470 1280 564 μαθηταῖς.
1358 464 1496 545 ἔδει
1550 463 1696 568 γὰρ
1751 465 1889 546 ἔδει
1943 467 2222 545 κάκεῖνο
2277 461 2463 568 πρὸς
2509 459 2741 569 τούτω
2791 462 3009 554 νοεῖν,

598 586 710 668 ὅτι
763 596 891 668 τοῦ
931 588 1353 687 Πνεύματός
1407 592 1568 670 ε’στι
1623 587 1938 694 χορηγὸς
1992 593 2109 669 καὶ
2157 586 2401 691 δοτήρ.
2482 579 2847 737 τοιγάρτοι
2894 582 3014 659 καὶ

260 712 461 841 {211}ss-
598 711 1008 819 ἕφασκεν,’
969 747 1080 793 οτι
1109 723 1153 761 “
1180 711 1420 794 ποῖντα
1460 712 1606 793 ὅσα
1643 714 1786 819 ἔχει
1823 716 1864 793 ὃ
1896 712 2157 816 Πατὴρ
2193 709 2332 811 ἐμά
2368 710 2616 792 ἐστιν.’
2621 706 2823 812 ’ἔχει
2860 703 3005 785 δε
2972 735 3014 782 ο

603 832 864 939 Πατὴρ
900 836 1057 945 ἐξ’
1020 845 1275 918 εαυτοῦ
1311 872 1390 917 τε
1426 840 1543 917 καὶ
1579 840 1656 918 ἐν
1684 839 1912 946 ἑαυτῷ
1947 871 2031 918 το
2067 835 2249 917 ’ίδιον
2277 831 2668 935 Πνεῦμα,
2619 866 2761 937 εχει
2796 837 3012 911 τοῦτο

599 962 676 1041 ἐν
713 963 940 1070 ἑαυτῷ
996 964 1114 1041 καὶ
1171 964 1211 1042 ὃ
1249 960 1444 1061 Υἱὸς,
1485 963 1771 1067 ἐπείπερ
1826 965 2027 1042 ἐστὶν
2060 961 2443 1060 ὁμοούσιος
2492 959 2716 1066 αὐτῷ,
2760 957 2877 1035 καὶ
2927 952 3014 1061 ἐξ
3030 975 3067 1038 5

602 1084 823 1166 αὐτοῦ
885 1083 1208 1191 πέφηνεν
1264 1086 1653 1186 οὖσιωδῶς,
1706 1088 1949 1168 ποῖντα
1997 1085 2091 1166 τὰ
2145 1093 2274 1166 τοῦ
2327 1081 2813 1188 γεννήσαντος
2867 1077 3011 1160 ἴδια

604 1215 933 1316 φυσικῶς
969 1209 1154 1317 ἔχων
1190 1212 1265 1292 ἐν
1302 1214 1549 1320 ἑαυτῷ.

704 1332 882 1416 Ὅτι
916 1335 991 1416 δὲ
1029 1337 1256 1417 καίτοι
1291 1332 1547 1416 πολλὰ
1588 1332 1952 1422 πολλάκις
2000 1338 2119 1416 καὶ
2156 1337 2233 1416 ἐν
2271 1336 2494 1442 καιρῷ
2527 1337 2632 1441 τῷ
2664 1330 3011 1436 πρέποντι

545 1493 581 1538 ο
604 1458 904 1562 δράσειν
960 1459 1544 1566 ὑπισχνούμενος,
1593 1458 1900 1563 ἔδρασεν
1955 1459 2145 1559 ὅμως
2201 1461 2318 1539 καὶ
2371 1456 2518 1563 πρὸ
2574 1463 2824 1560 καιροῦ
2880 1463 3015 1535 τοῦ

604 1585 1079 1687 διωρισμένου
1141 1582 1324 1687 πρὸς
1387 1585 1900 1692 πληροφορίαν
1958 1584 2324 1688 ἡμετέραν,
2377 1584 2496 1665 ἵνα
2556 1581 3012 1678 πιστεύωμεν
3038 1614 3109 1656 ιο

602 1709 900 1808 ἀληθῶς
952 1707 1062 1787 ὅτι
1105 1707 1193 1808 δὴ
1243 1709 1533 1795 πάντως
1587 1706 1974 1810 ἐκβήσεται
2029 1706 2122 1790 τὰ
2174 1708 2503 1813 εἰρημένα
2548 1704 2719 1809 παρ’
2758 1706 3006 1804 αὐτοῦ,

604 1831 932 1939 δείξομεν
986 1835 1330 1914 ἐντεῦθεν.
1431 1833 1929 1937 ἐπηγγέλλετο
1981 1832 2145 1918 τοὺς
2202 1830 2489 1938 νεκροὺς
2540 1832 2833 1936 ἐγείρειν
2891 1831 3015 1910 καὶ

605 1957 1071 2056 ἀνακομίσειν
1111 1958 1307 2043 αὖθις
1346 1962 1442 2043 εἷς
1480 1957 1666 2062 ζωὴν
1702 1957 1868 2044 τοὺς
1901 1961 1977 2039 ἐν
2015 1960 2112 2065 γῇ
2154 1959 2508 2059 κειμένους
2544 1960 2661 2037 καὶ
2701 1955 3007 2061 χώματι.

267 2080 435 2210 Ξωξζ
605 2091 650 2130 “
673 2078 1024 2188 Ἔρχεται
1074 2081 1217 2187 γὰρ
1251 2078 1423 2185 ὥρα,
1463 2086 1675 2192 φησὶ,
1712 2084 1875 2164 καθ’
1915 2081 2007 2184 ἣν
2041 2089 2108 2164 οἱ
2154 2084 2384 2187 νεκροὶ
2433 2080 2832 2161 ἀκούσουσι
2880 2084 3011 2180 τῆς

271 2226 352 2278 Ib-
371 2241 450 2295 29·
607 2216 651 2257 “
689 2211 937 2314 φωνῆς
990 2214 1118 2289 τοῦ
1172 2211 1354 2288 Υἱοῦ
1420 2214 1547 2288 τοῦ
1604 2212 1798 2288 Θεοῦ
1852 2211 1972 2289 καὶ
2029 2207 2548 2315 ἐξελεύσονται,
2605 2209 2671 2286 οἱ
2723 2204 2857 2306 μὲν
2918 2204 3011 2287 τὰ
3037 2229 3109 2293 15

606 2342 651 2381 ‘⁶
687 2329 929 2435 ἀγαθὰ
981 2332 1414 2433 ποιήσαντες
1470 2337 1565 2416 εἷς
1620 2331 2034 2414 ἀνάστασιν
2087 2331 2284 2436 ζωῆς,
2341 2334 2410 2412 οὶ
2463 2329 2540 2410 δὲ
2595 2328 2691 2409 τὰ
2752 2336 3011 2436 φαῦλα

537 2468 582 2534 d
606 2464 652 2503 “
687 2453 1093 2563 πράξαντες
1167 2462 1265 2541 εἷς
1336 2455 1752 2537 ἀνάστασιν
1810 2454 2175 2562 κρίσεως.”
2272 2454 2383 2536 ὅτι
2456 2452 2532 2535 δὲ
2603 2456 2722 2535 καὶ
2791 2461 3011 2535 τοῦτο

606 2579 1052 2685 κατορθώσει
1105 2579 1366 2690 ῥᾳδίως
1417 2588 1917 2690 πληροφορεῖν
1969 2579 2443 2685 ἐπειγόμενος,
2491 2580 2820 2661 ἐδίδασκε
2875 2577 3014 2681 μὲν

268 2727 514 2792 llud-²5-
604 2705 845 2811 λέγων
884 2716 927 2754 “
952 2706 1154 2809 Ἐγώ
1191 2712 1332 2808 εἶμι
1374 2708 1419 2807 ἡ
1471 2705 1875 2792 ἀνάστασις
1929 2710 2044 2788 καὶ
2095 2707 2140 2807 ἡ
2191 2704 2403 2811 ζωή.”
2460 2706 2610 2787 ἐπεὶ
2657 2705 2734 2785 δὲ
2781 2705 2827 2804 ἦ
2878 2713 3010 2785 τοῦ

602 2829 1033 2936 πράγματος
1097 2830 1470 2936 ὑπερβολὴ
1525 2830 1614 2912 τὸ
1672 2831 2224 2927 ἀναβιώσεσθαί
2267 2865 2444 2913 ποτε
2497 2827 2662 2915 τοὺς
2718 2828 3011 2934 νεκροὺς
3035 2855 3119 2895 ²⁰

603 2954 917 3039 ἄπιστόν
953 2991 1111 3043 πως
1168 2957 1397 3056 ἐτίθει,
1435 2957 1696 3063 φθάνει
1755 2956 2133 3062 χρησίμως
2180 2955 2306 3037 τὸν
2353 2960 2483 3056 τῆς
2536 2953 3013 3040 ἀναστάσεως

604 3081 871 3188 καιρὸν,
930 3085 1047 3164 καὶ
1114 3080 1406 3164 δεικνύει
1470 3078 1555 3162 τὸ
1621 3086 1923 3183 σημεῖον
1976 3082 2265 3185 ἐγείρων
2318 3080 2447 3163 τὸν
2497 3077 2830 3183 Λάζαρον
2890 3084 3011 3160 καὶ

603 3205 732 3290 τὸν
787 3211 916 3308 τῆς
971 3206 1197 3312 χήρας
1253 3205 1405 3288 υἱὸν
1461 3205 1578 3288 καὶ
1645 3204 1730 3287 τὸ
1785 3203 2084 3307 Ἰαείρου
2146 3204 2410 3309 κόριον.
2510 3208 2629 3286 καὶ
2692 3204 2770 3285 τί
2825 3204 3011 3310 πρὸς

605 3330 880 3415 τούτοις
939 3331 1224 3432 ἕτερον;
1285 3331 1805 3440 ἐπιδοξοτοῖτην
1840 3327 2000 3411 τινὰ
2055 3331 2295 3433 λέγων
2336 3329 2638 3412 ἔσεσθαι
2692 3327 2825 3430 τὴν
2860 3336 3013 3410 τῶν

267 3457 517 3590 Ξὲζῗὴ·
610 3456 915 3558 ἀγίων’
873 3452 1286 3535 ανάστασιν
1314 3465 1356 3504 “
1385 3455 1596 3554 Τότε,
1624 3452 1767 3560 γάρ
1806 3460 2060 3564 φησιν,
2104 3492 2171 3538 οι
2206 3457 2459 3537 δίκαιοι
2495 3453 3012 3563 ἐκλάμψουσιν
3038 3486 3114 3546 ²5

549 3588 655 3653 e“
693 3581 790 3663 ὡς
827 3579 867 3658 ὃ
904 3578 1108 3680 ἥλιος
1145 3580 1220 3660 ἐν
1255 3581 1348 3686 τῇ
1384 3581 1733 3689 βασιλείᾳ
1784 3587 1912 3661 τοῦ
1963 3581 2238 3687 πατρὸς
2280 3581 2577 3680 αὑτῶν,”
2619 3616 2733 3662 ινα
2781 3577 3015 3661 πάλιν

610 3707 707 3789 ὡς
741 3706 980 3806 ἀληθῆ
1019 3701 1255 3808 λέγων
1289 3704 1732 3806 πιστεύηται,
1769 3706 2101 3811 πρόωρον
2135 3712 2284 3791 τοῖς
2317 3711 2668 3807 μαθηταῖς
2713 3739 2831 3786 και
2877 3703 3015 3805 τὴν

269 3839 467 3892 s.1.uo.
608 3827 865 3910 τούτου
920 3827 1087 3910 θέαν
1137 3828 1519 3936 εχαρίζετο.
1600 3841 1645 3879 “
1674 3830 2131 3935 παραλαβων
2172 3829 2317 3935 γὰρ
2368 3830 2652 3935 Πέτρον
2704 3865 2822 3911 και
2865 3828 3021 3909 Ἰά-

374 3905 452 3954 28.

266 3908 521 4089 ἑέεζὶδ·
607 3962 654 4000 “
690 3962 930 4051 κωβον
983 3960 1102 4036 καὶ
1136 3954 1478 4058 Ἰωάννην
1530 3956 1752 4056 ἀνέβη
1809 3961 1906 4041 εἷς
1961 3952 2044 4037 τὸ
2101 3955 2266 4059 ὅρος
2319 3958 2436 4036 καὶ
2489 3955 3018 4062 μετεμορφώθη

267 4054 305 4090 ¹
607 4088 654 4127 ‘⁴
689 4079 1102 4183 ἔμπροσθεν
1165 4082 1420 4180 αὐτῶν,
1478 4082 1596 4161 καὶ
1660 4076 1956 4188 ἔλαμψε
2020 4078 2105 4159 τὸ
2167 4078 2569 4184 πρόσωπον
2631 4080 2851 4160 αὐτοῦ
2916 4082 3018 4166 ὦς
3044 4104 3131 4164 30

607 4215 652 4253 ‘⁶
689 4202 1053 4309 ἀστραπὴ,
1090 4201 1183 4285 τὰ
1239 4204 1315 4286 δὲ
1372 4205 1618 4305 ἱμάτια
1675 4205 1894 4286 αὐτοῦ
1947 4203 2223 4306 ἐγένετο
2273 4202 2498 4285 λευκὰ
2546 4205 2720 4284 ὡσεὶ
2764 4204 3015 4311 χιών.”

685 4423 734 4461 1.
772 4405 927 4460 τοῦτο
951 4421 1005 4475 p.
1218 4424 1273 4472 4.
1311 4406 1472 4462 αὐτοῦ
1493 4425 1550 4478 p.
1650 4405 1845 4461 Statim
1866 4427 1924 4462 τε
1948 4414 2289 4489 assumptum
2315 4423 2383 4462 ex
2407 4405 2472 4461 E.
2475 4423 2531 4477 p.
2762 4406 2818 4462 8.
2854 4407 3029 4464 mirac

607 4474 671 4530 Ε.
676 4493 731 4547 p.
757 4476 841 4531 καὶ
866 4474 1030 4530 καίτοι
1056 4473 1161 4531 Ed.
1483 4494 1535 4549 9.
1573 4481 1899 4548 προσκαιροῦ
1922 4477 2048 4548 (sic)
2080 4477 2149 4534 E.
2471 4493 2557 4532 12.
2594 4475 2951 4549 ἐπηγγείλατο
2974 4497 3031 4537 ⁸.

610 4561 696 4618 23.
735 4547 899 4603 καίτοι
927 4545 1055 4617 (oie)
1084 4545 1147 4601 E.
1365 4548 1452 4604 26.
1490 4550 1522 4602 ὁ
1544 4556 1888 4621 assumptum
1918 4566 1987 4604 ex
2010 4547 2076 4603 E.
2079 4566 2134 4619 p.
