3269 5166
651 348 741 409 44
1243 345 1323 409 Β.
1370 344 1797 411 GYRILLI
1855 344 2443 410 ALEXANDR.
2619 343 2796 408 xviii.
2821 357 3052 423 24-27.

638 506 876 590 ’'Avva
928 512 1091 619 πρὶς
1132 509 1490 619 Καϊάφαν·
1554 511 2079 616 διερωτώμενον
2117 511 2193 592 δὲ
2242 513 2558 593 δείκνυσι
2606 510 2734 591 τὸν
2775 510 3055 612 Πέτρον

317 649 473 708 1081
489 648 567 705 A„
596 663 634 705 a
654 633 856 738 παρά
891 669 969 714 τε
1004 640 1151 715 τῶν
1184 635 1896 738 συνθερμαινομένων
1933 642 2244 735 οἰκετῶν,
2281 640 2399 717 καὶ
2446 636 2648 739 παρά
2682 668 2873 719 τινος
2911 641 3055 714 τῶν

656 762 733 838 ἐκ
788 759 1034 860 γε’νους
1090 769 1218 841 τοῦ
1265 759 1672 862 πληγέντος
1725 761 1842 841 ὑπ’
1891 763 2130 860 αὐτοῦ,
2177 765 2294 841 καὶ
2349 763 2594 863 τρίτην
2649 761 2725 839 ἐν
2780 758 3055 843 τούτοις

656 885 1217 987 ἀποπληροῦντα
1251 881 1382 982 τὴν
1420 884 1748 986 ἄρνησιν.
1826 881 1977 965 εἶτα
2026 889 2152 985 τῆς
2202 894 2331 965 τοῦ
2382 879 2853 985 ἀλεκτρυόνος
2899 886 3051 962 δια·
3187 922 3188 963 ι

655 1006 1002 1108 μέμνηται
1057 1011 1324 1115 φωνῆς,
1380 1009 1532 1088 κατ’
1583 1007 1788 1088 οὐδὲν
1837 1010 2309 1090 διαπίπτοντα
2357 1009 2486 1089 τὸν
2536 1016 2666 1088 τοῦ
2721 1010 3055 1106 Σωτῆρος
3075 1022 3106 1078 5

656 1130 857 1230 ἡμῶν
895 1133 1320 1239 ἀποφαίνων
1357 1128 1603 1234 λόγον,
1630 1132 2169 1237 προεγνωκότος
2199 1168 2278 1214 τε
2315 1135 2431 1212 καὶ
2468 1129 3055 1234 προηγγελκότος

656 1264 784 1335 τοῦ
841 1256 1016 1335 ἰδίου
1069 1262 1393 1354 μαθητοῦ
1449 1255 1581 1354 τὴν
1634 1258 1711 1336 ἐν
1766 1257 2103 1360 θορύβοις
2162 1256 2558 1354 ἀσθένειαν,
2614 1255 2700 1355 ἧς
2755 1255 2910 1334 οὐδ’
2971 1253 3056 1332 ἂν

657 1377 846 1461 ὅλως
884 1377 1300 1479 ἐπεμνήσθη
1338 1379 1546 1484 τάχα,
1587 1382 2034 1465 θεοδίδακτος
2077 1378 2200 1479 ὧν,
2238 1383 2278 1459 ὁ
2325 1381 2485 1461 τόδε
2533 1378 2619 1460 τὸ
2670 1378 3054 1480 σύνταγμα

659 1508 912 1609 γραφῇ
965 1500 1349 1604 παραδοὺς,
1394 1509 1456 1582 εἰ
1507 1502 1609 1603 μὴ
1666 1501 1793 1587 τὰς
1849 1511 1996 1584 τῶν
2042 1505 2405 1603 μισοθέων
2453 1502 2782 1603 ἐνενόησε
2844 1509 3056 1606 φιλο-

659 1627 932 1732 ψογίας
967 1659 1044 1705 τε
1080 1631 1196 1706 καὶ
1234 1628 1835 1728 ἀθυρογλωττίας.
1913 1624 2111 1708 εἷπον
2145 1628 2292 1732 γάρ
2329 1629 2419 1708 ἄν
2454 1663 2638 1712 τινες
2673 1625 2880 1712 εὐθὺς
2915 1633 3055 1706 τῶν
3079 1650 3135 1691 ¹0
3191 1588 3192 1671 ἰ

659 1748 769 1829 ὅτι
805 1748 1134 1848 μάλιστα
1167 1756 1507 1848 πολεμεῖν
1541 1750 1958 1853 ἐγνωκότων
1985 1759 2138 1835 ταῖς
2174 1761 2302 1831 τοῦ
2343 1755 2678 1855 Σωτῆρος
2715 1751 3054 1832 εὖκλείαις

593 1877 637 1943 b
658 1874 1104 1982 Ἐπιδείξατε
1137 1881 1263 1953 τοῦ
1306 1872 1586 1978 Πέτρου
1622 1874 1754 1975 τὴν
1792 1875 2116 1979 ἄρνησιν,
2154 1882 2308 1961 πῶς
2358 1874 2434 1956 δὲ
2485 1879 2601 1955 καὶ
2649 1873 2814 1955 ὅποι
2859 1873 3048 1954 τετέ-
3193 1920 3194 1981 η

661 2009 920 2079 λεσται
980 1996 1064 2077 τὸ
1121 1996 1709 2102 προηγγελμένον
1769 1996 1887 2078 διὰ
1946 2006 2298 2103 Χριστοῦ,
2356 2000 2583 2080 καίτοι
2642 1996 2725 2079 τὸ
2789 2000 3052 2102 ψευδο·

658 2128 907 2220 μυθεῖν
942 2121 1107 2202 καθ’
1147 2124 1326 2219 ὑμᾶς
1364 2122 1491 2202 οὐκ
1529 2118 1817 2205 εἰδότος.
1900 2122 2245 2276 ἀλήθειαν
2281 2121 2425 2225 γὰρ
2477 2120 2660 2203 εἶναί
2699 2130 2907 2230 φατε,
2945 2124 3056 2200 καὶ

662 2246 750 2353 ἐξ
780 2249 1097 2346 ἀληθοῦς
1132 2244 1566 2352 ἀναλάμψαι
1608 2247 1921 2350 Πατρός.
1999 2247 2569 2397 ἀναγκαιοτάτην
2603 2254 2986 2348 τοιγαροῦν
3019 2245 3058 2323 ὁ
3082 2265 3138 2324 ¹5
3195 2256 3196 2317 1

662 2373 1049 2456 θεσπέσιος
1114 2369 1670 2473 Εὐαγγελιοτὴς
1733 2405 1851 2451 και
1914 2370 2188 2452 τούτων
2245 2371 2415 2469 ἡμῖν
2476 2369 2869 2469 ἐποιήσατο
2933 2367 3057 2468 τὴν

662 2492 1029 2601 ἐξήγησιν,
1068 2494 1511 2595 ἀληθεύοντα
1546 2499 1882 2601 πανταχῆ
1921 2493 2191 2580 δεικνυς
2225 2493 2354 2574 τὸν
2393 2495 2683 2597 Κύριον.

772 2620 989 2699 Ἀλλ’
1029 2619 1208 2703 ἴσως
1254 2628 1382 2699 τοῦ
1414 2618 1546 2717 μὲν
1582 2620 1687 2700 ἔτι
1720 2621 2064 2706 τοιούτοις
2098 2620 2282 2720 ἡμᾶς
2321 2617 2781 2721 κατακρούειν
2818 2614 3060 2719 λόγοις

664 2743 1010 2851 ἀφέξεταί
1038 2778 1147 2828 τις
1183 2750 1328 2823 τῶν
1365 2745 1450 2823 δι’
1492 2746 1832 2842 ἐναντίας,
1871 2744 2093 2828 δεινὸς
2130 2743 2207 2824 δὲ
2246 2753 2373 2824 τοῦ
2414 2743 2692 2847 Πέτρου
2740 2749 3062 2846 φανεῖται

660 2867 1080 2972 κατήγορος,
1140 2870 1256 2949 καὶ
1322 2868 1588 2954 δειλίας
1649 2871 2090 2972 ἀσυγκρίτου
2153 2866 2283 2949 τὸν
2339 2866 2646 2971 γνήσιον
2704 2868 3065 2973 γράψεται
3083 2896 3144 2938 ²0

661 2993 1015 3095 μαθητὴν,
1057 2997 1306 3101 εὐχερῆ
1353 2993 1427 3075 δὲ
1480 2996 1704 3079 οὕτως
1755 2995 1900 3095 ἐρεῖ
1937 2991 2123 3097 πρὸς
2170 2991 2302 3094 τὴν
2335 2996 2412 3073 ἐν
2446 2993 2693 3096 λόγοις
2730 2991 3066 3094 γενέσθαι

604 3147 640 3191 0
666 3117 1085 3217 διάπτωσιν,
1123 3124 1221 3206 ὦς
1259 3120 1396 3221 ἤδη
1433 3121 1549 3199 καὶ
1587 3118 1829 3219 τρίτον
1866 3123 2262 3199 διολισθεῖν
2299 3124 2396 3203 εἰς
2433 3116 2869 3219 ἀπάρνησιν,
2914 3115 3064 3194 οὐδ’

666 3242 846 3323 ὅσον
894 3249 1021 3343 τῆς
1076 3252 1220 3325 τῶν
1273 3247 1520 3324 δεινῶν
1571 3241 1949 3348 ἁψάμενον
2002 3244 2274 3344 πείρας,
2311 3242 2534 3344 ἤγουν
2586 3239 2768 3343 πρὸς
2823 3241 3069 3323 αὐταῖς

664 3365 1013 3469 γεγονότα
1046 3377 1200 3451 ταῖς
1245 3377 1373 3448 τοῦ
1421 3367 1746 3447 κινδύνου
1782 3367 2052 3470 θύραις.
2131 3367 2302 3446 ἀλλ’
2343 3372 2562 3446 εἰπεῖν
2596 3363 2724 3465 μὲν
2761 3363 3069 3462 ἁρμόσει

666 3487 758 3570 τὰ
793 3500 1087 3571 τοιαῦτα
1135 3489 1353 3597 τυχὸν
1391 3497 1535 3575 τοῖς
1586 3488 1925 3592 ἀμυήτοις
1976 3491 2104 3569 ἔτι·
2167 3487 2309 3592 ἐγὼ
2361 3489 2435 3570 δὲ
2483 3494 2581 3574 ὡς
2628 3489 3068 3592 ποῤῥωτιίτω
3089 3513 3147 3574 25

667 3610 759 3690 τὰ
829 3619 1117 3692 τοιαῦτα
1192 3614 1446 3709 μεθεὶς,
1513 3614 1631 3691 καὶ
1693 3618 1849 3695 ταῖς
1914 3610 2196 3690 ἐκείνων
2259 3611 2645 3712 τερθρείαις
2710 3610 3069 3712 ε’ῥρῶσθαι

669 3735 987 3842 φράσας,
1023 3741 1120 3821 εἰς
1164 3734 1295 3836 τὴν
1333 3736 1507 3837 ὑπὲρ
1544 3744 1674 3815 τοῦ
1712 3733 2095 3836 γεγονότος
2142 3735 2546 3836 ἀπολογίαν
2580 3731 3065 3838 τετράψομαι,

667 3866 816 3942 τοῖς
865 3858 1000 3962 ἤδη
1052 3861 1609 3959 κατειθισμένοις
1648 3865 1832 3938 νοεῖν
1867 3858 2232 3961 μυστήρια
2279 3857 2371 3937 τὰ
2419 3861 2496 3937 ἐκ
2545 3860 2672 3955 τῆς
2719 3860 3072 3954 μυστικῆς

671 3985 1070 4083 οἰκονομίας
1117 3988 1528 4088 παρατιθεὶς
1580 3989 1678 4068 εἰς
1725 3983 2116 4090 ἀπόδειξιν.
2196 3982 2335 4062 ἔδει
2380 3980 2525 4085 γὰρ
2571 3982 2708 4060 ἔδει
2758 3982 2874 4059 καὶ
2925 3986 3071 4058 τῶν

669 4106 1008 4189 τοιούτων
1046 4110 1120 4188 εὖ
1164 4109 1366 4208 μάλα
1416 4113 1938 4210 διαμεμνῆσθαι
1987 4105 2437 4210 πραγμάτων
2472 4104 2599 4186 τὸν
2635 4104 3070 4207 σοφώτατον
3092 4133 3156 4193 30

671 4232 1253 4336 Εὑαγγελιστὴν,
1312 4230 1486 4337 ὑπὲρ
1546 4240 1675 4313 τοῦ
1742 4230 2058 4313 συνιέναι
2117 4228 2282 4315 τοὺς
2341 4228 2830 4332 ἀκροωμένους
2890 4228 3070 4309 τίνες

602 4391 645 4455 d
669 4355 801 4457 μὲν
844 4354 1039 4457 ἦσαν
1083 4362 1198 4438 καὶ
1249 4358 1449 4439 αὐτοὶ
1492 4361 1620 4458 τῆς
1676 4356 2087 4457 οἰκουμένης
2142 4361 2208 4436 οἰ
2265 4353 2692 4434 διδάσκαλοι
2746 4351 2891 4453 πρὸ
2945 4354 3073 4449 τῆς

741 4607 793 4665 6.
828 4609 1300 4681 προηγγελτικότος
1324 4607 1448 4677 (sio)
1475 4607 1539 4664 E.
1823 4623 1903 4698 πα.
1941 4605 2233 4674 ἐπεδείξατε
2260 4602 2327 4658 Ε.
2600 4613 2688 4669 32·
2723 4597 2772 4651 οἱ
2797 4613 2906 4652 om.
2935 4596 3001 4652 Ε.
