3269 5166
330 2047 417 2100 Fa.
443 2047 478 2099 1.
503 2045 552 2100 6.

667 351 755 413 36
1274 350 1355 414 B.
1402 348 1824 415 CYRILLI
1880 345 2469 414 ALEXANDR.
2750 344 2933 410 xviii·
2965 362 3066 413 22.

669 547 832 598 νους
902 512 1040 613 ἤδη
1114 511 1279 598 τοὺς
1349 514 1700 618 ὑπηρέτας
1772 518 1889 596 καὶ
1967 511 2504 614 τεθαυμακότας
2583 511 3065 616 εὑρίσκοντες,

666 640 1076 741 ἀγωνιῶσιν
1129 642 1196 718 οὶ
1251 642 1662 742 Φαρισαῖοι.
1752 647 1966 720 τοῦτο
2020 645 2404 743 τοιγαροῦν
2455 634 2656 722 εἰδὼς
2714 637 2756 716 5
2811 635 3071 738 Σωτήρ

666 765 1021 872 Ἐρῶτησὸν
1056 769 1245 871 φησι
1281 799 1432 851 τους
1479 764 1895 859 ἀκηκοοτιις·
1955 760 2053 845 ιάσ
2101 800 2265 845 ουτοι
2315 764 2544 844 ἴσασιν
2581 759 2637 843 ἃ.
2684 797 2865 844 eamr
2903 762 3065 863 ἐγῶ.

666 886 923 972 αὑτοὺς
971 884 1118 992 γὰρ
1166 889 1466 972 ἐκείνους
1501 883 1668 973 τοῦς
1703 887 1866 970 τότε
1900 886 2448 993 παρεστηκότας
2494 888 2708 991 ὁρῶν,
2742 882 2828 967 τό
2863 883 3072 967 Οὗτοι

666 1014 918 1119 φησὶν,
955 1009 1001 1113 ἢ
1052 1013 1331 1093 κάκεῖνο
1379 1011 1784 1113 σημαίνων,
1824 1012 1934 1095 ὅτι
1983 1015 2101 1095 καὶ
2150 1014 2353 1093 αὑτοὶ
2402 1008 2900 1111 τεθαυμάκασι
2943 1014 3072 1110 τῆς
3095 1035 3126 1098 5
3203 1024 3204 1039 ¹

665 1137 838 1236 ἐμῆς
892 1138 1364 1223 διδασκαλίας
1416 1136 1503 1218 τὸ
1567 1136 1844 1224 κάλλος
1907 1143 1974 1219 οἱ
2033 1141 2161 1239 τῆς
2217 1134 2554 1241 ὑμετέρας
2605 1131 3074 1236 ἀνοσιότητος

667 1259 1033 1364 ὑπουργοί.

566 1510 640 1552 22
669 1484 893 1551 Ταῦτα
984 1485 1055 1552 δε
1144 1486 1343 1554 αὐτοῦ
1427 1484 1731 1555 εἰπόντος
1814 1482 1910 1555 εἷο
1993 1487 2426 1578 παρεστηκὼς
2504 1486 2641 1552 τῶν
2724 1486 3070 1577 ὑπι-ιρετῶν

599 1620 646 1686 d

770 1609 984 1677 ἔδωκε
1063 1613 1357 1702 ῥάπισμα
1437 1616 1533 1701 τῷ
1593 1615 1833 1697 Ἰησοῦ,
1906 1611 2112 1681 εἰπὼν
2183 1614 2364 1699 αὐτῷ
2433 1611 2664 1680 Οὕτως
2746 1612 3070 1704 ἀποκρίνῃ

770 1741 870 1825 τῷ
913 1733 1243 1828 ἀρχιερεῖς
3095 1755 3152 1796 10

786 1901 1370 2004 Προκεκήρυκται
1440 1900 1573 2003 μὲν
1637 1902 1757 1983 διὰ
1828 1908 1959 2005 τῆς
2031 1914 2159 1985 τοῦ
2222 1902 2606 2012 προφήτου
2669 1907 2918 2012 φωνῆς
2977 1906 3071 1987 ὥς

666 2021 1014 2126 ἐσόμενον
1048 2028 1163 2108 ἐπὶ
1199 2030 1509 2134 Χριστῷ
1560 2029 1679 2108 καὶ
1725 2034 1969 2108 τοῦτο·
2035 2038 2079 2078 ‘⁶
2106 2026 2262 2109 Τὸν
2298 2027 2525 2109 νῶτόν
2558 2062 2701 2128 μου
2735 2026 3066 2123 δέδωκα,”

667 2154 920 2255 φησὶν,
961 2161 1006 2200 “
1039 2156 1137 2237 εἷς
1172 2149 1538 2254 μάστιγας
1574 2153 1693 2232 καὶ
1728 2149 1856 2235 τὰς
1893 2150 2241 2256 σιαγόνας
2276 2186 2418 2253 μου
2453 2158 2550 2238 εἶς
2583 2150 3067 2257 flavianam?

666 2274 1069 2382 διεξάγεται
1103 2271 1333 2378 γεμὴν
1369 2280 1464 2361 εἷς
1516 2274 1602 2356 τὸ
1649 2274 1884 2357 πάλαι
1920 2275 2666 2385 προαναφωνούμενον
2698 2274 2942 2380 πέρας,
2978 2280 3068 2358 εἷς

665 2404 885 2502 κρῖμα
945 2397 1080 2500 μὲν
1133 2403 1262 2500 τῆς
1315 2400 1680 2480 Ἰουδαίων
1740 2400 2170 2505 ἀλαζονείας,
2227 2406 2326 2487 εἷς
2390 2401 2756 2506 ἀναίρεσιν
2813 2398 2893 2481 δὲ
2954 2404 3066 2481 καὶ
3093 2428 3149 2488 15

667 2522 1188 2631 καταστροφὴν
1235 2528 1364 2626 τῆς
1418 2523 1891 2632 ὀφειλομένης
1940 2527 2109 2626 ἡμῖν
2145 2525 2448 2628 ἀτιμίας,
2492 2527 2777 2632 ἐπείπερ
2830 2518 3060 2630 ἡμάρ-

608 2687 646 2733 e
667 2681 883 2743 τομεν
925 2649 1003 2728 ἐν
1038 2648 1280 2748 Ἀδάμ
1333 2655 1436 2758 τῷ
1490 2650 1756 2758 πρώτῳ
1809 2649 1944 2752 τὴν
1987 2651 2188 2732 θείαν
2230 2651 2686 2752 πατήσαντες
2738 2652 3062 2752 ἐντολήν.

666 2770 1072 2877 ἀτιμάζεται
1141 2771 1287 2879 γὰρ
1360 2771 1535 2878 ὑπερ
1610 2775 1833 2875 ἡμῶν,
1894 2778 2179 2880 ἐπείπερ
2239 2775 2452 2862 αὐτὸς
2516 2810 2647 2861 τας
2719 2777 3066 2880 ἁμαρτίας

330 2909 409 2960 Ib
423 2908 575 2976 hii-4
665 2895 869 2997 ἡμῶν
914 2897 1112 3003 α’ίρει,
1150 2896 1336 2979 κατὰ
1385 2895 1520 2999 τὴν
1562 2908 1694 2980 τοῦ
1748 2898 2128 3008 προφήτου
2182 2899 2454 3009 φωνὴν,
2491 2903 2609 2982 καὶ
2656 2902 2820 3003 περὶ
2866 2899 3071 3000 ἡμῶν

662 3024 1021 3104 ὀδυνᾶται.
1119 3021 1369 3126 ὥσπερ
1442 3021 1590 3126 γάρ
1664 3024 1978 3107 θανάτου
2048 3024 2267 3107 λύσιν
2340 3022 2720 3130 εἰργάζετο,
2784 3025 3068 3134 θανάτῳ
3093 3061 3152 3104 20

660 3149 1026 3252 παραδοὺς
1099 3149 1184 3229 τὸ
1259 3148 1437 3229 ἴδιον
1506 3154 1751 3249 σῶμα·
1836 3147 1967 3230 τὸν
2038 3148 2258 3231 αὑτὸν
2331 3147 2526 3250 οιμαι
2600 3148 2874 3254 τρόπον
2941 3155 3071 3252 τῆς

661 3272 1148 3375 ἐπηρτημένης
1231 3273 1402 3373 ἡμῖν
1475 3272 1759 3375 ἀτιμίας
1842 3271 1961 3354 διὰ
2040 3271 2173 3375 τὴν
2240 3273 2667 3378 παράβασιν
2739 3278 2859 3356 καὶ
2940 3274 3072 3376 τὴν

664 3395 1063 3499 ἀρχέκακον
1100 3397 1476 3500 ἁμαρτίαν,
1513 3395 1737 3478 λύσιν
1772 3396 1916 3503 ἔχει
1952 3395 2036 3478 τό
2073 3398 2404 3505 ῥάπισμα
2445 3398 2578 3500 τὴν
2612 3401 2727 3481 ἐπὶ
2762 3404 3072 3508 Χριστῷ

663 3526 995 3622 πληροῦν
1030 3521 1342 3620 ἀτιμίαν.
1422 3519 1519 3605 εἷς
1568 3518 1716 3624 γὰρ
1767 3524 1809 3601 5
1857 3519 2151 3603 πάντων
2185 3521 2520 3631 ἀντάξιος
2564 3522 2740 3627 ὑπὲρ
2775 3522 3070 3605 πάντων

331 3665 644 3724 102'7A.a
665 3641 1064 3748 ἡτιμάζέτο.
1139 3640 1340 3745 πλὴν
1376 3642 1560 3745 ὅλην
1598 3642 1690 3726 ἂν
1737 3642 1935 3745 οἶμαι
1987 3646 2242 3755 φρίξαι
2292 3646 2424 3748 τὴν
2460 3647 2717 3747 κτίσιν,
2753 3646 2951 3754 εἴπερ
2996 3651 3070 3729 ἐν
3095 3681 3153 3740 ²5

663 3766 1004 3868 αἰσθήσει
1040 3770 1343 3872 κέκλητο
1392 3778 1520 3850 τοῦ
1569 3769 2063 3871 τολμήματος·
2127 3774 2169 3852 5
2206 3769 2352 3877 γάρ
2387 3776 2514 3872 τῆς
2548 3768 2766 3879 δόξης
2804 3773 3069 3878 Κύριος

661 3897 753 3997 τῇ
787 3899 916 3973 τοῦ
947 3892 1287 3979 παιόντος
1322 3893 1585 4002 ἀνοσίᾳ
1619 3896 1804 3999 χειρὶ
1840 3895 2266 4002 κατῃκίζετο.

764 4018 927 4100 Οὑκ
962 4018 1355 4126 ἀμοιρήσαι
1391 4018 1620 4123 γεμὴν
1650 4019 1932 4123 ἐρεύνης
1970 4017 2060 4101 ἀν
2088 4018 2282 4120 οἶμαι
2319 4026 2770 4130 φιλομαθοῦς
2794 4017 2883 4101 τὸ
2920 4023 3069 4101 ἐθε-

663 4146 893 4243 λῆσαι
928 4149 1201 4243 μαθεῖν,
1223 4143 1385 4225 ἀνθ’
1412 4143 1583 4226 ὅτου
1617 4142 1840 4251 τυχὸν
1863 4146 1904 4226 5
1936 4141 2355 4247 πάντολμος
2391 4147 2644 4227 οὑτοσὶ
2678 4148 2797 4226 καὶ
2822 4148 3070 4225 ἀνοσι-
3203 4223 3204 4230 ,

662 4265 918 4372 ουργὸς
955 4268 1276 4374 ὑπηρέτης
1327 4268 1602 4374 ῥαπίζει
1655 4268 1785 4351 τὸν
1833 4269 2145 4371 Ἰησοῦν,
2203 4269 2533 4374 σκληρὸν
2585 4269 2718 4370 μὲν
2772 4268 2967 4355 ὅλως
3019 4264 3160 4369 ἢ30
3203 4305 3204 4384 j

662 4391 1027 4496 δύσοργον
1076 4391 1368 4474 εἰπόντα
1419 4390 1664 4494 μηδὲν,
1702 4393 2118 4499 πραοτάτην
2156 4394 2234 4477 δὲ
2287 4394 2459 4477 λίαν
2502 4392 2638 4496 τὴν
2680 4395 2794 4504 ἐφ’
2833 4392 3067 4477 ἅπασι

735 4619 785 4678 7.
821 4605 1081 4678 ὑπουργὸς
1106 4605 1171 4662 Ε.
1412 4622 1500 4678 23.
1537 4606 1819 4679 ἀρχίκακον
1844 4607 1910 4664 Ε.
2145 4624 2232 4677 24.
2268 4609 2554 4681 πληροῦντι
2579 4607 2703 4680 (pro
2725 4606 2900 4678 more)
2927 4606 2996 4665 Ε.
