<?xml version="1.0" encoding="UTF-8"?>
<!DOCTYPE html PUBLIC "-//W3C//DTD XHTML 1.0 Transitional//EN"
    "http://www.w3.org/TR/xhtml1/DTD/xhtml1-transitional.dtd">
<html xmlns="http://www.w3.org/1999/xhtml" xml:lang="en" lang="en">
 <head>
  <title>
</title>
<meta http-equiv="Content-Type" content="text/html;charset=utf-8" />
  <meta name='ocr-system' content='tesseract 3.04.00' />
  <meta name='ocr-capabilities' content='ocr_page ocr_carea ocr_par ocr_line ocrx_word'/>
</head>
<body>
  <div class='ocr_page' id='page_1' title='image "./indjoannisevang00pusegoog_0505.png"; bbox 0 0 3269 5166; ppageno 0'>
   <div class='ocr_carea' id='block_1_1' title="bbox 907 351 2667 423">
    <p class='ocr_par' dir='ltr' id='par_1_1' title="bbox 907 351 2667 423">
     <span class='ocr_line' id='line_1_1' title="bbox 907 351 2667 423; baseline 0.002 -4"><span class='ocrx_word' id='word_1_1' title='bbox 907 351 1268 419; x_wconf 77' lang='lat' dir='ltr'><strong>OONTRA</strong></span> <span class='ocrx_word' id='word_1_2' title='bbox 1329 351 2030 421; x_wconf 84' lang='lat' dir='ltr'>SYNOUSIAS&#39;PAS.</span> <span class='ocrx_word' id='word_1_3' title='bbox 2536 361 2667 423; x_wconf 82' lang='lat'>489</span> 
     </span>
    </p>
   </div>
   <div class='ocr_carea' id='block_1_2' title="bbox 1411 593 1521 675">
    <p class='ocr_par' dir='ltr' id='par_1_2' title="bbox 1411 593 1521 675">
     <span class='ocr_line' id='line_1_2' title="bbox 1411 593 1521 675; baseline 0.009 -1"><span class='ocrx_word' id='word_1_4' title='bbox 1411 593 1521 675; x_wconf 84' lang='grc' dir='ltr'>ιδ’.</span> 
     </span>
    </p>
   </div>
   <div class='ocr_carea' id='block_1_3' title="bbox 196 773 2666 1624">
    <p class='ocr_par' dir='ltr' id='par_1_3' title="bbox 262 773 2666 1132">
     <span class='ocr_line' id='line_1_3' title="bbox 387 773 2666 880; baseline 0.003 -30"><span class='ocrx_word' id='word_1_5' title='bbox 387 773 629 853; x_wconf 81' lang='grc' dir='ltr'>Αὐτοῦ</span> <span class='ocrx_word' id='word_1_6' title='bbox 702 780 1086 877; x_wconf 80' lang='grc' dir='ltr'>τοιγαροῦν</span> <span class='ocrx_word' id='word_1_7' title='bbox 1130 780 1260 853; x_wconf 92' lang='grc' dir='ltr'>τοῦ</span> <span class='ocrx_word' id='word_1_8' title='bbox 1326 773 1621 855; x_wconf 80' lang='grc' dir='ltr'>πάντων</span> <span class='ocrx_word' id='word_1_9' title='bbox 1683 775 1886 874; x_wconf 85' lang='grc' dir='ltr'>ἡμῶν</span> <span class='ocrx_word' id='word_1_10' title='bbox 1940 779 2277 880; x_wconf 83' lang='grc' dir='ltr'>Σωτῆρος</span> <span class='ocrx_word' id='word_1_11' title='bbox 2333 780 2666 880; x_wconf 81' lang='grc' dir='ltr'>Χριστοῦ</span> 
     </span>
     <span class='ocr_line' id='line_1_4' title="bbox 262 894 2662 1003; baseline 0.002 -26"><span class='ocrx_word' id='word_1_12' title='bbox 262 901 902 1003; x_wconf 84' lang='grc' dir='ltr'>πληροφοροῦντος</span> <span class='ocrx_word' id='word_1_13' title='bbox 972 896 1138 981; x_wconf 80' lang='grc' dir='ltr'>τοὺς</span> <span class='ocrx_word' id='word_1_14' title='bbox 1212 894 1695 995; x_wconf 88' lang='grc' dir='ltr'>ἀποστόλους,</span> <span class='ocrx_word' id='word_1_15' title='bbox 1751 902 1848 984; x_wconf 83' lang='grc' dir='ltr'>ὡς</span> <span class='ocrx_word' id='word_1_16' title='bbox 1908 901 1988 978; x_wconf 85' lang='grc' dir='ltr'>ἐκ</span> <span class='ocrx_word' id='word_1_17' title='bbox 2050 905 2315 1003; x_wconf 80' lang='grc' dir='ltr'>νεκρῶν</span> <span class='ocrx_word' id='word_1_18' title='bbox 2379 900 2662 998; x_wconf 82' lang='grc' dir='ltr'>ἀνεβίω,</span> 
     </span>
     <span class='ocr_line' id='line_1_5' title="bbox 263 1018 2662 1132; baseline 0.003 -32"><span class='ocrx_word' id='word_1_19' title='bbox 263 1018 507 1124; x_wconf 78' lang='grc' dir='ltr'>σάρκα</span> <span class='ocrx_word' id='word_1_20' title='bbox 559 1055 637 1102; x_wconf 87' lang='grc' dir='ltr'>τε</span> <span class='ocrx_word' id='word_1_21' title='bbox 682 1024 802 1101; x_wconf 84' lang='grc' dir='ltr'>καὶ</span> <span class='ocrx_word' id='word_1_22' title='bbox 855 1019 1085 1105; x_wconf 88' lang='grc' dir='ltr'>πόδας</span> <span class='ocrx_word' id='word_1_23' title='bbox 1139 1025 1256 1102; x_wconf 82' lang='grc' dir='ltr'>καὶ</span> <span class='ocrx_word' id='word_1_24' title='bbox 1308 1029 1548 1127; x_wconf 86' lang='grc' dir='ltr'>χεῖρας</span> <span class='ocrx_word' id='word_1_25' title='bbox 1585 1022 1790 1127; x_wconf 80' lang='grc' dir='ltr'>ἔχων,</span> <span class='ocrx_word' id='word_1_26' title='bbox 1827 1022 2218 1108; x_wconf 88' lang='grc' dir='ltr'>διειπόντος</span> <span class='ocrx_word' id='word_1_27' title='bbox 2263 1057 2343 1104; x_wconf 90' lang='grc' dir='ltr'>τε</span> <span class='ocrx_word' id='word_1_28' title='bbox 2398 1031 2662 1132; x_wconf 83' lang='grc' dir='ltr'>σαφῶς</span> 
     </span>
    </p>

    <p class='ocr_par' dir='ltr' id='par_1_4' title="bbox 196 1141 2664 1624">
     <span class='ocr_line' id='line_1_6' title="bbox 196 1141 2664 1245; baseline 0.001 -21"><span class='ocrx_word' id='word_1_29' title='bbox 196 1175 236 1235; x_wconf 84' lang='grc'>5</span> <span class='ocrx_word' id='word_1_30' title='bbox 263 1143 375 1224; x_wconf 80' lang='grc' dir='ltr'>ὅτι</span> <span class='ocrx_word' id='word_1_31' title='bbox 405 1142 507 1243; x_wconf 83' lang='grc' dir='ltr'>μὴ</span> <span class='ocrx_word' id='word_1_32' title='bbox 541 1143 823 1244; x_wconf 83' lang='grc' dir='ltr'>πνεῦμά</span> <span class='ocrx_word' id='word_1_33' title='bbox 869 1147 1050 1244; x_wconf 85' lang='grc' dir='ltr'>ἐστι,</span> <span class='ocrx_word' id='word_1_34' title='bbox 1084 1151 1242 1229; x_wconf 88' lang='grc' dir='ltr'>πῶς</span> <span class='ocrx_word' id='word_1_35' title='bbox 1288 1141 1379 1225; x_wconf 78' lang='grc' dir='ltr'>ἂν</span> <span class='ocrx_word' id='word_1_36' title='bbox 1426 1145 1819 1227; x_wconf 80' lang='grc' dir='ltr'>ε’νδοιάσειέ</span> <span class='ocrx_word' id='word_1_37' title='bbox 1856 1181 1964 1231; x_wconf 88' lang='grc' dir='ltr'>τις</span> <span class='ocrx_word' id='word_1_38' title='bbox 2014 1150 2111 1231; x_wconf 85' lang='grc' dir='ltr'>ὡς</span> <span class='ocrx_word' id='word_1_39' title='bbox 2147 1148 2232 1226; x_wconf 85' lang='grc' dir='ltr'>οὐ</span> <span class='ocrx_word' id='word_1_40' title='bbox 2265 1147 2664 1245; x_wconf 69' lang='grc' dir='ltr'>μετεβαλεν</span> 
     </span>
     <span class='ocr_line' id='line_1_7' title="bbox 259 1265 2658 1374; baseline 0.003 -29"><span class='ocrx_word' id='word_1_41' title='bbox 259 1269 306 1368; x_wconf 85' lang='grc' dir='ltr'><em>ἦ</em></span> <span class='ocrx_word' id='word_1_42' title='bbox 350 1265 558 1374; x_wconf 77' lang='grc' dir='ltr'>σὰρξ</span> <span class='ocrx_word' id='word_1_43' title='bbox 591 1274 688 1353; x_wconf 83' lang='grc' dir='ltr'>εἷς</span> <span class='ocrx_word' id='word_1_44' title='bbox 745 1267 974 1374; x_wconf 81' lang='grc' dir='ltr'>φύσιν</span> <span class='ocrx_word' id='word_1_45' title='bbox 1028 1265 1382 1368; x_wconf 76' lang='grc' dir='ltr'>θεότητος,</span> <span class='ocrx_word' id='word_1_46' title='bbox 1433 1271 1593 1350; x_wconf 71' lang='grc' dir='ltr'>οὔτε</span> <span class='ocrx_word' id='word_1_47' title='bbox 1647 1266 1794 1373; x_wconf 80' lang='grc' dir='ltr'>πρὸ</span> <span class='ocrx_word' id='word_1_48' title='bbox 1850 1277 1978 1350; x_wconf 90' lang='grc' dir='ltr'>τοῦ</span> <span class='ocrx_word' id='word_1_49' title='bbox 2031 1270 2264 1367; x_wconf 85' lang='grc' dir='ltr'>τιμίου</span> <span class='ocrx_word' id='word_1_50' title='bbox 2318 1280 2658 1374; x_wconf 86' lang='grc' dir='ltr'>σταυροῦ·</span> 
     </span>
     <span class='ocr_line' id='line_1_8' title="bbox 260 1390 2653 1495; baseline 0.001 -25"><span class='ocrx_word' id='word_1_51' title='bbox 260 1395 480 1494; x_wconf 84' lang='grc' dir='ltr'>σαρκὶ</span> <span class='ocrx_word' id='word_1_52' title='bbox 513 1391 659 1495; x_wconf 81' lang='grc' dir='ltr'>γὰρ</span> <span class='ocrx_word' id='word_1_53' title='bbox 691 1391 1045 1473; x_wconf 77' lang='grc' dir='ltr'>πέπονθεν</span> <span class='ocrx_word' id='word_1_54' title='bbox 1079 1392 1284 1472; x_wconf 77' lang='grc' dir='ltr'>ἑκών·</span> <span class='ocrx_word' id='word_1_55' title='bbox 1359 1395 1520 1474; x_wconf 81' lang='grc' dir='ltr'>οὔτε</span> <span class='ocrx_word' id='word_1_56' title='bbox 1557 1391 1705 1493; x_wconf 87' lang='grc' dir='ltr'>μὴν</span> <span class='ocrx_word' id='word_1_57' title='bbox 1742 1391 1859 1473; x_wconf 76' lang='grc' dir='ltr'>ὅτε</span> <span class='ocrx_word' id='word_1_58' title='bbox 1892 1391 2231 1493; x_wconf 85' lang='grc' dir='ltr'>πατήσας</span> <span class='ocrx_word' id='word_1_59' title='bbox 2265 1390 2394 1473; x_wconf 80' lang='grc' dir='ltr'>τὸν</span> <span class='ocrx_word' id='word_1_60' title='bbox 2431 1393 2653 1474; x_wconf 82' lang='grc' dir='ltr'>θοίνα-</span> 
     </span>
     <span class='ocr_line' id='line_1_9' title="bbox 261 1512 2654 1624; baseline 0.003 -28"><span class='ocrx_word' id='word_1_61' title='bbox 261 1549 388 1596; x_wconf 84' lang='grc' dir='ltr'>τον</span> <span class='ocrx_word' id='word_1_62' title='bbox 419 1514 793 1619; x_wconf 80' lang='grc' dir='ltr'>τριήμερος</span> <span class='ocrx_word' id='word_1_63' title='bbox 826 1517 1110 1615; x_wconf 84' lang='grc' dir='ltr'>ἀνεβίω,</span> <span class='ocrx_word' id='word_1_64' title='bbox 1148 1512 1365 1624; x_wconf 77' lang='grc' dir='ltr'>ὤφθη</span> <span class='ocrx_word' id='word_1_65' title='bbox 1401 1551 1478 1598; x_wconf 91' lang='grc' dir='ltr'>τε</span> <span class='ocrx_word' id='word_1_66' title='bbox 1514 1519 1741 1603; x_wconf 78' lang='grc' dir='ltr'>οὕτως</span> <span class='ocrx_word' id='word_1_67' title='bbox 1774 1524 1923 1601; x_wconf 88' lang='grc' dir='ltr'>τοῖς</span> <span class='ocrx_word' id='word_1_68' title='bbox 1957 1519 2211 1598; x_wconf 85' lang='grc' dir='ltr'>ἑαυτοῦ</span> <span class='ocrx_word' id='word_1_69' title='bbox 2245 1522 2597 1619; x_wconf 81' lang='grc' dir='ltr'>μαθηταῖς</span> <span class='ocrx_word' id='word_1_70' title='bbox 2631 1552 2654 1617; x_wconf 86' lang='lat'>3</span> 
     </span>
    </p>
   </div>
   <div class='ocr_carea' id='block_1_4' title="bbox 1406 1743 1508 1830">
    <p class='ocr_par' dir='ltr' id='par_1_5' title="bbox 1406 1743 1508 1830">
     <span class='ocr_line' id='line_1_10' title="bbox 1406 1743 1508 1830; baseline -0.01 0"><span class='ocrx_word' id='word_1_71' title='bbox 1406 1743 1508 1830; x_wconf 82' lang='grc' dir='ltr'>ιε’.</span> 
     </span>
    </p>
   </div>
   <div class='ocr_carea' id='block_1_5' title="bbox 138 1927 2989 4133">
    <p class='ocr_par' dir='ltr' id='par_1_6' title="bbox 138 1927 2989 4133">
     <span class='ocr_line' id='line_1_11' title="bbox 156 1927 2649 2034; baseline 0 -27"><span class='ocrx_word' id='word_1_72' title='bbox 156 1957 233 1998; x_wconf 88' lang='lat'>10</span> <span class='ocrx_word' id='word_1_73' title='bbox 369 1927 505 2010; x_wconf 86' lang='grc' dir='ltr'>Τίς</span> <span class='ocrx_word' id='word_1_74' title='bbox 557 1932 704 2006; x_wconf 90' lang='grc' dir='ltr'>τῶν</span> <span class='ocrx_word' id='word_1_75' title='bbox 758 1927 983 2030; x_wconf 78' lang='grc' dir='ltr'>ἁγίων</span> <span class='ocrx_word' id='word_1_76' title='bbox 1035 1933 1431 2034; x_wconf 83' lang='grc' dir='ltr'>προφητῶν</span> <span class='ocrx_word' id='word_1_77' title='bbox 1483 1927 1578 2008; x_wconf 81' lang='grc' dir='ltr'>τὰ</span> <span class='ocrx_word' id='word_1_78' title='bbox 1632 1931 1859 2013; x_wconf 79' lang='grc' dir='ltr'>οὕτως</span> <span class='ocrx_word' id='word_1_79' title='bbox 1913 1927 2208 2032; x_wconf 82' lang='grc' dir='ltr'>σκληρὰ</span> <span class='ocrx_word' id='word_1_80' title='bbox 2264 1931 2383 2008; x_wconf 86' lang='grc' dir='ltr'>καὶ</span> <span class='ocrx_word' id='word_1_81' title='bbox 2435 1927 2649 2009; x_wconf 79' lang='grc' dir='ltr'>δυσέ·</span> 
     </span>
     <span class='ocr_line' id='line_1_12' title="bbox 256 2049 2660 2158; baseline 0.002 -30"><span class='ocrx_word' id='word_1_82' title='bbox 256 2056 481 2154; x_wconf 90' lang='grc' dir='ltr'>φικτα</span> <span class='ocrx_word' id='word_1_83' title='bbox 517 2052 634 2130; x_wconf 84' lang='grc' dir='ltr'>καὶ</span> <span class='ocrx_word' id='word_1_84' title='bbox 669 2049 1005 2155; x_wconf 77' lang='grc' dir='ltr'>ἀμήχανα</span> <span class='ocrx_word' id='word_1_85' title='bbox 1049 2050 1684 2158; x_wconf 80' lang='grc' dir='ltr'>προαναφωνήσας</span> <span class='ocrx_word' id='word_1_86' title='bbox 1738 2052 1988 2154; x_wconf 79' lang='grc' dir='ltr'>ὁρᾶται</span> <span class='ocrx_word' id='word_1_87' title='bbox 2017 2084 2038 2148; x_wconf 92' lang='lat'>;</span> <span class='ocrx_word' id='word_1_88' title='bbox 2100 2053 2208 2135; x_wconf 91' lang='grc' dir='ltr'>τίς</span> <span class='ocrx_word' id='word_1_89' title='bbox 2251 2057 2397 2132; x_wconf 88' lang='grc' dir='ltr'>τῶν</span> <span class='ocrx_word' id='word_1_90' title='bbox 2431 2053 2660 2153; x_wconf 83' lang='grc' dir='ltr'>ἁγίων</span> 
     </span>
     <span class='ocr_line' id='line_1_13' title="bbox 254 2171 2661 2279; baseline 0.003 -27"><span class='ocrx_word' id='word_1_91' title='bbox 254 2174 699 2253; x_wconf 81' lang='grc' dir='ltr'>ἀποστόλων</span> <span class='ocrx_word' id='word_1_92' title='bbox 753 2171 801 2274; x_wconf 85' lang='grc' dir='ltr'>ἢ</span> <span class='ocrx_word' id='word_1_93' title='bbox 866 2175 1406 2278; x_wconf 81' lang='grc' dir='ltr'>εὐαγγελιστῶν</span> <span class='ocrx_word' id='word_1_94' title='bbox 1460 2173 1624 2259; x_wconf 79' lang='grc' dir='ltr'>τοὺς</span> <span class='ocrx_word' id='word_1_95' title='bbox 1695 2175 1864 2279; x_wconf 89' lang='grc' dir='ltr'>περί</span> <span class='ocrx_word' id='word_1_96' title='bbox 1912 2209 1998 2276; x_wconf 87' lang='grc' dir='ltr'>γε</span> <span class='ocrx_word' id='word_1_97' title='bbox 2075 2172 2349 2255; x_wconf 84' lang='grc' dir='ltr'>τούτων</span> <span class='ocrx_word' id='word_1_98' title='bbox 2421 2176 2661 2260; x_wconf 81' lang='grc' dir='ltr'>αὐτοῖς</span> 
     </span>
     <span class='ocr_line' id='line_1_14' title="bbox 253 2295 2660 2402; baseline -0 -24"><span class='ocrx_word' id='word_1_99' title='bbox 253 2295 649 2396; x_wconf 78' lang='grc' dir='ltr'>ἐποιήσατο</span> <span class='ocrx_word' id='word_1_100' title='bbox 685 2296 997 2399; x_wconf 88' lang='grc' dir='ltr'>λόγους;</span> <span class='ocrx_word' id='word_1_101' title='bbox 1056 2299 1280 2382; x_wconf 80' lang='grc' dir='ltr'>οὐδεὶς</span> <span class='ocrx_word' id='word_1_102' title='bbox 1313 2304 1711 2381; x_wconf 77' lang='grc' dir='ltr'>παντελῶς.</span> <span class='ocrx_word' id='word_1_103' title='bbox 1781 2297 2387 2402; x_wconf 66' lang='grc' dir='ltr'>αἱσχυνεὶτθωσαν</span> <span class='ocrx_word' id='word_1_104' title='bbox 2420 2298 2660 2378; x_wconf 86' lang='grc' dir='ltr'>τοίνυν</span> 
     </span>
     <span class='ocr_line' id='line_1_15' title="bbox 254 2419 2987 2524; baseline 0.001 -26"><span class='ocrx_word' id='word_1_105' title='bbox 254 2419 347 2499; x_wconf 76' lang='grc' dir='ltr'>τὰ</span> <span class='ocrx_word' id='word_1_106' title='bbox 403 2431 449 2467; x_wconf 85' lang='grc'><strong>“</strong></span> <span class='ocrx_word' id='word_1_107' title='bbox 477 2419 623 2501; x_wconf 81' lang='grc' dir='ltr'>ἀπὸ</span> <span class='ocrx_word' id='word_1_108' title='bbox 678 2422 972 2524; x_wconf 82' lang='grc' dir='ltr'>καρδίας</span> <span class='ocrx_word' id='word_1_109' title='bbox 1026 2423 1260 2501; x_wconf 80' lang='grc' dir='ltr'>αὐτῶν</span> <span class='ocrx_word' id='word_1_110' title='bbox 1298 2430 1691 2505; x_wconf 87' lang='grc' dir='ltr'>λαλοῦντες</span> <span class='ocrx_word' id='word_1_111' title='bbox 1738 2424 1855 2501; x_wconf 81' lang='grc' dir='ltr'>καὶ</span> <span class='ocrx_word' id='word_1_112' title='bbox 1911 2424 2041 2501; x_wconf 87' lang='grc' dir='ltr'>οὐκ</span> <span class='ocrx_word' id='word_1_113' title='bbox 2094 2419 2239 2501; x_wconf 78' lang='grc' dir='ltr'>ἀπὸ</span> <span class='ocrx_word' id='word_1_114' title='bbox 2294 2420 2658 2518; x_wconf 85' lang='grc' dir='ltr'>στόματος</span> <span class='ocrx_word' id='word_1_115' title='bbox 2682 2448 2828 2500; x_wconf 81' lang='lat' dir='ltr'><strong>Hier.</strong></span> <span class='ocrx_word' id='word_1_116' title='bbox 2849 2450 2987 2501; x_wconf 79' lang='lat' dir='ltr'><strong>xxiii.</strong></span> 
     </span>
     <span class='ocr_line' id='line_1_16' title="bbox 153 2514 2766 2650; baseline 0.002 -31"><span class='ocrx_word' id='word_1_117' title='bbox 153 2572 227 2635; x_wconf 81' lang='lat'>¹5</span> <span class='ocrx_word' id='word_1_118' title='bbox 255 2554 299 2592; x_wconf 78' lang='lat'>‘⁶</span> <span class='ocrx_word' id='word_1_119' title='bbox 339 2545 614 2646; x_wconf 88' lang='grc' dir='ltr'>Κυρίου</span> <span class='ocrx_word' id='word_1_120' title='bbox 636 2544 677 2571; x_wconf 88' lang='grc'>”</span> <span class='ocrx_word' id='word_1_121' title='bbox 717 2543 904 2625; x_wconf 79' lang='grc' dir='ltr'>καθὰ</span> <span class='ocrx_word' id='word_1_122' title='bbox 940 2543 1361 2648; x_wconf 77' lang='grc' dir='ltr'>γέγραπται.</span> <span class='ocrx_word' id='word_1_123' title='bbox 1437 2545 1636 2644; x_wconf 82' lang='grc' dir='ltr'>ἡμεῖς</span> <span class='ocrx_word' id='word_1_124' title='bbox 1672 2543 1815 2650; x_wconf 80' lang='grc' dir='ltr'>γὰρ</span> <span class='ocrx_word' id='word_1_125' title='bbox 1853 2542 1957 2631; x_wconf 79' lang='grc' dir='ltr'>οἷς</span> <span class='ocrx_word' id='word_1_126' title='bbox 1991 2543 2374 2648; x_wconf 85' lang='grc' dir='ltr'>ὀρθότητος</span> <span class='ocrx_word' id='word_1_127' title='bbox 2411 2545 2651 2644; x_wconf 84' lang='grc' dir='ltr'>με’λει,</span> <span class='ocrx_word' id='word_1_128' title='bbox 2688 2514 2766 2564; x_wconf 67' lang='lat'>¹⁶⁶</span> 
     </span>
     <span class='ocr_line' id='line_1_17' title="bbox 256 2667 2649 2771; baseline 0 -23"><span class='ocrx_word' id='word_1_129' title='bbox 256 2670 374 2748; x_wconf 88' lang='grc' dir='ltr'>καὶ</span> <span class='ocrx_word' id='word_1_130' title='bbox 424 2667 544 2748; x_wconf 82' lang='grc' dir='ltr'>διὰ</span> <span class='ocrx_word' id='word_1_131' title='bbox 588 2671 912 2768; x_wconf 82' lang='grc' dir='ltr'>σπουδῆς</span> <span class='ocrx_word' id='word_1_132' title='bbox 955 2668 1255 2749; x_wconf 78' lang='grc' dir='ltr'>τέθειται</span> <span class='ocrx_word' id='word_1_133' title='bbox 1297 2673 1606 2769; x_wconf 86' lang='grc' dir='ltr'>πολλῆς,</span> <span class='ocrx_word' id='word_1_134' title='bbox 1639 2667 1725 2749; x_wconf 82' lang='grc' dir='ltr'>τὸ</span> <span class='ocrx_word' id='word_1_135' title='bbox 1760 2676 1917 2754; x_wconf 90' lang='grc' dir='ltr'>ταῖς</span> <span class='ocrx_word' id='word_1_136' title='bbox 1952 2676 2100 2748; x_wconf 89' lang='grc' dir='ltr'>τῶν</span> <span class='ocrx_word' id='word_1_137' title='bbox 2137 2669 2364 2771; x_wconf 84' lang='grc' dir='ltr'>ἁγίων</span> <span class='ocrx_word' id='word_1_138' title='bbox 2407 2674 2477 2749; x_wconf 90' lang='grc' dir='ltr'>Π</span> <span class='ocrx_word' id='word_1_139' title='bbox 2483 2668 2649 2749; x_wconf 76' lang='grc' dir='ltr'>ατέ·</span> 
     </span>
     <span class='ocr_line' id='line_1_18' title="bbox 249 2791 2659 2895; baseline 0.001 -24"><span class='ocrx_word' id='word_1_140' title='bbox 249 2826 402 2895; x_wconf 93' lang='grc' dir='ltr'>ρων</span> <span class='ocrx_word' id='word_1_141' title='bbox 464 2791 891 2877; x_wconf 79' lang='grc' dir='ltr'>εὖθυεπείαις</span> <span class='ocrx_word' id='word_1_142' title='bbox 952 2791 1361 2894; x_wconf 85' lang='grc' dir='ltr'>ἐπείγεσθαι</span> <span class='ocrx_word' id='word_1_143' title='bbox 1433 2798 2009 2890; x_wconf 86' lang='grc' dir='ltr'>κατακολουθεῖν,</span> <span class='ocrx_word' id='word_1_144' title='bbox 2074 2793 2158 2871; x_wconf 79' lang='grc' dir='ltr'>οὗ</span> <span class='ocrx_word' id='word_1_145' title='bbox 2220 2799 2374 2877; x_wconf 90' lang='grc' dir='ltr'>ταῖς</span> <span class='ocrx_word' id='word_1_146' title='bbox 2446 2800 2659 2873; x_wconf 88' lang='grc' dir='ltr'>τινῶν</span> 
     </span>
     <span class='ocr_line' id='line_1_19' title="bbox 250 2913 2653 3020; baseline -0.002 -24"><span class='ocrx_word' id='word_1_147' title='bbox 250 2915 813 3020; x_wconf 87' lang='grc' dir='ltr'>ἀθυροστομίαις</span> <span class='ocrx_word' id='word_1_148' title='bbox 903 2917 1022 2995; x_wconf 81' lang='grc' dir='ltr'>καὶ</span> <span class='ocrx_word' id='word_1_149' title='bbox 1109 2913 1479 2999; x_wconf 82' lang='grc' dir='ltr'>ἀσυνέτοις</span> <span class='ocrx_word' id='word_1_150' title='bbox 1578 2914 2042 3020; x_wconf 88' lang='grc' dir='ltr'>κενοφωνίαις</span> <span class='ocrx_word' id='word_1_151' title='bbox 2123 2915 2653 3018; x_wconf 87' lang='grc' dir='ltr'>προσκείμενοι,</span> 
     </span>
     <span class='ocr_line' id='line_1_20' title="bbox 250 3036 2989 3146; baseline -0.001 -27"><span class='ocrx_word' id='word_1_152' title='bbox 250 3036 725 3146; x_wconf 81' lang='grc' dir='ltr'>φρονήσομεν</span> <span class='ocrx_word' id='word_1_153' title='bbox 782 3050 826 3087; x_wconf 90' lang='lat'>“</span> <span class='ocrx_word' id='word_1_154' title='bbox 849 3038 1019 3142; x_wconf 85' lang='grc' dir='ltr'>παρ’</span> <span class='ocrx_word' id='word_1_155' title='bbox 1060 3036 1101 3119; x_wconf 78' lang='grc' dir='ltr'><strong><em>ὃ</em></strong></span> <span class='ocrx_word' id='word_1_156' title='bbox 1145 3043 1257 3119; x_wconf 87' lang='grc' dir='ltr'>δεῖ</span> <span class='ocrx_word' id='word_1_157' title='bbox 1296 3036 1649 3146; x_wconf 84' lang='grc' dir='ltr'>φρονεῖν,”</span> <span class='ocrx_word' id='word_1_158' title='bbox 1703 3040 1873 3118; x_wconf 86' lang='grc' dir='ltr'>ἀλλ’</span> <span class='ocrx_word' id='word_1_159' title='bbox 1915 3036 2078 3117; x_wconf 78' lang='grc' dir='ltr'>εὐθὺ</span> <span class='ocrx_word' id='word_1_160' title='bbox 2133 3041 2261 3136; x_wconf 83' lang='grc' dir='ltr'>τῆς</span> <span class='ocrx_word' id='word_1_161' title='bbox 2316 3038 2656 3138; x_wconf 81' lang='grc' dir='ltr'>ἀληθείας</span> <span class='ocrx_word' id='word_1_162' title='bbox 2680 3074 2827 3125; x_wconf 65' lang='lat' dir='ltr'><strong>Rom.</strong></span> <span class='ocrx_word' id='word_1_163' title='bbox 2845 3074 2989 3139; x_wconf 73' lang='lat'>1113.</span> 
     </span>
     <span class='ocr_line' id='line_1_21' title="bbox 142 3159 2651 3269; baseline -0.003 -22"><span class='ocrx_word' id='word_1_164' title='bbox 142 3207 225 3247; x_wconf 65' lang='grc' dir='ltr'>ιο</span> <span class='ocrx_word' id='word_1_165' title='bbox 251 3162 479 3247; x_wconf 78' lang='grc' dir='ltr'>ἰόντες</span> <span class='ocrx_word' id='word_1_166' title='bbox 512 3170 905 3269; x_wconf 85' lang='grc' dir='ltr'>πανταχοῦ,</span> <span class='ocrx_word' id='word_1_167' title='bbox 940 3165 1059 3242; x_wconf 81' lang='grc' dir='ltr'>καὶ</span> <span class='ocrx_word' id='word_1_168' title='bbox 1104 3169 1252 3243; x_wconf 93' lang='grc' dir='ltr'>τῶν</span> <span class='ocrx_word' id='word_1_169' title='bbox 1289 3168 1495 3267; x_wconf 83' lang='grc' dir='ltr'>ἱερῶν</span> <span class='ocrx_word' id='word_1_170' title='bbox 1531 3159 1979 3266; x_wconf 82' lang='grc' dir='ltr'>γραμμάτων</span> <span class='ocrx_word' id='word_1_171' title='bbox 2014 3160 2404 3260; x_wconf 78' lang='grc' dir='ltr'>ἐπίμεστον</span> <span class='ocrx_word' id='word_1_172' title='bbox 2439 3161 2651 3265; x_wconf 81' lang='grc' dir='ltr'>ἕχον-</span> 
     </span>
     <span class='ocr_line' id='line_1_22' title="bbox 245 3284 2657 3394; baseline -0.001 -27"><span class='ocrx_word' id='word_1_173' title='bbox 245 3321 365 3372; x_wconf 85' lang='grc' dir='ltr'>τες</span> <span class='ocrx_word' id='word_1_174' title='bbox 401 3284 533 3367; x_wconf 77' lang='grc' dir='ltr'>τὸν</span> <span class='ocrx_word' id='word_1_175' title='bbox 568 3295 756 3385; x_wconf 88' lang='grc' dir='ltr'>νοῦν,</span> <span class='ocrx_word' id='word_1_176' title='bbox 794 3290 909 3366; x_wconf 77' lang='grc' dir='ltr'>καὶ</span> <span class='ocrx_word' id='word_1_177' title='bbox 946 3287 1387 3394; x_wconf 76' lang='grc' dir='ltr'>ἐψυχῶσθαί</span> <span class='ocrx_word' id='word_1_178' title='bbox 1428 3290 1667 3391; x_wconf 86' lang='grc' dir='ltr'>φαμεν</span> <span class='ocrx_word' id='word_1_179' title='bbox 1704 3288 1915 3392; x_wconf 79' lang='grc' dir='ltr'>ψυχῇ</span> <span class='ocrx_word' id='word_1_180' title='bbox 1964 3289 2173 3392; x_wconf 78' lang='grc' dir='ltr'>νοερᾷ</span> <span class='ocrx_word' id='word_1_181' title='bbox 2216 3291 2344 3364; x_wconf 91' lang='grc' dir='ltr'>τοῦ</span> <span class='ocrx_word' id='word_1_182' title='bbox 2384 3284 2657 3385; x_wconf 85' lang='grc' dir='ltr'>Κυρίου</span> 
     </span>
     <span class='ocr_line' id='line_1_23' title="bbox 242 3403 2646 3514; baseline -0.001 -24"><span class='ocrx_word' id='word_1_183' title='bbox 242 3410 383 3510; x_wconf 85' lang='grc' dir='ltr'>τὴν</span> <span class='ocrx_word' id='word_1_184' title='bbox 415 3407 662 3514; x_wconf 82' lang='grc' dir='ltr'>σάρκα</span> <span class='ocrx_word' id='word_1_185' title='bbox 697 3413 814 3490; x_wconf 86' lang='grc' dir='ltr'>καὶ</span> <span class='ocrx_word' id='word_1_186' title='bbox 850 3411 1280 3509; x_wconf 82' lang='grc' dir='ltr'>πιστεύομεν</span> <span class='ocrx_word' id='word_1_187' title='bbox 1312 3409 1535 3510; x_wconf 78' lang='grc' dir='ltr'>αὐτὴν</span> <span class='ocrx_word' id='word_1_188' title='bbox 1571 3410 1768 3490; x_wconf 90' lang='grc' dir='ltr'>θείαν</span> <span class='ocrx_word' id='word_1_189' title='bbox 1800 3407 1933 3507; x_wconf 78' lang='grc' dir='ltr'>μὲν</span> <span class='ocrx_word' id='word_1_190' title='bbox 1970 3403 2143 3487; x_wconf 82' lang='grc' dir='ltr'>εἶναι</span> <span class='ocrx_word' id='word_1_191' title='bbox 2186 3409 2305 3487; x_wconf 80' lang='grc' dir='ltr'>καὶ</span> <span class='ocrx_word' id='word_1_192' title='bbox 2340 3407 2646 3509; x_wconf 76' lang='grc' dir='ltr'>ἀμώμη-</span> 
     </span>
     <span class='ocr_line' id='line_1_24' title="bbox 241 3528 2657 3640; baseline -0.001 -25"><span class='ocrx_word' id='word_1_193' title='bbox 241 3569 376 3615; x_wconf 94' lang='grc' dir='ltr'>τον</span> <span class='ocrx_word' id='word_1_194' title='bbox 430 3538 552 3616; x_wconf 85' lang='grc' dir='ltr'>καὶ</span> <span class='ocrx_word' id='word_1_195' title='bbox 604 3534 1157 3640; x_wconf 80' lang='grc' dir='ltr'>δεδοξασμένην,</span> <span class='ocrx_word' id='word_1_196' title='bbox 1195 3537 1314 3613; x_wconf 79' lang='grc' dir='ltr'>καὶ</span> <span class='ocrx_word' id='word_1_197' title='bbox 1368 3533 1551 3637; x_wconf 88' lang='grc' dir='ltr'>πρός</span> <span class='ocrx_word' id='word_1_198' title='bbox 1603 3568 1688 3637; x_wconf 90' lang='grc' dir='ltr'>γε</span> <span class='ocrx_word' id='word_1_199' title='bbox 1737 3530 1967 3640; x_wconf 74' lang='grc' dir='ltr'>τούτῳ</span> <span class='ocrx_word' id='word_1_200' title='bbox 2017 3528 2362 3632; x_wconf 83' lang='grc' dir='ltr'>ζωοποιόν</span> <span class='ocrx_word' id='word_1_201' title='bbox 2411 3566 2487 3612; x_wconf 92' lang='grc' dir='ltr'>τε</span> <span class='ocrx_word' id='word_1_202' title='bbox 2539 3536 2657 3612; x_wconf 81' lang='grc' dir='ltr'>καὶ</span> 
     </span>
     <span class='ocr_line' id='line_1_25' title="bbox 243 3653 2656 3762; baseline 0.001 -24"><span class='ocrx_word' id='word_1_203' title='bbox 243 3654 708 3762; x_wconf 84' lang='grc' dir='ltr'>ἀγιαστικὴν,</span> <span class='ocrx_word' id='word_1_204' title='bbox 746 3656 870 3739; x_wconf 82' lang='grc' dir='ltr'>ἅτε</span> <span class='ocrx_word' id='word_1_205' title='bbox 914 3657 1003 3759; x_wconf 85' lang='grc' dir='ltr'>δὴ</span> <span class='ocrx_word' id='word_1_206' title='bbox 1040 3661 1155 3739; x_wconf 81' lang='grc' dir='ltr'>καὶ</span> <span class='ocrx_word' id='word_1_207' title='bbox 1202 3658 1388 3739; x_wconf 78' lang='grc' dir='ltr'>ἰδίαν</span> <span class='ocrx_word' id='word_1_208' title='bbox 1425 3655 1816 3760; x_wconf 83' lang='grc' dir='ltr'>γενομένην</span> <span class='ocrx_word' id='word_1_209' title='bbox 1852 3663 1980 3735; x_wconf 89' lang='grc' dir='ltr'>τοῦ</span> <span class='ocrx_word' id='word_1_210' title='bbox 2015 3656 2090 3735; x_wconf 87' lang='grc' dir='ltr'>ἐκ</span> <span class='ocrx_word' id='word_1_211' title='bbox 2130 3660 2323 3736; x_wconf 81' lang='grc' dir='ltr'>Θεοῦ</span> <span class='ocrx_word' id='word_1_212' title='bbox 2364 3653 2656 3758; x_wconf 77' lang='grc' dir='ltr'>Πατρὸς</span> 
     </span>
     <span class='ocr_line' id='line_1_26' title="bbox 138 3776 2657 3887; baseline -0.003 -24"><span class='ocrx_word' id='word_1_213' title='bbox 138 3820 213 3882; x_wconf 82' lang='lat'>25</span> <span class='ocrx_word' id='word_1_214' title='bbox 240 3782 457 3867; x_wconf 82' lang='grc' dir='ltr'>ὄντος</span> <span class='ocrx_word' id='word_1_215' title='bbox 515 3781 761 3883; x_wconf 90' lang='grc' dir='ltr'>Λόγου</span> <span class='ocrx_word' id='word_1_216' title='bbox 816 3784 932 3862; x_wconf 83' lang='grc' dir='ltr'>καὶ</span> <span class='ocrx_word' id='word_1_217' title='bbox 997 3784 1130 3887; x_wconf 81' lang='grc' dir='ltr'>οὐχ</span> <span class='ocrx_word' id='word_1_218' title='bbox 1189 3782 1430 3885; x_wconf 79' lang='grc' dir='ltr'>ἑτέρου</span> <span class='ocrx_word' id='word_1_219' title='bbox 1482 3778 1675 3865; x_wconf 77' lang='grc' dir='ltr'>τινὸς</span> <span class='ocrx_word' id='word_1_220' title='bbox 1727 3777 1897 3882; x_wconf 84' lang='grc' dir='ltr'>παρ’</span> <span class='ocrx_word' id='word_1_221' title='bbox 1956 3780 2174 3860; x_wconf 84' lang='grc' dir='ltr'>αὐτοῦ</span> <span class='ocrx_word' id='word_1_222' title='bbox 2231 3783 2412 3858; x_wconf 77' lang='grc' dir='ltr'>Υἱοῦ</span> <span class='ocrx_word' id='word_1_223' title='bbox 2467 3776 2657 3857; x_wconf 82' lang='grc' dir='ltr'>καθὰ</span> 
     </span>
     <span class='ocr_line' id='line_1_27' title="bbox 238 3900 2656 4013; baseline -0.002 -27"><span class='ocrx_word' id='word_1_224' title='bbox 238 3912 543 4013; x_wconf 90' lang='grc' dir='ltr'>φρονεῖν</span> <span class='ocrx_word' id='word_1_225' title='bbox 598 3904 809 4012; x_wconf 71' lang='grc' dir='ltr'>ἔδοξέ</span> <span class='ocrx_word' id='word_1_226' title='bbox 855 3939 1068 4004; x_wconf 87' lang='grc' dir='ltr'>τισιν,</span> <span class='ocrx_word' id='word_1_227' title='bbox 1117 3907 1202 3985; x_wconf 83' lang='grc' dir='ltr'>οὐ</span> <span class='ocrx_word' id='word_1_228' title='bbox 1254 3905 1399 4006; x_wconf 82' lang='grc' dir='ltr'>μὴν</span> <span class='ocrx_word' id='word_1_229' title='bbox 1460 3905 1559 3985; x_wconf 81' lang='grc' dir='ltr'>ἔτι</span> <span class='ocrx_word' id='word_1_230' title='bbox 1618 3904 1737 3983; x_wconf 81' lang='grc' dir='ltr'>καὶ</span> <span class='ocrx_word' id='word_1_231' title='bbox 1782 3908 2219 4003; x_wconf 85' lang='grc' dir='ltr'>μεταβαλεῖν</span> <span class='ocrx_word' id='word_1_232' title='bbox 2272 3907 2369 3986; x_wconf 79' lang='grc' dir='ltr'>εἷς</span> <span class='ocrx_word' id='word_1_233' title='bbox 2425 3900 2656 4007; x_wconf 83' lang='grc' dir='ltr'>φύσιν</span> 
     </span>
     <span class='ocr_line' id='line_1_28' title="bbox 236 4029 1266 4133; baseline -0.004 -20"><span class='ocrx_word' id='word_1_234' title='bbox 236 4030 585 4133; x_wconf 84' lang='grc' dir='ltr'>θεότητος</span> <span class='ocrx_word' id='word_1_235' title='bbox 639 4029 1266 4130; x_wconf 83' lang='grc' dir='ltr'>διαβεβαιούμεθα.</span> 
     </span>
    </p>
   </div>
   <div class='ocr_carea' id='block_1_6' title="bbox 236 4190 2653 4453">
    <p class='ocr_par' dir='ltr' id='par_1_7' title="bbox 236 4190 2653 4453">
     <span class='ocr_line' id='line_1_29' title="bbox 316 4190 2653 4309; baseline -0.003 -13"><span class='ocrx_word' id='word_1_236' title='bbox 316 4257 373 4296; x_wconf 83' lang='lat'>2.</span> <span class='ocrx_word' id='word_1_237' title='bbox 408 4243 506 4296; x_wconf 85' lang='grc' dir='ltr'>τοῦ</span> <span class='ocrx_word' id='word_1_238' title='bbox 528 4240 688 4295; x_wconf 73' lang='grc' dir='ltr'>αὐτοῦ</span> <span class='ocrx_word' id='word_1_239' title='bbox 709 4240 768 4295; x_wconf 68' lang='grc' dir='ltr'>ἑκ</span> <span class='ocrx_word' id='word_1_240' title='bbox 791 4242 886 4295; x_wconf 84' lang='grc' dir='ltr'>τοῦ</span> <span class='ocrx_word' id='word_1_241' title='bbox 908 4238 1066 4294; x_wconf 73' lang='grc' dir='ltr'>αὐτοῦ</span> <span class='ocrx_word' id='word_1_242' title='bbox 1088 4240 1255 4309; x_wconf 85' lang='grc' dir='ltr'>λόγου</span> <span class='ocrx_word' id='word_1_243' title='bbox 1277 4237 1386 4293; x_wconf 89' lang='lat' dir='ltr'><strong>b.c.</strong></span> <span class='ocrx_word' id='word_1_244' title='bbox 1662 4250 1715 4309; x_wconf 82' lang='lat'>5.</span> <span class='ocrx_word' id='word_1_245' title='bbox 1751 4190 2040 4305; x_wconf 55' lang='grc' dir='ltr'>μετέβαλεν</span> <span class='ocrx_word' id='word_1_246' title='bbox 2062 4235 2117 4291; x_wconf 92' lang='lat' dir='ltr'>b.</span> <span class='ocrx_word' id='word_1_247' title='bbox 2361 4251 2442 4289; x_wconf 88' lang='lat'>10.</span> <span class='ocrx_word' id='word_1_248' title='bbox 2481 4233 2539 4288; x_wconf 74' lang='grc' dir='ltr'>ἐκ</span> <span class='ocrx_word' id='word_1_249' title='bbox 2560 4237 2653 4288; x_wconf 85' lang='grc' dir='ltr'>τοῦ</span> 
     </span>
     <span class='ocr_line' id='line_1_30' title="bbox 236 4304 2652 4383; baseline -0.003 -17"><span class='ocrx_word' id='word_1_250' title='bbox 236 4313 408 4367; x_wconf 78' lang='grc' dir='ltr'>αὐτοῦ</span> <span class='ocrx_word' id='word_1_251' title='bbox 429 4314 597 4383; x_wconf 81' lang='grc' dir='ltr'>λόγου</span> <span class='ocrx_word' id='word_1_252' title='bbox 619 4312 726 4367; x_wconf 85' lang='lat' dir='ltr'><strong>b.c.</strong></span> <span class='ocrx_word' id='word_1_253' title='bbox 985 4328 1067 4366; x_wconf 84' lang='lat'>11.</span> <span class='ocrx_word' id='word_1_254' title='bbox 1103 4309 1264 4381; x_wconf 66' lang='grc' dir='ltr'>ἁγίων</span> <span class='ocrx_word' id='word_1_255' title='bbox 1287 4326 1395 4365; x_wconf 87' lang='lat' dir='ltr'>om.</span> <span class='ocrx_word' id='word_1_256' title='bbox 1421 4324 1469 4363; x_wconf 87' lang='grc' dir='ltr'>ο.</span> <span class='ocrx_word' id='word_1_257' title='bbox 1732 4322 1816 4380; x_wconf 85' lang='grc'>15.</span> <span class='ocrx_word' id='word_1_258' title='bbox 1850 4310 1998 4377; x_wconf 75' lang='grc' dir='ltr'>μέλει</span> <span class='ocrx_word' id='word_1_259' title='bbox 2021 4306 2316 4362; x_wconf 80' lang='lat' dir='ltr'>emendavi.</span> <span class='ocrx_word' id='word_1_260' title='bbox 2339 4305 2520 4375; x_wconf 70' lang='grc' dir='ltr'>μέλλει</span> <span class='ocrx_word' id='word_1_261' title='bbox 2547 4304 2652 4358; x_wconf 85' lang='lat' dir='ltr'><strong>b.c.</strong></span> 
     </span>
     <span class='ocr_line' id='line_1_31' title="bbox 244 4376 2652 4453; baseline -0.005 -15"><span class='ocrx_word' id='word_1_262' title='bbox 244 4382 336 4438; x_wconf 89' lang='grc'>16.</span> <span class='ocrx_word' id='word_1_263' title='bbox 375 4380 586 4453; x_wconf 65' lang='grc' dir='ltr'>πίθηται</span> <span class='ocrx_word' id='word_1_264' title='bbox 608 4400 657 4438; x_wconf 85' lang='lat' dir='ltr'>c.</span> <span class='ocrx_word' id='word_1_265' title='bbox 879 4394 963 4453; x_wconf 86' lang='lat'>17.</span> <span class='ocrx_word' id='word_1_266' title='bbox 998 4376 1328 4453; x_wconf 69' lang='grc' dir='ltr'>ἐπείγεσθαι]</span> <span class='ocrx_word' id='word_1_267' title='bbox 1362 4385 1421 4445; x_wconf 67' lang='lat'>4·</span> <span class='ocrx_word' id='word_1_268' title='bbox 1450 4379 1534 4434; x_wconf 73' lang='lat' dir='ltr'>ml</span> <span class='ocrx_word' id='word_1_269' title='bbox 1557 4397 1606 4435; x_wconf 86' lang='lat' dir='ltr'>c.</span> <span class='ocrx_word' id='word_1_270' title='bbox 1829 4396 1912 4450; x_wconf 89' lang='lat'>19.</span> <span class='ocrx_word' id='word_1_271' title='bbox 1950 4379 2012 4448; x_wconf 75' lang='grc' dir='ltr'>δὴ</span> <span class='ocrx_word' id='word_1_272' title='bbox 2037 4395 2085 4433; x_wconf 85' lang='lat' dir='ltr'>c.</span> <span class='ocrx_word' id='word_1_273' title='bbox 2300 4392 2388 4448; x_wconf 81' lang='lat'>23.</span> <span class='ocrx_word' id='word_1_274' title='bbox 2423 4378 2578 4429; x_wconf 78' lang='grc' dir='ltr'>τοῦτο</span> <span class='ocrx_word' id='word_1_275' title='bbox 2603 4390 2652 4428; x_wconf 83' lang='lat' dir='ltr'>c.</span> 
     </span>
    </p>
   </div>
   <div class='ocr_carea' id='block_1_7' title="bbox 332 4692 1507 4758">
    <p class='ocr_par' dir='ltr' id='par_1_8' title="bbox 332 4692 1507 4758">
     <span class='ocr_line' id='line_1_32' title="bbox 332 4692 1507 4758; baseline 0.02 -22"><span class='ocrx_word' id='word_1_276' title='bbox 332 4692 482 4739; x_wconf 78' lang='lat' dir='ltr'>vot..</span> <span class='ocrx_word' id='word_1_277' title='bbox 514 4695 606 4742; x_wconf 85' lang='lat'>111.</span> <span class='ocrx_word' id='word_1_278' title='bbox 1393 4692 1432 4758; x_wconf 87' lang='lat'>3</span> <span class='ocrx_word' id='word_1_279' title='bbox 1466 4692 1507 4736; x_wconf 69' lang='lat' dir='ltr'><strong>R</strong></span> 
     </span>
    </p>
   </div>
  </div>
 </body>
</html>
