3269 5166
2579 510 2586 521 '
2662 508 2750 571 [56
2791 507 2910 569 M.]

1053 1128 1289 1203 ΤΟΥ
1373 1128 1757 1203 ΑΥΤΟΥ

910 1399 1906 1510 ΚΥΡΙΛΛΟΥ

292 1731 432 1802 ΕΚ
485 1732 698 1804 ΤΟΥ
751 1733 809 1802 Γ
861 1732 1226 1805 ΤΟΜΟΥ
1279 1733 1496 1804 ΤΗΣ
1550 1733 1829 1806 ΠΡΟΣ
1885 1730 2532 1805 ΚΟΡΙΝΘΙΟΥΣ.

256 2038 389 2104 Πᾶν
440 2041 805 2128 ἁμάρτημα
859 2041 895 2108 ὂ
948 2040 1066 2106 ἐὰν
1121 2042 1361 2132 ποιήσῃ
1415 2040 1787 2130 ἅνθρωπος,
1840 2041 2028 2106 ὲκτόο
2082 2044 2196 2105 τοῦ
2251 2038 2553 2115 σώματός
2642 2059 2709 2113 18

160 2190 190 2248 5
405 2180 606 2260 ἐστιν,
660 2180 699 2247 ὁ
753 2177 825 2245 δὲ
879 2181 1217 2269 πορνεύων
1270 2176 1363 2245 εἷο
1417 2179 1493 2248 τὸ
1550 2175 1716 2245 ἴδιον
1772 2180 1959 2256 σῶμα
2015 2178 2395 2269 ἁμαρτάνει.

316 2385 580 2460 ΦΑΙΗ
642 2414 751 2464 τις
810 2381 901 2460 ἄν
960 2384 1059 2461 Ὁ
1128 2381 1494 2489 φονευτὴς,
1551 2380 1709 2462 εἰπέ
1767 2406 1926 2479 μοι,·
1974 2380 2131 2461 τίνα
2191 2379 2280 2481 δὴ
2339 2379 2610 2484 τρόπον

214 2502 571 2608 ἐνεργήσει
612 2503 741 2585 τὸν
770 2504 1041 2613 φόνον;
1112 2502 1220 2611 ἆρ’
1263 2509 1345 2588 οὐ
1383 2505 1468 2589 δι’
1494 2507 1841 2606 αἵματοςς
1888 2512 1947 2586 εἶ
1988 2504 2061 2586 δὲ
2100 2503 2187 2605 δή
2226 2540 2334 2590 τις
2370 2503 2609 2585 ἕλοιτο

216 2634 658 2736 φιλοψογεΐν
716 2630 1013 2734 ἑτέρους,
1070 2632 1153 2711 οὐ
1219 2631 1336 2711 διὰ
1398 2632 1731 2735 γλώττης
1787 2633 1944 2710 ἐστὶ
2006 2640 2374 2727 τοιοῦτος;
2457 2627 2610 2710 εἶτα

215 2761 410 2833 ποῖον
447 2754 665 2835 ἔσται
707 2759 853 2834 τῶν
897 2755 1542 2856 πλημμελημάτων
1587 2754 1628 2835 ὃ
1680 2759 1913 2859 δρῶτο
1962 2752 2070 2851 ἂν,
2110 2756 2265 2859 οὐχὶ
2317 2753 2436 2833 διὰ
2482 2762 2609 2834 τοῦ

132 2915 194 2956 ιο
217 2876 549 2977 σώματος
591 2911 615 2976 ;
708 2880 1110 2983 ψευδοέπης
1184 2881 1311 2959 οὖν
1380 2875 1524 2983 ἆρα
1597 2878 1855 2959 λοιπὸν
1916 2882 1956 2958 5
2020 2877 2609 2983 πνευματοφόρος·

217 3003 687 3110 ἀναφανεῖταί
715 3036 858 3083 που
890 3036 910 3097 ;
967 3003 1069 3103 μὴ
1123 3002 1423 3107 γένοιτο·
1504 3008 1725 3083 λαλεῖ
1767 3002 1911 3107 γὰρ
1948 3007 2023 3082 ἐν
2058 3008 2383 3107 Χριστῷ,
2420 3006 2605 3102 Χρι-

215 3124 382 3212 στὸς
437 3127 525 3207 δέ
575 3128 781 3206 ἐστιν
836 3127 881 3225 ἦ
936 3125 1261 3227 ἀλήθεια·
1341 3127 1547 3207 ἔσται
1602 3126 1692 3227 δὴ
1750 3128 1875 3206 οὖν
1934 3125 2234 3227 ἀληθής.
2317 3130 2374 3203 εἰ
2440 3126 2619 3230 τῇδέ

216 3284 311 3349 πη
362 3251 447 3331 τὸ
496 3252 752 3356 χρῆμα
813 3247 1407 3350 διασκεπτόμεθα,
1472 3250 1538 3330 εἴ
1599 3285 1707 3335 τις
1772 3249 2009 3330 ἕλοιτο
2074 3247 2293 3354 τυχὸν
2358 3247 2613 3333 σκαιὸς·

217 3370 381 3453 εἶναι
435 3374 612 3458 τοὺς
665 3371 991 3476 τρόπους,
1028 3380 1126 3459 εἰς
1169 3372 1444 3477 ἑτέρους
1497 3408 1641 3454 που
1693 3374 1979 3459 πάντως
2036 3373 2241 3454 ἔσται
2297 3382 2610 3459 τοιοῦτος

132 3537 191 3593 15
216 3500 325 3577 καὶ
374 3500 505 3580 οὐκ
563 3503 663 3581 εἷς
717 3497 986 3581 ἑαυτόν.
1054 3501 1428 3580 ἀποκτενεῖ
1469 3497 1611 3602 γὰρ
1652 3500 1691 3578 5
1744 3498 2111 3603 φονευτὴς,
2149 3499 2282 3601 οὐχ
2337 3497 2607 3597 ἑαυτὸν,

218 3623 377 3700 ἀλλ’
440 3621 746 3726 ἑτέρους,
804 3622 1087 3727 ὖβρίσει
1145 3621 1220 3702 δὲ
1279 3625 1396 3702 καὶ
1453 3625 1493 3702 5
1549 3624 1875 3724 λοίδορος·
1930 3625 2064 3727 οὑχ
2117 3620 2388 3718 ἑαυτὸν,
2436 3624 2605 3701 ἀλλ’

216 3745 505 3848 ἑτέρους,
545 3745 872 3846 ἀδικήσει
927 3745 1002 3827 δὲ
1059 3748 1173 3827 καὶ
1231 3749 1270 3827 5
1326 3746 1755 3847 πλεονέκτης·
1811 3748 1944 3852 οὐχ
2000 3746 2247 3826 ἑαυτὸν
2287 3748 2454 3825 ἀλλ’
2493 3747 2606 3851 ἐφ’

217 3868 509 3974 ἑτέρους,
570 3874 687 3950 καὶ
743 3872 853 3979 ἐφ’
913 3870 1197 3980 ἑκάστῳ
1236 3878 1379 3951 τῶν
1434 3869 1755 3951 ἐκτόπων
1815 3869 1974 3949 τινὰ
2030 3876 2175 3949 τῶν
2234 3869 2611 3971 δρωμένων

218 3997 548 4095 τοιαύτην
584 3996 908 4099 εὑρήσεις
959 3993 1148 4077 ὁδόν.
1225 3995 1478 4074 οὐκοῦν
1514 3991 1698 4074 κατὰ
1744 3992 1945 4074 τόνδε
1989 3993 2116 4073 τὸν
2151 3993 2420 4096 τρόπον
2462 3997 2611 4073 nav

132 4149 193 4190 ²0
217 4122 605 4226 ἁμάρτημα
655 4120 845 4207 ἔκτὶς
892 4121 1005 4200 τοῧ
1051 4120 1373 4226 σώματός
1422 4121 1613 4214 ἔστιν,
1657 4129 1685 4199 ὁ
1735 4114 1806 4199 δὲ
1849 4117 2157 4222 πορνεύων
2203 4127 2293 4204 εἰς
2340 4119 2409 4198 τὶ
2461 4121 2611 4197 ἴιον

219 4243 423 4350 capta
462 4244 863 4351 ἁμαρτάνει.
935 4243 1298 4323 ἁλώσεται
1336 4240 1479 4346 γὰρ
1516 4245 1779 4322 ἀδικῶν
1817 4242 1990 4322 αὐτὸ
2030 4240 2112 4320 τὸ
2150 4242 2327 4322 ἰ’διον
2364 4248 2607 4338 σῶμα,

294 4499 409 4553 1-3.
452 4483 537 4538 lta
564 4483 638 4537 H.
946 4502 1016 4549 4·-
1054 4524 1068 4537 .
1108 4481 1164 4537 S.
1194 4481 1497 4553 Scripturae
1522 4500 1734 4537 versum
1762 4498 1932 4553 quum
1957 4498 2066 4534 non
2093 4459 2399 4549 transbripsi
2428 4479 2556 4546 ipse,
2584 4494 2612 4529 e

222 4551 471 4608 Cramero
498 4555 669 4624 posui.
746 4552 999 4608 Scholion
1062 4572 1126 4608 oc
1153 4553 1293 4625 quod
1322 4554 1563 4625 sequitur
1587 4552 1744 4608 nobis
1770 4550 2072 4622 suppeditat
2105 4550 2175 4604 H.

304 4653 446 4698 vol„
484 4655 586 4699 111.
1371 4657 1419 4700 M
1452 4660 1515 4700 m
