3269 5166
158 339 319 407 xviii.
348 362 448 430 23.
553 345 670 411 IN
715 346 783 411 S.
816 346 1332 414 JOANNEM.
1413 347 1606 413 LIB.
1639 346 1763 412 XI.
1839 345 2050 413 CAP.
2081 344 2247 411 XII.
2458 344 2545 411 39

159 504 342 616 μόνῳ
378 510 661 609 νεύματι
693 510 969 599 πάντας
1018 513 1245 618 ἄρδην
1279 514 1663 598 Ἰουδαίους
1712 510 2073 594 ἀπολέσαι
2123 509 2543 610 δυνάμενος,

159 633 651 737 δουλοπρεπῶς
711 637 1103 742 ῥαπίζεται·
1199 640 1319 720 καὶ
1373 640 1513 746 δρᾷ
1568 634 1702 737 μὲν
1750 635 1975 735 οὐδὲν,
2030 632 2417 737 ἀντεπάγει
2473 632 2551 715 δὲ

155 762 287 834 τῶν
332 759 765 841 ἀδικούντων
819 763 1049 842 οὐδενὶ
1103 760 1235 864 τὴν
1288 765 1735 869 παραχρῆμα
1785 757 2120 853 κόλασιν,
2165 762 2317 841 ἐπεὶ
2369 757 2558 859 μηδέ

153 882 295 960 ἐστι
337 885 503 964 καθ’
542 885 729 985 ἡμᾶς
772 885 1104 988 ἀσθενὴς,
1141 884 1187 987 ἢ
1242 887 1491 991 ὀργαῖς
1537 884 1586 987 ἢ
1640 884 1906 971 λύπαις
1951 883 2544 989 τυραννούμενος,

96 1000 194 1103 5ἢ
226 1012 323 1113 τῷ
356 1012 487 1108 τῆς
519 1010 941 1117 πλεονεξίας
975 1009 1183 1114 βάρει
1222 1011 1626 1114 νικώμενος,
1665 1012 1996 1091 δυσωπεῖ
2024 1008 2100 1090 δὲ
2137 1007 2385 1113 πράως
2422 1006 2550 1090 τὸν

149 1130 608 1234 ἐφεστηκότα,
644 1133 772 1214 τὸν
803 1134 1005 1216 οὐδὲν
1042 1132 1358 1221 ἐκτόπως
1393 1132 1835 1233 λαλήσαντα
1875 1130 1977 1234 μὴ
2021 1136 2279 1238 χρῆναι
2315 1133 2552 1213 παίειν

148 1253 371 1353 εἰπὼν,
403 1261 525 1338 καὶ
560 1260 796 1344 αὐτοῖς
833 1258 911 1339 δὲ
944 1265 1093 1345 τοῖς
1129 1264 1468 1340 δοκοῦσιν
1503 1255 1681 1340 εἶναι
1716 1262 1965 1342 δεινοῖς
2000 1259 2526 1363 ἐναποληφθεὶς

146 1384 281 1458 τῶν
315 1381 591 1462 οἰκείων
625 1381 1202 1484 ἐπιτηδευμάτων
1237 1384 1367 1463 οὑκ
1417 1384 1696 1486 ἀλογεῖ.
1777 1386 2122 1489 λογισμῷ
2170 1378 2314 1484 γὰρ
2364 1383 2544 1461 ἀνα-

145 1502 356 1584 πείθει
410 1510 520 1612 τῷ
575 1507 804 1588 δέοντι
857 1511 985 1608 τῆς
1038 1510 1115 1588 ἐν
1159 1506 1436 1591 τούτοις
1489 1505 1919 1609 προπετείας
1973 1507 2378 1610 ἀποχωρεῖν
2423 1507 2549 1605 τῆς
2574 1543 2611 1587 e

77 1659 125 1698 ῑο
146 1633 279 1707 τῶν
332 1628 700 1711 Ἰουδαίων
766 1631 1167 1787 ὑπεροψίας
1225 1627 1356 1712 τὸν
1419 1628 1805 1734 ὑπουργὸν,
1866 1627 2350 1780 κομισάμενος
2416 1625 2551 1729 μὲν

147 1752 342 1838 αὑτὸς
380 1764 426 1801 “
451 1753 737 1857 πονηρὰ
790 1756 949 1836 ἀντι
1003 1756 1363 1858 ἀγαθῶν,”
1405 1753 1589 1836 κατὰ
1644 1790 1731 1836 το
1785 1751 2299 1858 γεγραμμένον,
2346 1754 2544 1833 ἀντι·
2639 1751 2811 1867 {aiv-

150 1876 365 1964 διδοὺς
402 1877 481 1960 δὲ
521 1887 668 1965 τοῖς
706 1878 1249 1984 ἀτιμάζουσιν’
1206 1913 1365 1960 αντι
1400 1885 1740 1982 πονηρῶν
1776 1875 2037 1982 ἀγαθά.
2645 1895 2721 1931 ¹²·

230 2000 476 2084 Αλλ’
445 2039 487 2083 ο
512 2001 653 2103 μὲν
677 2005 1020 2108 Κύριος
978 2010 1184 2105 ημῶν
1203 2005 1552 2104 Ἰησοῦς’
1519 2039 1561 2083 ο
1584 2001 1913 2105 Χριστος
1939 2037 2056 2083 και
2029 1998 2551 2106 ῥαπιζόμενος

153 2127 547 2234 ἀνεξικακεῖ,
577 2129 807 2209 καίτοι
833 2126 1091 2214 Θεὸς’
1054 2127 1452 2303 υπάρχων“
1425 2124 1791 2228 ἀληθινος,
1814 2130 1948 2231 γῆς
1975 2160 2054 2207 τε
2091 2127 2212 2207 καὶ
2243 2126 2547 2229 οὐρανοῦ

2522 2252 2546 2280 ἱ

77 2272 131 2327 ¹5
161 2251 425 2353 Κύριος·
485 2253 690 2353 ἡμεῖς
728 2251 804 2334 δε
840 2258 907 2334 οἱ
943 2250 1267 2351 τάλανες,
1303 2288 1370 2333 οι
1408 2257 1573 2357 “γῆ
1616 2254 1734 2333 καὶ
1771 2250 2110 2351 σποδὸς,”
2151 2255 2219 2332 οἱ
2254 2283 2547 2353 σμικροι
2638 2253 2776 2367 ξξίῗί·
2807 2330 2883 2381 ²7·

157 2378 255 2452 καὶ
282 2375 682 2483 ἐλάχιστοι,
706 2379 824 2457 καὶ
845 2382 937 2481 τῇ
963 2384 1110 2458 τῶν
1129 2376 1476 2482 λαχάνων
1498 2376 1689 2484 χλόῃ
1717 2374 2294 2482 παρεικασμένοι·
2325 2384 2369 2422 “
2385 2372 2548 2455 Ἅν-
2639 2384 2725 2513 Ρέ·
2740 2401 2822 2435 ⁰¹¹·

160 2508 197 2542 “
228 2505 499 2602 θρωπος
538 2499 690 2605 γὰρ
728 2504 902 2581 ὡσεὶ
937 2502 1197 2607 χόρτος
1245 2506 1320 2581 αἶ
1364 2500 1617 2606 ἡμέραι
1665 2502 1903 2599 αὑτοῦ,
1942 2502 2060 2581 καὶ
2110 2502 2284 2581 ὡσεὶ
2332 2498 2550 2583 ανθος
2573 2537 2607 2578 a
2626 2463 2892 2579 1¹0⁵29A.

177 2634 341 2706 ‘rofi
371 2630 607 2732 ἀγροῦ
649 2627 870 2712 οὕτως
923 2624 1366 2733 ἐξανθήσει,”
1407 2625 1593 2707 κατὰ
1641 2660 1727 2707 το
1774 2625 2295 2730 γεγραμμένον·
2359 2657 2551 2710 τινος

160 2747 300 2828 ἔσθ’
336 2749 447 2832 ὅτε
499 2757 657 2832 τῶν
692 2753 1030 2856 ἀδελφῶν
1070 2750 1542 2836 διαπεσόντος
1595 2757 1693 2834 εἰς
1744 2749 1999 2854 λόγον,
2041 2752 2160 2831 καὶ
2198 2746 2444 2853 βραχύ
2478 2782 2552 2829 τι

79 2902 138 2944 20
160 2874 842 2984 παραφθεγξαμένου
920 2881 1069 2956 τῶν
1149 2876 1503 2957 εἰωθότων
1584 2883 1859 2972 λυπεῖν,
1935 2871 2346 2979 δρακόντων
2421 2871 2552 2970 μὲν

161 2997 336 3098 δίκην
391 2999 974 3104 ε’κπικραίνεσθαι
1029 3002 1175 3079 δεῖν
1228 2998 1337 3079 ἐπ’
1394 3002 1587 3108 αὐτῷ
1640 2997 2095 3103 λογιζόμεθα,
2147 2997 2421 3098 μυρίοις
2475 2994 2551 3076 δὲ

162 3118 301 3199 ἄνθ’
336 3122 487 3209 ἑνὸς
520 3127 1251 3230 κατασφενδονῶντες
1288 3122 1538 3228 λόγοις
1587 3124 1673 3204 οὐ
1724 3120 2224 3227 κορεννύμεθα,
2266 3121 2352 3201 οὑ
2396 3126 2553 3205 ταῖς

159 3246 609 3347 ἀνθρωπίναις
689 3249 1202 3356 μικροψυχίαις
1265 3254 1650 3355 κιχρῶντες
1722 3244 1855 3348 τὴν
1920 3246 2211 3354 ἄφεσιν,
2272 3245 2356 3325 ου’
2418 3241 2553 3344 τὴν

162 3369 374 3471 κοινὴν
409 3378 536 3474 τῆς
572 3371 875 3480 φύσεως
922 3375 1322 3457 ἐννοοῦντες
1375 3369 1770 3470 ἀσθένειαν,
1806 3371 1891 3453 οὐ
1940 3375 2042 3480 τῷ
2095 3367 2549 3478 φιλαλλήλῳ
2573 3384 2617 3450 b

82 3527 141 3584 25
166 3495 717 3601 καταχωννύντες
779 3493 1023 3606 τρόπω
1085 3495 1216 3583 τὰς
1280 3498 1601 3579 ἐντεῦθεν
1663 3493 1910 3600 ὀργὰς,
1972 3496 2102 3576 οὐκ
2162 3500 2262 3580 εἶς
2326 3492 2546 3574 αὐτὸν

167 3618 680 3714 ἀποβλέποντες
719 3630 764 3669 “
790 3620 920 3701 τὸν
955 3625 1082 3723 τῆς
1130 3621 1446 3705 πίστεως
1498 3622 1702 3721 ἡμῶν
1737 3619 2062 3726 ἀρχηγὸν
2099 3622 2216 3699 καὶ
2250 3628 2537 3699 τελειω-
2639 3619 2776 3670 ΗΘΒ·
2795 3619 2882 3669 ¹st

169 3748 206 3785 “
235 3741 353 3842 τὴν
419 3746 780 3847 Ἰησοῦν,”
850 3745 1022 3826 ἀλλ’
1089 3745 1381 3831 ἑαυτοὺς
1450 3746 1748 3826 ἐκδικεῖν
1817 3742 2365 3846 σπουδάζοντες,
2430 3776 2547 3821 και
2637 3701 2786 3881 ἔξω·
2774 3766 2883 3801 ³¹¹¹·

168 3874 354 3949 τοῦτο
397 3878 695 3973 πικρῶς,
735 3871 965 3951 καίτοι
1016 3875 1143 3971 τῆς
1195 3869 1390 3956 θείας
1441 3869 1806 3972 λεγούσης
1852 3872 2168 3974 γραφῆς,
2206 3864 2380 3947 ποτὲ
2415 3863 2548 3965 μὲν

170 3988 260 4070 ὅτι
299 4005 340 4041 “
373 3996 522 4076 ὁδοὶ
577 3994 1050 4097 μνησικάκων
1105 4002 1203 4080 εἰς
1259 3994 1630 4093 θάνατον,”
1677 3990 1856 4076 ποτὲ
1910 3992 1987 4073 δὲ
2041 3989 2270 4074 πάλιν
2316 4000 2360 4038 “
2389 3987 2548 4091 Τὴν
2637 3994 2889 4046 fimf-¹¹³·

2641 4073 2720 4123 ²7·

87 4153 149 4209 30
171 4122 205 4160 “
236 4120 469 4201 κακίαν
521 4120 834 4204 ἕκαστος
889 4126 1018 4200 τοῦ
1073 4120 1397 4226 ἀδελφοῦ
1451 4119 1672 4199 αὑτοῦ
1729 4116 1832 4219 μὴ
1891 4116 2416 4218 μνησικακείτω
2471 4115 2548 4196 ἐν
2638 4126 2887 4243 {gchvfi-

173 4247 208 4283 ‘⁴
239 4248 376 4326 ταῖς
409 4244 732 4346 καρδίαις
769 4243 1039 4343 ὑμῶν.”
1099 4241 1298 4323 ἀλλὰ
1334 4240 1478 4344 γὰρ
1516 4246 1614 4326 εἷς
1650 4241 1878 4322 τύπον
1916 4241 2083 4340 ἡμῖν
2121 4235 2550 4342 ἡμερότητος

237 4538 281 4589 5.
314 4527 370 4580 τὸ
394 4528 533 4584 Aub.
558 4530 765 4585 correxi
791 4547 861 4584 ex
886 4528 952 4584 E.
1347 4545 1429 4583 11.
1468 4528 1581 4583 ἀντι
1606 4528 1671 4582 Ε.
1696 4527 1803 4585 ἀντ’
1833 4526 1937 4584 Ed.
1971 4525 2113 4600 [ἀντὶ
2135 4525 2344 4598 ἀγαθῶν
2366 4524 2502 4579 Alex
2508 4522 2551 4595 .]

184 4605 253 4658 ¹5.
289 4598 333 4650 οἱ
352 4599 446 4654 ult.
472 4599 536 4656 E.
561 4601 648 4656 καὶ
672 4600 777 4660 Ed.
999 4618 1081 4673 19.
1117 4622 1167 4655 τι
1189 4609 1530 4672 assumptum
1551 4617 1617 4655 ex
1643 4599 1710 4655 Ε.
