3269 5166
304 395 454 434 DBUS

301 558 553 615 Deliciae
603 558 729 614 Deo
781 557 921 614 Filio
971 558 1208 616 salvatio
1263 567 1459 615 nostra

383 659 504 713 885
535 674 587 723 e,
619 657 738 712 886
764 674 814 712 a.

303 763 338 785 “
364 752 709 809 Deorsum’'
740 753 873 827 quid
910 756 1024 811 165
1055 753 1109 809 b.

302 851 641 925 Desperatio
668 850 1003 926 refugienda
1031 850 1108 907 iii.
1141 854 1279 909 429.

302 956 338 979 ‘⁸
365 949 628 1022 Desuper
647 947 681 970 ’³
737 952 852 1006 146
881 947 941 1013 b,
1004 951 1119 1006 147
1150 948 1256 1015 ab,
1323 953 1457 1014 162,

389 1049 505 1104 165
535 1046 595 1112 b,
650 1050 767 1104 503
798 1047 936 1103 abc
955 1046 990 1102 d
1071 1046 1143 1103 ab
1198 1044 1462 1102 hereticis

386 1143 674 1217 quomodo
705 1143 850 1200 male
879 1144 1311 1219 interpretatum
1347 1147 1455 1202 161

387 1260 437 1306 e,
474 1244 611 1299 163.

306 1339 488 1396 Deum
519 1339 670 1396 inter
690 1347 750 1396 et
776 1347 1092 1397 creaturam
1120 1337 1263 1395 nihil
1291 1338 1464 1395 inter-

385 1437 578 1493 venire
621 1444 813 1513 potest
844 1442 921 1494 45
951 1456 1002 1502 a,
1038 1439 1152 1495 162
1184 1434 1239 1501 b,
1280 1439 1394 1496 164
1425 1435 1463 1492 b

387 1534 709 1591 differentia
790 1551 963 1609 quam
1054 1533 1305 1591 maxima
1387 1534 1462 1591 iii.

392 1633 532 1689 476.

306 1728 463 1785 Deus
505 1728 742 1794 stabilis,
774 1727 1056 1785 instabilis
1097 1738 1356 1787 creatura
1383 1729 1462 1786 iii.

388 1828 527 1890 478,
560 1829 699 1891 575,
733 1830 870 1885 576.

308 1923 472 1981 Deus
527 1922 1048 1998 incircumscriptus
1099 1922 1159 1979 in
1215 1922 1466 1980 ecclesiis

388 2021 687 2096 praecipue
713 2020 935 2078 habitat
964 2023 1099 2078 409.

308 2119 419 2176 Dei
461 2117 647 2193 gloria
683 2126 742 2176 et
782 2118 840 2174 in
889 2135 1059 2192 opere
1101 2124 1160 2174 et
1200 2116 1258 2174 in
1297 2135 1464 2192 prece

394 2213 636 2289 (Christi
673 2214 958 2290 exemplo)
989 2214 1313 2289 quaerenda
1341 2217 1462 2273 946

391 2332 423 2370 c
441 2313 479 2371 d
495 2332 544 2371 e.

310 2410 486 2476 Deus,
517 2411 648 2485 Ipse
681 2428 799 2466 non
825 2410 1067 2474 videtur,
1102 2409 1327 2465 videtur
1363 2426 1461 2465 au-

391 2515 510 2566 tem
539 2515 600 2567 ut
622 2507 681 2564 in
707 2508 930 2583 pictura
956 2507 1172 2582 gloriae
1194 2506 1337 2583 Ejus
1360 2507 1459 2563 ha·

392 2605 545 2663 bitus
580 2610 714 2677 104,
742 2605 813 2662 cf.
843 2609 959 2664 348
990 2625 1042 2671 c,
1075 2611 1191 2664 774
1221 2606 1259 2662 b
1281 2624 1314 2662 c
1355 2624 1462 2662 nec

392 2723 506 2761 vox
535 2704 761 2761 auditur
788 2707 867 2761 40
896 2722 946 2769 e,
979 2708 1076 2770 41,
1108 2707 1228 2762 258
1250 2704 1309 2769 (1,
1342 2706 1459 2761 259

391 2801 585 2858 omnia
618 2820 762 2875 quae
796 2801 933 2858 facit
965 2799 1348 2866 admirabilia‚'
1366 2819 1462 2857 su·

392 2918 495 2973 per
520 2907 800 2965 naturam,
829 2907 889 2957 et
917 2917 949 2957 e
978 2899 1161 2956 Manu
1200 2899 1466 2956 munifica

396 3001 514 3056 372
545 2997 582 3053 b
603 3013 636 3054 c
677 2997 870 3055 omnia
898 2996 1050 3054 videt
1083 3000 1199 3055 412
1225 3015 1274 3054 a.

312 3093 422 3152 Dei
449 3092 683 3169 Species
709 3095 886 3152 Filius
916 3098 1034 3155 256
1056 3114 1089 3152 e
1144 3095 1215 3152 de
1244 3094 1351 3162 Eo,
1371 3094 1466 3170 qui

393 3191 560 3249 valde
588 3193 714 3259 scit,
741 3192 790 3249 is
820 3192 1054 3250 minime
1083 3192 1230 3267 sapit
1261 3197 1376 3250 777
1405 3192 1463 3249 b.

314 3287 475 3348 Deus
530 3288 698 3347 Pater
755 3309 861 3366 per
915 3289 1139 3360 Filium,
1194 3296 1465 3364 tanquam

396 3386 614 3454 Robur.
674 3395 847 3454 creat,
908 3395 1181 3462 tanquam
1232 3386 1271 3444 J
1272 3386 1469 3444 ustitia

389 3484 612 3559 judicat
655 3488 773 3543 225
812 3503 844 3542 e
904 3484 1071 3542 nobis
1112 3483 1467 3560 paternitatis

395 3590 567 3658 typus
597 3585 716 3641 229
747 3581 801 3639 d.

316 3680 473 3737 Deus
521 3679 1043 3755 incircumscriptus
1091 3682 1211 3738 973
1241 3679 1349 3745 cd,
1391 3677 1468 3735 iii.

400 3780 538 3849 549,
569 3781 710 3843 550.
743 3782 860 3836 577
892 3796 1014 3852 sqq.

317 3874 482 3932 Deus
550 3874 621 3932 de
678 3874 814 3950 Ipso
867 3874 1003 3931 dicit
1072 3876 1108 3904 “
1129 3872 1471 3930 Dominator

399 3971 645 4030 Domine
711 3972 869 4029 Deus
927 3970 1253 4028 misericors
1321 3970 1467 4028 etc.”

401 4069 614 4142 (Exod.
643 4069 839 4126 xxxiv.
875 4071 938 4141 6)
971 4073 1110 4127 591.

317 4167 428 4224 Dei
469 4175 604 4225 sunt
644 4167 852 4238 omnia,
883 4166 1065 4223 Patris
1101 4174 1161 4224 et
1193 4164 1339 4231 Filii,
1368 4164 1471 4223 eti-

400 4263 545 4322 amsi
571 4263 832 4321 nesciant
859 4267 978 4324 962
1009 4264 1066 4330 (1,
1099 4266 1239 4323 963.

318 4360 434 4420 Dei
455 4361 526 4420 ab
557 4360 805 4420 amicitia
831 4370 1170 4433 avertentes,
1192 4359 1471 4418 heretico-

401 4478 529 4517 rum
549 4458 927 4517 indoctrinam
950 4457 1328 4533 epulabuntur
1356 4461 1392 4514 4
1412 4457 1470 4515 d.

319 4557 444 4615 Deo
500 4555 812 4614 similitudo
867 4555 1049 4613 amitti
1107 4562 1297 4629 potest
1354 4557 1470 4612 304

1128 376 1452 434 INDEX
1539 375 1912 433 RERUM.

2601 377 2720 433 623

1651 557 1739 615 ab
1808 575 1952 632 quae
1981 559 2093 615 821
2129 574 2181 625 e,
2235 560 2352 615 822
2383 575 2436 623 a,
2494 556 2568 614 iii.
2603 563 2720 617 555

1651 674 1795 731 sqq..
1858 659 1976 713 573
2019 672 2162 730 sqq„
2223 658 2359 721 589,
2418 658 2533 714 593
2578 674 2719 731 sqq„

1651 756 1787 812 605.

1568 850 1678 908 Dei
1717 852 1930 927 imago,
1975 850 2246 908 sanctitas
2288 850 2622 927 bonitasque
2661 852 2720 909 in

1650 947 1815 1005 nobis
1843 948 2013 1005 insita
2040 947 2117 1003 iii.
2151 953 2289 1016 555,
2322 951 2457 1007 593.

1567 1045 1725 1105 Deus
1765 1055 2080 1102 creaturam
2124 1063 2281 1102 suam
2326 1065 2550 1120 semper
2579 1045 2718 1102 vivi-

1649 1143 1783 1200 ficat
1814 1147 1931 1201 793
1962 1142 2018 1208 d,
2054 1146 2173 1201 822
2202 1143 2241 1200 b
2297 1153 2588 1201 creaturae
2616 1143 2722 1201 Sui

1651 1240 2139 1316 participationem
2200 1259 2304 1314 per
2365 1242 2719 1316 conjunctio-

1650 1356 1783 1395 nem
1810 1336 2115 1413 spiritalem
2146 1337 2423 1411 permittit
2452 1342 2569 1395 306
2600 1357 2652 1395 a.

1568 1434 1681 1493 Dei
1723 1453 1897 1510 opera
1935 1434 2155 1491 homini
2190 1435 2457 1499 tribuere,
2486 1435 2723 1491 demen-

1650 1533 1763 1590 tiae
1785 1496 1871 1589 ‘ac
1911 1532 2218 1607 impietatis
2265 1532 2499 1606 plenum
2544 1536 2655 1590 311
2682 1532 2723 1589 b

1652 1630 1744 1687 vel
1781 1630 2013 1687 minima
2045 1629 2341 1687 hominum
2378 1637 2722 1703 potestatem

1653 1728 1895 1785 multum
1924 1735 2195 1803 superant
2222 1726 2286 1784 M
2318 1732 2416 1786 52.

1571 1826 1677 1883 Dei
1706 1824 1927 1900 requies
1956 1834 2225 1900 tanquam
2264 1826 2397 1883 olim
2426 1825 2723 1884 increden-

1652 1922 1804 1980 tibus
1847 1940 1965 1979 non
2020 1923 2172 1989 data,
2223 1923 2305 1981 ita
2358 1942 2542 1999 neque
2597 1922 2719 1980 Do-

1653 2020 1808 2076 mino
1826 2019 1996 2078 hodie
2012 2040 2129 2077 non
2157 2022 2516 2079 credentibus
2534 2022 2724 2079 danda

1654 2121 1772 2176 380
1801 2136 1851 2177 a.

1570 2217 1757 2273 Deum
1788 2231 2056 2289 quaerere
2084 2232 2198 2271 non
2242 2215 2448 2272 sufficit
2474 2215 2583 2272 nisi
2618 2234 2721 2290 per

1652 2312 2032 2371 obedientiam
2093 2318 2153 2368 et
2218 2311 2389 2369 fidem
2443 2312 2516 2368 ad
2570 2312 2719 2369 Eum

1649 2410 1999 2468 convertaris
2027 2412 2146 2467 406
2175 2428 2226 2467 c.

1569 2506 1698 2565 Deo
1726 2527 1817 2574 ex,
1845 2526 1971 2565 esse
2000 2507 2134 2582 quid
2166 2511 2285 2568 567
2314 2507 2421 2566 bc.

1566 2603 1678 2663 Dei
1717 2605 2159 2663 misericordiam
2200 2626 2317 2664 non
2356 2625 2721 2682 praesumen-

1648 2703 1782 2760 dum
1812 2706 1930 2762 572
1959 2702 2018 2760 b.

1566 2802 1675 2859 Dei
1717 2820 2037 2859 sermonem
2081 2820 2306 2859 servare
2348 2802 2481 2877 quid
2519 2808 2594 2862 57
2600 2807 2636 2862 2
2666 2822 2717 2870 e,

1652 2904 1771 2958 573
1801 2918 1851 2957 a.

1568 2998 1755 3055 Deum
1784 3014 2132 3073 cognoscere
2161 3014 2277 3052 non
2304 3004 2528 3053 tantum
2566 2997 2720 3071 quod

1651 3094 1809 3152 Deus
1836 3101 1925 3151 est
1952 3095 2096 3151 scire
2126 3096 2246 3152 580
2296 3092 2485 3149 Deum
2514 3112 2718 3169 appro-

1650 3192 1991 3266 pinquamus
2018 3190 2306 3265 quomodo
2339 3194 2456 3249 769
2475 3210 2527 3248 a.

1571 3289 1732 3347 Deus
1788 3289 2229 3364 uniuscujusque
2290 3288 2724 3345 necessitatibus

1653 3386 1862 3462 agendi
1931 3385 2164 3442 modum
2233 3391 2391 3460 aptat
2451 3389 2600 3443 1081
2636 3385 2723 3442 de

1652 3502 1760 3541 nos
1784 3484 1846 3541 in
1876 3481 2107 3541 Christo
2141 3481 2435 3539 renovavit
2460 3482 2592 3556 quia
2620 3501 2725 3539 nos

1654 3582 1865 3639 amavit
1893 3580 1960 3638 M
1995 3585 2070 3639 78
2141 3580 2322 3637 fidelis
2365 3590 2421 3637 et
2463 3579 2632 3638 Pater
2668 3588 2728 3638 et

1655 3680 1833 3737 Filius
1861 3678 1934 3736 iii.
1969 3681 2104 3744 398,
2137 3681 2275 3737 399.

1575 3775 1703 3833 Deo
1749 3776 1808 3832 in
1852 3794 2081 3834 omnem
2133 3782 2452 3833 creaturam
2504 3795 2728 3852 semper

1649 3874 1809 3949 justo
1856 3873 2201 3930 credendum
2252 3876 2368 3932 598
2421 3873 2458 3932 b
2533 3874 2604 3932 de
2658 3875 2727 3931 iis

1658 3989 1802 4045 quae
1857 3968 2018 4028 Deus
2078 3971 2138 4027 in
2198 3978 2486 4028 creaturas
2554 3972 2726 4029 faciat

1654 4067 2045 4142 quaestionem
2087 4067 2273 4125 facere
2321 4068 2418 4142 qui
2472 4069 2722 4143 incipiat,

1653 4165 1705 4222 is
1752 4183 1974 4222 cessare
2027 4182 2146 4221 non
2200 4173 2390 4240 potest
2436 4169 2570 4232 730,
2607 4170 2718 4225 731

1655 4261 1727 4319 de
1751 4260 1881 4319 Deo
1909 4261 2193 4319 sententia
2218 4261 2554 4336 sapientium
2582 4280 2723 4337 gen·

1653 4358 1839 4416 tilium
1887 4359 2073 4433 magis
2121 4358 2215 4433 pia
2258 4377 2426 4433 quam
2475 4377 2723 4432 quorun·

1657 4455 1791 4512 dam
1818 4454 1912 4530 qui
1941 4472 2092 4511 nunc
2119 4463 2255 4513 sunt
2281 4455 2361 4511 iii.
2395 4456 2530 4512 578.

1576 4552 1689 4611 Dei
1731 4550 2104 4627 praescIentia
2139 4551 2433 4610 hominum
2475 4559 2573 4610 aut
2601 4552 2720 4609 cul-
