3269 5166
222 349 357 417 xix.
390 368 540 438 1-3.
791 350 907 416 IN
968 351 1035 419 s,
1082 349 1595 417 JOANNEM.
1687 351 1879 420 ΜΒ.
1928 352 2090 420 xn.
2563 355 2647 420 61

226 511 464 615 ἐσμὸν
521 514 877 620 ἐμπαίζειν
949 517 1165 624 αὐτῷ,
1228 514 1578 625 στεφάνῳ
1639 550 1720 598 τε
1786 521 1892 626 τῷ
1953 517 2027 628 ἐξ
2089 515 2393 601 ἀκανθῶν
2450 551 2652 621 περι-

229 646 513 740 βαλεῖν,
561 643 677 722 καὶ
732 637 1089 745 ἁλουργὲς
1144 638 1423 741 ἱμάτιον
1476 642 1930 747 ἐπιρῤίπτειν,
1984 642 2522 747 καταικίζεσθαί
2569 676 2652 723 τε

233 766 643 872 jorio-poam
677 767 795 846 καὶ
829 771 986 850 ταῖς
1021 763 1289 850 ἄλλαις
1324 766 1660 864 ἀτιμίαις.
1727 762 1908 875 ᾤετο
1936 763 2082 871 γὰρ
2120 766 2208 869 δή
2244 801 2402 852 πως
2434 768 2644 847 ἐκδυ-

232 886 617 990 σωπήσειν
672 888 904 992 ἡρέμα
960 884 1127 975 τοὺς
1182 894 1329 970 τῶν
1381 890 1750 972 ’Ῑουδαίων
1812 886 2058 989 λαοὺς,
2123 897 2183 972 εἰ
2243 894 2362 972 καὶ
2421 889 2650 992 μόνην
2671 930 2711 977 ο

167 1032 202 1095 5
233 1010 615 1094 θεάσοιντο
671 1014 788 1094 καὶ
832 1013 1103 1115 ταύτην
1138 1015 1218 1095 ἐκ
1266 1021 1603 1117 περιττοῦ
1633 1011 1965 1096 παθόντα
2000 1012 2134 1114 τὴν
2171 1015 2486 1097 κόλασιν
2522 1014 2652 1095 τὸν

232 1134 530 1239 ἁπάσης
585 1135 727 1246 ἔξω
791 1138 1110 1237 κείμενον
1172 1138 1419 1221 αἰτίας.
1528 1140 1933 1246 ἐμαστίχθη
1996 1139 2127 1240 μὲν
2185 1141 2464 1243 ἀδίκως,
2532 1139 2653 1220 ἵνα

231 1262 509 1346 δικαίας
572 1262 760 1362 ἡμᾶς
823 1260 1171 1369 ἀπολύσῃ
1224 1267 1541 1366 πληγῆς,
1596 1264 1982 1369 ἐνεπαίχθη
2039 1267 2158 1344 καὶ
2223 1264 2649 1369 ε’ῤῥαπίσθη,

230 1386 319 1465 ἵν’
360 1386 559 1487 ἡμεῖς
607 1386 1068 1495 ἐμπαίξωμεν
1100 1392 1205 1496 τῷ
1257 1386 1689 1495 ἐμπαίξαντι
1724 1389 2035 1495 σατανᾷ,
2072 1391 2189 1469 καὶ
2225 1387 2359 1489 τὴν
2396 1390 2474 1469 ἐκ
2522 1390 2652 1487 τῆς

228 1509 726 1614 παραβάσεως
779 1511 1445 1615 προστετριμμένην
1505 1511 1679 1612 ἡμῖν
1741 1510 2207 1618 διαφύγωμεν
2261 1513 2643 1616 ἁμαρτίαν.

124 1674 204 1716 10
232 1632 633 1735 οἰησόμεθα
684 1633 829 1740 γὰρ
868 1640 1300 1742 φρονοῦντες
1353 1637 1607 1741 ὀρθῶς,
1646 1636 1887 1718 πάντα
1936 1637 2023 1717 δι’
2064 1638 2250 1737 ἡμᾶς
2299 1640 2418 1718 καὶ
2473 1634 2652 1739 ὑπὲρ

232 1759 439 1859 ἡμῶν
484 1757 578 1840 τὰ
614 1765 945 1864 Χριστοῦ
994 1758 1331 1863 γενέσθαι
1381 1761 1797 1862 παθήματα,
1837 1759 2134 1863 λυτικήν
2166 1796 2246 1842 τε
2295 1764 2414 1842 καὶ
2462 1762 2647 1842 ἀπο-

232 1882 617 1986 τρεπτικὴν
653 1883 913 1991 ἔχοντα
960 1883 1264 1985 δύναμιν
1318 1892 1466 1966 τῶν
1501 1886 1671 1984 ἡμῖν
1716 1883 2296 1986 συμβεβηκότων
2331 1883 2652 1987 εὐλόγως

233 2006 357 2088 διὰ
408 2006 541 2109 τὴν
576 2008 995 2090 ἀπόστασιν
1030 2008 1163 2109 τὴν
1218 2007 1364 2090 ἀπο
1403 2015 1619 2090 Θεοῦ.
1707 2044 1962 2114 ωσπερ
2010 2009 2156 2114 γὰρ
2199 2044 2505 2114 ηρκεσεν
2556 2015 2651 2095 εἰς
2674 2031 2720 2096 d

232 2130 321 2212 τὸ
352 2137 809 2237 καταργῆσαι
849 2131 979 2214 τὸν
1016 2133 1359 2215 ἁπάντων
1395 2133 1732 2233 θάνατον,
1766 2133 1852 2215 τὸ
1904 2133 2082 2239 ὑπερ
2129 2139 2259 2234 τῆς
2307 2135 2653 2238 ἡμετερας

130 2288 204 2348 15
234 2255 419 2359 ζωῆς
460 2256 592 2359 τὴν
630 2258 815 2338 ἰδίαν
848 2259 1208 2362 προέσθαι
1243 2260 1487 2363 σάρκα
1526 2257 1658 2340 τὸν
1695 2260 1824 2341 οὐκ
1862 2257 2099 2341 εἰδότα
2134 2259 2473 2341 θάνατον·
2555 2259 2653 2345 εἷς

235 2379 383 2485 γὰρ
451 2381 629 2486 ὑπὲρ
700 2381 994 2464 πάντων
1062 2381 1437 2464 ἀπέθανεν·
1539 2385 1729 2465 οὕτω
1795 2383 2114 2465 συνιέναι
2191 2385 2488 2484 δίκαιον,
2557 2388 2656 2469 ὡς

235 2505 623 2614 ἐξαρκέσαι
670 2505 898 2588 πάλιν
947 2512 1046 2594 εἰς
1103 2508 1187 2590 τὸ
1241 2510 1614 2591 ἀπολῦσαι
1648 2506 1927 2596 πάντας
1968 2514 2084 2592 καὶ
2120 2511 2503 2614 μαστίγων
2540 2510 2656 2589 καὶ

231 2633 518 2732 ἀτιμίας
560 2629 646 2713 τὸ
696 2639 924 2714 ταῦτα
974 2638 1230 2716 παθεῖν
1273 2632 1450 2739 ὑπὲρ
1486 2634 1691 2734 ἡμῶν
1734 2635 1864 2715 τὸν
1903 2634 2196 2738 Κύριον.
2269 2638 2415 2716 ἐπεὶ
2471 2633 2656 2715 κατὰ

230 2757 398 2836 τίνα
444 2753 716 2860 τρόπον
773 2766 819 2804 “
846 2762 952 2866 τῷ
1001 2759 1312 2859 μώλωπι
1373 2759 1592 2839 αὐτοῦ
1651 2761 1849 2860 ἡμεῖς
1907 2760 2273 2862 ἰάθημεν,”
2327 2759 2512 2841 κατὰ
2568 2759 2652 2842 τὸ
2742 2791 2830 2842 Es.
2841 2791 2933 2842 liii.
2943 2805 2990 2858 5·

128 2924 209 2966 20
234 2883 780 2985 γεγραμμένον;
858 2882 1122 2967 πάντες
1171 2882 1303 2982 μὲν
1356 2880 1500 2987 γὰρ
1556 2882 2084 2986 ἐπλανήθημεν,
2132 2885 2439 2970 ἕκαστος
2488 2896 2531 2933 “
2560 2890 2651 2991 τῇ
2674 2927 2710 2971 e
2739 2908 2820 2958 Ib-
2838 2905 2888 2959 6.

232 3017 279 3054 ‘⁶
319 3008 466 3115 ὁδῷ
515 3008 793 3107 αὐτοῦ,”
848 3006 1038 3088 καθά
1093 3016 1327 3114 φησιν
1382 3009 1422 3088 ὃ
1477 3008 1822 3114 μακάριος
1879 3008 2262 3117 προφήτης
2305 3008 2648 3108 Ἡσαΐας,

232 3141 281 3179 “
302 3135 422 3212 καὶ
484 3130 752 3236 Κύριος
816 3132 1227 3236 παρέδωκεν
1306 3133 1525 3213 αὐτὸν
1589 3139 1748 3217 ταῖς
1817 3133 2194 3238 ἁμαρτίαις
2250 3133 2475 3233 ἡμῶν,
2531 3135 2650 3214 καὶ
2737 3168 2817 3219 Ib.
2837 3183 2888 3236 4·
2959 3205 2964 3209 ,

232 3267 278 3304 “
315 3259 479 3359 περὶ
514 3257 720 3357 ἡμῶν
755 3255 1164 3337 ὀδυνᾶται.”
1215 3256 1756 3357 μεμαλάκισται
1789 3255 1937 3363 γὰρ
1973 3257 2090 3339 διὰ
2127 3256 2220 3338 τὰ
2255 3258 2650 3362 παραπτώ-

232 3415 432 3482 ματα
465 3381 687 3481 ἡμῶν·
763 3385 879 3462 καὶ
928 3379 1023 3462 τὰ
1064 3380 1195 3481 μὲν
1230 3381 1375 3461 ’ίδια
1426 3387 1619 3461 νῶτα
1669 3382 1972 3464 δέδωκεν
2029 3393 2071 3431 “
2104 3386 2202 3469 εἰς
2251 3380 2644 3486 μάστιγας,
2739 3403 2818 3454 Ib.
2839 3403 2875 3454 1.
2902 3404 2953 3455 6.

130 3543 208 3604 ²5
234 3516 280 3554 “
319 3504 450 3591 τὰς
504 3505 581 3587 δὲ
637 3504 991 3608 σιαγόνας
1047 3507 1264 3587 αὐτοῦ
1320 3512 1416 3590 εἰς
1472 3507 1962 3611 ραπίσματα,”
2022 3506 2211 3589 καθὰ
2267 3510 2385 3589 καὶ
2440 3505 2653 3592 αὐτός

232 3665 379 3712 που
416 3630 671 3738 φησίν.
754 3639 810 3712 οἱ
846 3628 979 3730 μὲν
1016 3630 1144 3710 οὖν
1180 3628 1585 3738 στρατιὸται
1625 3630 1951 3734 καθάπερ
1986 3632 2147 3713 τινὰ
2183 3638 2329 3713 τῶν
2367 3635 2644 3739 ψευδο·

231 3753 600 3858 τυράννων
634 3753 921 3840 ἑλόντες
954 3751 1082 3836 τὸν
1116 3756 1410 3856 Ἰησοῦν
1447 3756 1874 3861 ἐμπαίζουσι
1909 3764 2462 3860 στρατιωτικῶς.
2529 3757 2650 3838 διά

233 3877 381 3983 γάρ
417 3914 529 3961 τοι
571 3886 786 3960 τοῦτο
822 3877 1155 3988 στέφανος
1199 3879 1329 3979 μὲν
1368 3882 1408 3960 ὁ
1447 3879 1519 3987 ἐξ
1569 3878 1874 3961 ἀκανθὶιῖν
1912 3879 2380 3983 ἐπενήνεκται,
2418 3881 2503 3964 τὸ
2538 3883 2644 3964 ἐπ’

232 4004 482 4108 ἄκροις
515 4004 915 4108 ἠρτημένον
951 4003 1322 4104 μετώποις,
1360 4008 1490 4105 τῆς
1526 4005 1839 4107 ἐπιγείου
1883 4006 2269 4102 βασιλείας
2307 4005 2647 4108 σύνθημα
2671 4028 2984 4086 a1044A.

128 4158 210 4217 30
232 4132 508 4231 δηλῶν.
569 4128 655 4210 τὸ
692 4128 770 4209 δὲ
805 4131 1163 4240 πορφυροῦν
1202 4129 1489 4237 ἱμάτιον,
1520 4134 1653 4231 τῆς
1687 4131 2118 4235 ἀλουργίδος
2152 4127 2358 4212 εἰκὼν
2394 4127 2649 4235 ὥσπερ

312 4410 361 4447 1.
396 4391 745 4462 περιβάλλειν
769 4390 834 4447 Ε.
1349 4393 1402 4449 8.
1437 4391 1499 4449 ἵν’
1528 4392 1647 4448 Ε.”
1623 4415 1706 4448 ινα
1729 4392 1836 4450 Ed.
1944 4395 2035 4464 τῆς
2059 4406 2402 4464 assumptum
2426 4411 2491 4448 ex
2519 4392 2584 4449 Ε.
2590 4393 2649 4449 F.

275 4500 653 4566 ,προστετριμ
781 4502 811 4532 ν
844 4477 1008 4534 edidi.
1044 4473 1522 4571 προστετρῗμμὲνην
1573 4482 1650 4535 sic
1705 4480 1761 4536 F.
1798 4478 1877 4537 ἰ’σ.
1893 4502 2382 4633 προστετρέιᾶιενην
2408 4478 2510 4535 Ed.
2493 4498 2648 4604 6mg.

232 4571 703 4694 ffingne.
637 4621 709 4677 ὣς
730 4621 821 4676 οὐκ
846 4565 1166 4677 Ed.“f01rte
1189 4550 1702 4695 dbe‘ssgffirnligativ?
1707 4552 2181 4695 Ρῒτὲἰοιῖἴτέῗιῗῑ).
2209 4621 2265 4677 in
2290 4629 2464 4677 notas.
2463 4550 2527 4605 ¹6
2532 4590 2546 4605 ⁶
2582 4551 2651 4607 ὥς
