<?xml version="1.0" encoding="UTF-8"?>
<!DOCTYPE html PUBLIC "-//W3C//DTD XHTML 1.0 Transitional//EN"
    "http://www.w3.org/TR/xhtml1/DTD/xhtml1-transitional.dtd">
<html xmlns="http://www.w3.org/1999/xhtml" xml:lang="en" lang="en">
 <head>
  <title>
</title>
<meta http-equiv="Content-Type" content="text/html;charset=utf-8" />
  <meta name='ocr-system' content='tesseract 3.04.00' />
  <meta name='ocr-capabilities' content='ocr_page ocr_carea ocr_par ocr_line ocrx_word'/>
</head>
<body>
  <div class='ocr_page' id='page_1' title='image "./indjoannisevang00pusegoog_0266.png"; bbox 0 0 3269 5166; ppageno 0'>
   <div class='ocr_carea' id='block_1_1' title="bbox 287 336 2995 514">
    <p class='ocr_par' dir='ltr' id='par_1_1' title="bbox 287 336 2995 514">
     <span class='ocr_line' id='line_1_1' title="bbox 597 336 2995 418; baseline -0.005 -8"><span class='ocrx_word' id='word_1_1' title='bbox 597 346 728 410; x_wconf 74' lang='lat'>252</span> <span class='ocrx_word' id='word_1_2' title='bbox 881 344 962 409; x_wconf 88' lang='lat' dir='ltr'>B.</span> <span class='ocrx_word' id='word_1_3' title='bbox 1008 340 1388 408; x_wconf 85' lang='lat' dir='ltr'><strong>CYRILLI</strong></span> <span class='ocrx_word' id='word_1_4' title='bbox 1439 339 1975 405; x_wconf 83' lang='lat' dir='ltr'>ALEXANDR.</span> <span class='ocrx_word' id='word_1_5' title='bbox 2029 337 2597 404; x_wconf 81' lang='lat' dir='ltr'><strong>FRAGMENTA</strong></span> <span class='ocrx_word' id='word_1_6' title='bbox 2686 336 2731 401; x_wconf 88' lang='lat' dir='ltr'>i.</span> <span class='ocrx_word' id='word_1_7' title='bbox 2768 350 2862 418; x_wconf 81' lang='lat'>17,</span> <span class='ocrx_word' id='word_1_8' title='bbox 2890 354 2995 401; x_wconf 86' lang='lat'>20.</span> 
     </span>
     <span class='ocr_line' id='line_1_2' title="bbox 287 447 969 514; baseline -0.004 0"><span class='ocrx_word' id='word_1_9' title='bbox 287 448 397 514; x_wconf 84' lang='lat'>[50</span> <span class='ocrx_word' id='word_1_10' title='bbox 419 447 544 513; x_wconf 82' lang='lat' dir='ltr'>M·]</span> <span class='ocrx_word' id='word_1_11' title='bbox 962 470 969 474; x_wconf 90' lang='lat'><strong>·</strong></span> 
     </span>
    </p>
   </div>
   <div class='ocr_carea' id='block_1_2' title="bbox 497 579 2972 677">
    <p class='ocr_par' dir='ltr' id='par_1_2' title="bbox 497 579 2972 677">
     <span class='ocr_line' id='line_1_3' title="bbox 497 579 2972 677; baseline -0.004 -24"><span class='ocrx_word' id='word_1_12' title='bbox 497 608 566 671; x_wconf 84' lang='lat'>17</span> <span class='ocrx_word' id='word_1_13' title='bbox 627 588 720 655; x_wconf 83' lang='grc' dir='ltr'>Οὔ</span> <span class='ocrx_word' id='word_1_14' title='bbox 775 589 895 677; x_wconf 79' lang='grc' dir='ltr'>Γὰρ</span> <span class='ocrx_word' id='word_1_15' title='bbox 950 586 1332 653; x_wconf 74' lang='grc' dir='ltr'>ἀπέστειλέν</span> <span class='ocrx_word' id='word_1_16' title='bbox 1386 609 1466 663; x_wconf 90' lang='grc' dir='ltr'>με</span> <span class='ocrx_word' id='word_1_17' title='bbox 1519 585 1791 673; x_wconf 67' lang='grc' dir='ltr'>Χριστὸς</span> <span class='ocrx_word' id='word_1_18' title='bbox 1847 582 2185 674; x_wconf 71' lang='grc' dir='ltr'><strong>βαπτίζειν,</strong></span> <span class='ocrx_word' id='word_1_19' title='bbox 2240 583 2376 647; x_wconf 77' lang='grc' dir='ltr'>ἀλλ’</span> <span class='ocrx_word' id='word_1_20' title='bbox 2440 579 2972 672; x_wconf 70' lang='grc' dir='ltr'>εὐαπελίζεσθαι.</span> 
     </span>
    </p>
   </div>
   <div class='ocr_carea' id='block_1_3' title="bbox 598 765 3122 2609">
    <p class='ocr_par' dir='ltr' id='par_1_3' title="bbox 598 765 3122 2609">
     <span class='ocr_line' id='line_1_4' title="bbox 707 765 3005 873; baseline -0.003 -21"><span class='ocrx_word' id='word_1_21' title='bbox 707 770 1209 851; x_wconf 77' lang='grc' dir='ltr'>Ἀπέοταλται</span> <span class='ocrx_word' id='word_1_22' title='bbox 1263 767 1395 867; x_wconf 76' lang='grc' dir='ltr'>μὲν</span> <span class='ocrx_word' id='word_1_23' title='bbox 1438 768 2030 870; x_wconf 79' lang='grc' dir='ltr'>ὁμολογουμένως</span> <span class='ocrx_word' id='word_1_24' title='bbox 2087 766 2531 873; x_wconf 79' lang='grc' dir='ltr'>διακηρύξων</span> <span class='ocrx_word' id='word_1_25' title='bbox 2567 773 2717 850; x_wconf 89' lang='grc' dir='ltr'>τοῖς</span> <span class='ocrx_word' id='word_1_26' title='bbox 2760 765 3005 846; x_wconf 80' lang='grc' dir='ltr'>ἔθνεσι</span> 
     </span>
     <span class='ocr_line' id='line_1_5' title="bbox 599 888 3006 996; baseline -0.003 -20"><span class='ocrx_word' id='word_1_27' title='bbox 599 892 727 977; x_wconf 77' lang='grc' dir='ltr'>τόν</span> <span class='ocrx_word' id='word_1_28' title='bbox 762 895 1083 995; x_wconf 81' lang='grc' dir='ltr'>Ἰησοῦν·</span> <span class='ocrx_word' id='word_1_29' title='bbox 1142 894 1312 972; x_wconf 85' lang='grc' dir='ltr'>ἀλλ’</span> <span class='ocrx_word' id='word_1_30' title='bbox 1354 892 1568 995; x_wconf 79' lang='grc' dir='ltr'>ε”ργον</span> <span class='ocrx_word' id='word_1_31' title='bbox 1603 888 1786 971; x_wconf 85' lang='grc' dir='ltr'>εἷναί</span> <span class='ocrx_word' id='word_1_32' title='bbox 1828 898 2067 996; x_wconf 87' lang='grc' dir='ltr'>φαμεν</span> <span class='ocrx_word' id='word_1_33' title='bbox 2110 894 2238 991; x_wconf 84' lang='grc' dir='ltr'>τῆς</span> <span class='ocrx_word' id='word_1_34' title='bbox 2281 893 2708 989; x_wconf 78' lang='grc' dir='ltr'>ἀποστολῆς</span> <span class='ocrx_word' id='word_1_35' title='bbox 2762 889 2848 970; x_wconf 79' lang='grc' dir='ltr'>τὸ</span> <span class='ocrx_word' id='word_1_36' title='bbox 2905 892 3006 974; x_wconf 84' lang='grc' dir='ltr'>ὦς</span> 
     </span>
     <span class='ocr_line' id='line_1_6' title="bbox 598 1012 2999 1126; baseline -0.002 -27"><span class='ocrx_word' id='word_1_37' title='bbox 598 1021 676 1099; x_wconf 87' lang='grc' dir='ltr'>ε’ν</span> <span class='ocrx_word' id='word_1_38' title='bbox 712 1022 932 1126; x_wconf 74' lang='grc' dir='ltr'>καιρῷ</span> <span class='ocrx_word' id='word_1_39' title='bbox 968 1051 1044 1097; x_wconf 93' lang='grc' dir='ltr'>τε</span> <span class='ocrx_word' id='word_1_40' title='bbox 1082 1021 1197 1098; x_wconf 82' lang='grc' dir='ltr'>καὶ</span> <span class='ocrx_word' id='word_1_41' title='bbox 1235 1017 1500 1121; x_wconf 85' lang='grc' dir='ltr'>χρείαις</span> <span class='ocrx_word' id='word_1_42' title='bbox 1533 1023 1884 1119; x_wconf 81' lang='grc' dir='ltr'>πληροῦν,</span> <span class='ocrx_word' id='word_1_43' title='bbox 1913 1014 2036 1095; x_wconf 81' lang='grc' dir='ltr'>εἴτ’</span> <span class='ocrx_word' id='word_1_44' title='bbox 2066 1017 2193 1096; x_wconf 77' lang='grc' dir='ltr'>οὖν</span> <span class='ocrx_word' id='word_1_45' title='bbox 2227 1013 2489 1112; x_wconf 72' lang='grc' dir='ltr'>ἐ’λοιτο,</span> <span class='ocrx_word' id='word_1_46' title='bbox 2516 1018 2631 1095; x_wconf 76' lang='grc' dir='ltr'>καὶ</span> <span class='ocrx_word' id='word_1_47' title='bbox 2668 1012 2754 1095; x_wconf 79' lang='grc' dir='ltr'>τό</span> <span class='ocrx_word' id='word_1_48' title='bbox 2790 1021 2999 1111; x_wconf 88' lang='grc' dir='ltr'>βαπ-</span> 
     </span>
     <span class='ocr_line' id='line_1_7' title="bbox 600 1135 3071 1243; baseline -0.003 -20"><span class='ocrx_word' id='word_1_49' title='bbox 600 1144 802 1223; x_wconf 89' lang='grc' dir='ltr'>τίσαι</span> <span class='ocrx_word' id='word_1_50' title='bbox 857 1140 1078 1225; x_wconf 82' lang='grc' dir='ltr'>τινάς.</span> <span class='ocrx_word' id='word_1_51' title='bbox 1162 1141 1281 1221; x_wconf 82' lang='grc' dir='ltr'>ἵνα</span> <span class='ocrx_word' id='word_1_52' title='bbox 1338 1137 1413 1220; x_wconf 78' lang='grc' dir='ltr'>δὲ</span> <span class='ocrx_word' id='word_1_53' title='bbox 1472 1138 1574 1239; x_wconf 86' lang='grc' dir='ltr'>μὴ</span> <span class='ocrx_word' id='word_1_54' title='bbox 1632 1137 1762 1220; x_wconf 79' lang='grc' dir='ltr'>τὸν</span> <span class='ocrx_word' id='word_1_55' title='bbox 1817 1147 1949 1219; x_wconf 84' lang='grc' dir='ltr'>τοῦ</span> <span class='ocrx_word' id='word_1_56' title='bbox 2013 1142 2271 1243; x_wconf 80' lang='grc' dir='ltr'>χρῆναι</span> <span class='ocrx_word' id='word_1_57' title='bbox 2325 1137 2695 1242; x_wconf 75' lang='grc' dir='ltr'>κηρύττειν</span> <span class='ocrx_word' id='word_1_58' title='bbox 2754 1135 3007 1240; x_wconf 79' lang='grc' dir='ltr'>καιρόν</span> <span class='ocrx_word' id='word_1_59' title='bbox 3033 1154 3071 1215; x_wconf 90' lang='grc'><strong>5</strong></span> 
     </span>
     <span class='ocr_line' id='line_1_8' title="bbox 602 1262 3007 1373; baseline 0 -25"><span class='ocrx_word' id='word_1_60' title='bbox 602 1265 863 1369; x_wconf 83' lang='grc' dir='ltr'>ἑτέροις</span> <span class='ocrx_word' id='word_1_61' title='bbox 897 1267 1225 1373; x_wconf 90' lang='grc' dir='ltr'>φαίνοιτο</span> <span class='ocrx_word' id='word_1_62' title='bbox 1258 1268 1598 1344; x_wconf 78' lang='grc' dir='ltr'>δαπανῶν</span> <span class='ocrx_word' id='word_1_63' title='bbox 1632 1263 2183 1362; x_wconf 80' lang='grc' dir='ltr'>σπουδάσμασι,</span> <span class='ocrx_word' id='word_1_64' title='bbox 2218 1264 2468 1365; x_wconf 81' lang='grc' dir='ltr'>παρεὶς</span> <span class='ocrx_word' id='word_1_65' title='bbox 2502 1264 2578 1342; x_wconf 80' lang='grc' dir='ltr'>εὖ</span> <span class='ocrx_word' id='word_1_66' title='bbox 2612 1262 2818 1361; x_wconf 78' lang='grc' dir='ltr'>μάλα</span> <span class='ocrx_word' id='word_1_67' title='bbox 2851 1269 3007 1348; x_wconf 85' lang='grc' dir='ltr'>τοῖς</span> 
     </span>
     <span class='ocr_line' id='line_1_9' title="bbox 603 1386 3009 1495; baseline -0.002 -24"><span class='ocrx_word' id='word_1_68' title='bbox 603 1389 787 1471; x_wconf 79' lang='grc' dir='ltr'>κατὰ</span> <span class='ocrx_word' id='word_1_69' title='bbox 841 1388 1080 1495; x_wconf 77' lang='grc' dir='ltr'>χώρας</span> <span class='ocrx_word' id='word_1_70' title='bbox 1135 1391 1250 1470; x_wconf 80' lang='grc' dir='ltr'>καὶ</span> <span class='ocrx_word' id='word_1_71' title='bbox 1306 1394 1494 1470; x_wconf 77' lang='grc' dir='ltr'>πᾶσι</span> <span class='ocrx_word' id='word_1_72' title='bbox 1547 1386 2001 1488; x_wconf 73' lang='grc' dir='ltr'>τεταγμένοις</span> <span class='ocrx_word' id='word_1_73' title='bbox 2044 1393 2141 1473; x_wconf 85' lang='grc' dir='ltr'>εὶς</span> <span class='ocrx_word' id='word_1_74' title='bbox 2189 1386 2593 1488; x_wconf 80' lang='grc' dir='ltr'>ἐπισκοπὴν</span> <span class='ocrx_word' id='word_1_75' title='bbox 2642 1386 2727 1469; x_wconf 78' lang='grc' dir='ltr'>τό</span> <span class='ocrx_word' id='word_1_76' title='bbox 2780 1392 2881 1474; x_wconf 83' lang='grc' dir='ltr'>ὦς</span> <span class='ocrx_word' id='word_1_77' title='bbox 2928 1390 3009 1469; x_wconf 83' lang='grc' dir='ltr'>ἐν</span> 
     </span>
     <span class='ocr_line' id='line_1_10' title="bbox 603 1509 3009 1620; baseline -0.001 -27"><span class='ocrx_word' id='word_1_78' title='bbox 603 1520 849 1620; x_wconf 84' lang='grc' dir='ltr'>σχολῇ</span> <span class='ocrx_word' id='word_1_79' title='bbox 904 1522 1115 1593; x_wconf 90' lang='grc' dir='ltr'>τοῦτο</span> <span class='ocrx_word' id='word_1_80' title='bbox 1172 1517 1370 1616; x_wconf 83' lang='grc' dir='ltr'>δρᾶν,</span> <span class='ocrx_word' id='word_1_81' title='bbox 1408 1511 1899 1616; x_wconf 80' lang='grc' dir='ltr'>εὐηγγελίζετο</span> <span class='ocrx_word' id='word_1_82' title='bbox 1953 1517 2246 1608; x_wconf 80' lang='grc' dir='ltr'>μᾶλλον</span> <span class='ocrx_word' id='word_1_83' title='bbox 2289 1509 2524 1609; x_wconf 79' lang='grc' dir='ltr'>αὐτὸς,</span> <span class='ocrx_word' id='word_1_84' title='bbox 2561 1510 2686 1593; x_wconf 80' lang='grc' dir='ltr'>ἅτε</span> <span class='ocrx_word' id='word_1_85' title='bbox 2739 1509 2829 1612; x_wconf 86' lang='grc' dir='ltr'>δὴ</span> <span class='ocrx_word' id='word_1_86' title='bbox 2887 1516 3009 1592; x_wconf 80' lang='grc' dir='ltr'>καὶ</span> 
     </span>
     <span class='ocr_line' id='line_1_11' title="bbox 605 1633 3009 1742; baseline -0.001 -24"><span class='ocrx_word' id='word_1_87' title='bbox 605 1640 836 1738; x_wconf 83' lang='grc' dir='ltr'>λόγου</span> <span class='ocrx_word' id='word_1_88' title='bbox 890 1639 1137 1742; x_wconf 84' lang='grc' dir='ltr'>χρείαν</span> <span class='ocrx_word' id='word_1_89' title='bbox 1188 1635 1747 1734; x_wconf 78' lang='grc' dir='ltr'>πεπιστευμένος</span> <span class='ocrx_word' id='word_1_90' title='bbox 1803 1637 1922 1715; x_wconf 82' lang='grc' dir='ltr'>καὶ</span> <span class='ocrx_word' id='word_1_91' title='bbox 1973 1634 2170 1716; x_wconf 76' lang='grc' dir='ltr'>πολὺ</span> <span class='ocrx_word' id='word_1_92' title='bbox 2225 1636 2395 1714; x_wconf 85' lang='grc' dir='ltr'>λίαν</span> <span class='ocrx_word' id='word_1_93' title='bbox 2449 1634 2868 1738; x_wconf 76' lang='grc' dir='ltr'>ἠκριβωκῶς</span> <span class='ocrx_word' id='word_1_94' title='bbox 2919 1633 3009 1716; x_wconf 79' lang='grc' dir='ltr'>τὸ</span> 
     </span>
     <span class='ocr_line' id='line_1_12' title="bbox 607 1755 3121 1866; baseline 0 -24"><span class='ocrx_word' id='word_1_95' title='bbox 607 1768 939 1864; x_wconf 88' lang='grc' dir='ltr'>Χριστοῦ</span> <span class='ocrx_word' id='word_1_96' title='bbox 1003 1759 1422 1863; x_wconf 84' lang='grc' dir='ltr'>μυστήριον·</span> <span class='ocrx_word' id='word_1_97' title='bbox 1516 1757 1688 1838; x_wconf 84' lang='grc' dir='ltr'>ἀλλ’</span> <span class='ocrx_word' id='word_1_98' title='bbox 1747 1755 1999 1862; x_wconf 79' lang='grc' dir='ltr'>ὥσπερ</span> <span class='ocrx_word' id='word_1_99' title='bbox 2059 1759 2100 1837; x_wconf 85' lang='grc' dir='ltr'><strong>ὁ</strong></span> <span class='ocrx_word' id='word_1_100' title='bbox 2158 1757 2548 1844; x_wconf 80' lang='grc' dir='ltr'>θεσπέσιος</span> <span class='ocrx_word' id='word_1_101' title='bbox 2613 1758 3009 1866; x_wconf 85' lang='grc' dir='ltr'>Στέφανος,</span> <span class='ocrx_word' id='word_1_102' title='bbox 3044 1784 3121 1826; x_wconf 85' lang='lat'>10</span> 
     </span>
     <span class='ocr_line' id='line_1_13' title="bbox 605 1879 3013 1988; baseline -0.002 -22"><span class='ocrx_word' id='word_1_103' title='bbox 605 1887 833 1966; x_wconf 88' lang='grc' dir='ltr'>καίτοι</span> <span class='ocrx_word' id='word_1_104' title='bbox 883 1881 1249 1988; x_wconf 79' lang='grc' dir='ltr'>τραπεζῶν</span> <span class='ocrx_word' id='word_1_105' title='bbox 1286 1883 1613 1964; x_wconf 84' lang='grc' dir='ltr'>διάκονον</span> <span class='ocrx_word' id='word_1_106' title='bbox 1662 1883 2318 1987; x_wconf 74' lang='grc' dir='ltr'>προχειρισάμενος,</span> <span class='ocrx_word' id='word_1_107' title='bbox 2354 1884 2483 1963; x_wconf 81' lang='grc' dir='ltr'>οὐκ</span> <span class='ocrx_word' id='word_1_108' title='bbox 2535 1879 3013 1982; x_wconf 62' lang='grc' dir='ltr'>ἀπόπῖμπτον</span> 
     </span>
     <span class='ocr_line' id='line_1_14' title="bbox 605 2005 3014 2113; baseline -0 -26"><span class='ocrx_word' id='word_1_109' title='bbox 605 2011 908 2089; x_wconf 86' lang='grc' dir='ltr'>ἐποιεῖτο</span> <span class='ocrx_word' id='word_1_110' title='bbox 944 2007 1027 2087; x_wconf 82' lang='grc' dir='ltr'>τὸ</span> <span class='ocrx_word' id='word_1_111' title='bbox 1065 2011 1323 2113; x_wconf 81' lang='grc' dir='ltr'>χρῆναι</span> <span class='ocrx_word' id='word_1_112' title='bbox 1359 2013 1889 2107; x_wconf 85' lang='grc' dir='ltr'>μυσταγωγεῖν,</span> <span class='ocrx_word' id='word_1_113' title='bbox 1923 2008 2110 2087; x_wconf 79' lang='grc' dir='ltr'>οὕτω</span> <span class='ocrx_word' id='word_1_114' title='bbox 2148 2011 2266 2085; x_wconf 86' lang='grc' dir='ltr'>καὶ</span> <span class='ocrx_word' id='word_1_115' title='bbox 2302 2008 2343 2086; x_wconf 88' lang='grc' dir='ltr'>ό</span> <span class='ocrx_word' id='word_1_116' title='bbox 2379 2005 2768 2091; x_wconf 79' lang='grc' dir='ltr'>θεσπέσιος</span> <span class='ocrx_word' id='word_1_117' title='bbox 2807 2011 3014 2087; x_wconf 86' lang='grc' dir='ltr'>Παῦ-</span> 
     </span>
     <span class='ocr_line' id='line_1_15' title="bbox 607 2127 3014 2240; baseline -0.001 -28"><span class='ocrx_word' id='word_1_118' title='bbox 607 2144 738 2216; x_wconf 88' lang='grc' dir='ltr'>λος</span> <span class='ocrx_word' id='word_1_119' title='bbox 789 2133 1013 2213; x_wconf 91' lang='grc' dir='ltr'>καίτοι</span> <span class='ocrx_word' id='word_1_120' title='bbox 1059 2130 1452 2227; x_wconf 81' lang='grc' dir='ltr'>τεθειμένος</span> <span class='ocrx_word' id='word_1_121' title='bbox 1494 2136 1602 2215; x_wconf 71' lang='grc' dir='ltr'>εἰς</span> <span class='ocrx_word' id='word_1_122' title='bbox 1627 2129 1713 2209; x_wconf 84' lang='grc' dir='ltr'>τὸ</span> <span class='ocrx_word' id='word_1_123' title='bbox 1758 2132 1903 2209; x_wconf 87' lang='grc' dir='ltr'>δεῖν</span> <span class='ocrx_word' id='word_1_124' title='bbox 1943 2128 2508 2240; x_wconf 73' lang='grc' dir='ltr'>εὐαγγελίζεσθαι</span> <span class='ocrx_word' id='word_1_125' title='bbox 2555 2127 2642 2210; x_wconf 80' lang='grc' dir='ltr'>τὸ</span> <span class='ocrx_word' id='word_1_126' title='bbox 2675 2134 3014 2232; x_wconf 87' lang='grc' dir='ltr'>Χριστοῦ</span> 
     </span>
     <span class='ocr_line' id='line_1_16' title="bbox 607 2251 3015 2360; baseline 0 -22"><span class='ocrx_word' id='word_1_127' title='bbox 607 2258 1026 2360; x_wconf 84' lang='grc' dir='ltr'>μυστήριον,</span> <span class='ocrx_word' id='word_1_128' title='bbox 1062 2251 1378 2358; x_wconf 82' lang='grc' dir='ltr'>ἐπλήρου</span> <span class='ocrx_word' id='word_1_129' title='bbox 1427 2253 1613 2335; x_wconf 80' lang='grc' dir='ltr'>κατὰ</span> <span class='ocrx_word' id='word_1_130' title='bbox 1660 2252 1907 2358; x_wconf 83' lang='grc' dir='ltr'>καιρὸν</span> <span class='ocrx_word' id='word_1_131' title='bbox 1963 2258 2080 2333; x_wconf 86' lang='grc' dir='ltr'>καὶ</span> <span class='ocrx_word' id='word_1_132' title='bbox 2132 2251 2266 2354; x_wconf 85' lang='grc' dir='ltr'>τὴν</span> <span class='ocrx_word' id='word_1_133' title='bbox 2319 2262 2447 2334; x_wconf 89' lang='grc' dir='ltr'>τοῦ</span> <span class='ocrx_word' id='word_1_134' title='bbox 2500 2254 3015 2353; x_wconf 78' lang='grc' dir='ltr'>βαπτίσματος</span> 
     </span>
     <span class='ocr_line' id='line_1_17' title="bbox 610 2376 3122 2486; baseline 0.001 -26"><span class='ocrx_word' id='word_1_135' title='bbox 610 2381 874 2486; x_wconf 85' lang='grc' dir='ltr'>χρείαν,</span> <span class='ocrx_word' id='word_1_136' title='bbox 910 2378 1373 2482; x_wconf 81' lang='grc' dir='ltr'>προκειμένης</span> <span class='ocrx_word' id='word_1_137' title='bbox 1421 2380 1528 2459; x_wconf 82' lang='grc' dir='ltr'>ἐπ’</span> <span class='ocrx_word' id='word_1_138' title='bbox 1571 2379 1795 2484; x_wconf 76' lang='grc' dir='ltr'>ἄμφω</span> <span class='ocrx_word' id='word_1_139' title='bbox 1831 2381 1957 2477; x_wconf 82' lang='grc' dir='ltr'>τῆς</span> <span class='ocrx_word' id='word_1_140' title='bbox 2001 2376 2336 2484; x_wconf 81' lang='grc' dir='ltr'>ἐξουσίας</span> <span class='ocrx_word' id='word_1_141' title='bbox 2373 2379 2587 2485; x_wconf 72' lang='grc' dir='ltr'>αὐτῷ,</span> <span class='ocrx_word' id='word_1_142' title='bbox 2625 2380 2742 2460; x_wconf 81' lang='grc' dir='ltr'>καὶ</span> <span class='ocrx_word' id='word_1_143' title='bbox 2775 2378 3010 2486; x_wconf 77' lang='grc' dir='ltr'>ἐξείρ-</span> <span class='ocrx_word' id='word_1_144' title='bbox 3046 2401 3122 2463; x_wconf 81' lang='lat'>15</span> 
     </span>
     <span class='ocr_line' id='line_1_18' title="bbox 608 2498 2172 2609; baseline -0.003 -24"><span class='ocrx_word' id='word_1_145' title='bbox 608 2538 867 2609; x_wconf 89' lang='grc' dir='ltr'>γοντος</span> <span class='ocrx_word' id='word_1_146' title='bbox 903 2500 1184 2587; x_wconf 80' lang='grc' dir='ltr'>οὐδενὸς</span> <span class='ocrx_word' id='word_1_147' title='bbox 1216 2502 1411 2606; x_wconf 88' lang='grc' dir='ltr'>ε’ίπερ</span> <span class='ocrx_word' id='word_1_148' title='bbox 1444 2498 1686 2581; x_wconf 77' lang='grc' dir='ltr'>ἕλοιτο</span> <span class='ocrx_word' id='word_1_149' title='bbox 1721 2509 1935 2581; x_wconf 89' lang='grc' dir='ltr'>τοῦτο</span> <span class='ocrx_word' id='word_1_150' title='bbox 1972 2503 2172 2605; x_wconf 79' lang='grc' dir='ltr'>δρᾶν.</span> 
     </span>
    </p>
   </div>
   <div class='ocr_carea' id='block_1_4' title="bbox 510 2770 2916 2979">
    <p class='ocr_par' dir='ltr' id='par_1_4' title="bbox 510 2770 2916 2979">
     <span class='ocr_line' id='line_1_19' title="bbox 510 2770 2916 2862; baseline 0.002 -29"><span class='ocrx_word' id='word_1_151' title='bbox 510 2801 586 2839; x_wconf 82' lang='lat'>20</span> <span class='ocrx_word' id='word_1_152' title='bbox 716 2771 851 2835; x_wconf 88' lang='grc' dir='ltr'>Ποῦ</span> <span class='ocrx_word' id='word_1_153' title='bbox 907 2770 1153 2857; x_wconf 59' lang='grc' dir='ltr'>σοφίης</span> <span class='ocrx_word' id='word_1_154' title='bbox 1216 2774 1340 2835; x_wconf 85' lang='grc' dir='ltr'>ποῦ</span> <span class='ocrx_word' id='word_1_155' title='bbox 1397 2771 1850 2859; x_wconf 76' lang='grc' dir='ltr'>Γραμματεύο;</span> <span class='ocrx_word' id='word_1_156' title='bbox 1909 2775 2035 2837; x_wconf 85' lang='grc' dir='ltr'>ποῦ</span> <span class='ocrx_word' id='word_1_157' title='bbox 2090 2774 2444 2862; x_wconf 49' lang='lat' dir='ltr'>&lt;mgnum-&amp;c</span> <span class='ocrx_word' id='word_1_158' title='bbox 2495 2779 2610 2840; x_wconf 86' lang='grc' dir='ltr'>τοῦ</span> <span class='ocrx_word' id='word_1_159' title='bbox 2666 2770 2916 2839; x_wconf 68' lang='grc' dir='ltr'>αἰῶνος</span> 
     </span>
     <span class='ocr_line' id='line_1_20' title="bbox 1677 2897 1947 2979; baseline -0.004 -18"><span class='ocrx_word' id='word_1_160' title='bbox 1677 2897 1947 2979; x_wconf 63' lang='grc' dir='ltr'>τούτους</span> 
     </span>
    </p>
   </div>
   <div class='ocr_carea' id='block_1_5' title="bbox 275 3062 3128 3295">
    <p class='ocr_par' dir='ltr' id='par_1_5' title="bbox 275 3062 3128 3295">
     <span class='ocr_line' id='line_1_21' title="bbox 725 3062 3022 3173; baseline 0 -27"><span class='ocrx_word' id='word_1_161' title='bbox 725 3072 898 3150; x_wconf 84' lang='grc' dir='ltr'>Τοῖς</span> <span class='ocrx_word' id='word_1_162' title='bbox 962 3062 1091 3165; x_wconf 80' lang='grc' dir='ltr'>μὲν</span> <span class='ocrx_word' id='word_1_163' title='bbox 1146 3065 1333 3167; x_wconf 83' lang='grc' dir='ltr'>μέγα</span> <span class='ocrx_word' id='word_1_164' title='bbox 1393 3071 1791 3171; x_wconf 89' lang='grc' dir='ltr'>φρονοῦσιν</span> <span class='ocrx_word' id='word_1_165' title='bbox 1849 3066 1964 3144; x_wconf 89' lang='grc' dir='ltr'>ε’πι</span> <span class='ocrx_word' id='word_1_166' title='bbox 2020 3064 2255 3173; x_wconf 86' lang='grc' dir='ltr'>σοφία</span> <span class='ocrx_word' id='word_1_167' title='bbox 2322 3072 2633 3171; x_wconf 84' lang='grc' dir='ltr'>κοσμικῇ</span> <span class='ocrx_word' id='word_1_168' title='bbox 2697 3069 2817 3146; x_wconf 84' lang='grc' dir='ltr'>καὶ</span> <span class='ocrx_word' id='word_1_169' title='bbox 2882 3065 3022 3166; x_wconf 85' lang='grc' dir='ltr'>τὴν</span> 
     </span>
     <span class='ocr_line' id='line_1_22' title="bbox 275 3186 3128 3295; baseline -0.001 -23"><span class='ocrx_word' id='word_1_170' title='bbox 275 3213 439 3276; x_wconf 71' lang='lat' dir='ltr'><strong>Supra</strong></span> <span class='ocrx_word' id='word_1_171' title='bbox 461 3228 564 3262; x_wconf 80' lang='lat' dir='ltr'><strong>ver·</strong></span> <span class='ocrx_word' id='word_1_172' title='bbox 611 3189 863 3272; x_wconf 88' lang='grc' dir='ltr'>πίστιν</span> <span class='ocrx_word' id='word_1_173' title='bbox 899 3224 983 3270; x_wconf 95' lang='grc' dir='ltr'>ου</span> <span class='ocrx_word' id='word_1_174' title='bbox 1017 3222 1531 3293; x_wconf 89' lang='grc' dir='ltr'>προσιεμενοις,</span> <span class='ocrx_word' id='word_1_175' title='bbox 1572 3192 1798 3287; x_wconf 82' lang='grc' dir='ltr'>δῆλον</span> <span class='ocrx_word' id='word_1_176' title='bbox 1833 3187 1987 3268; x_wconf 90' lang='grc' dir='ltr'>δε</span> <span class='ocrx_word' id='word_1_177' title='bbox 1947 3223 2056 3268; x_wconf 89' lang='grc' dir='ltr'>οτι</span> <span class='ocrx_word' id='word_1_178' title='bbox 2091 3186 2224 3288; x_wconf 87' lang='grc' dir='ltr'>τὴν</span> <span class='ocrx_word' id='word_1_179' title='bbox 2260 3195 2357 3273; x_wconf 81' lang='grc' dir='ltr'>εἶς</span> <span class='ocrx_word' id='word_1_180' title='bbox 2389 3189 2741 3293; x_wconf 85' lang='grc' dir='ltr'>Χριστόν,</span> <span class='ocrx_word' id='word_1_181' title='bbox 2778 3190 3020 3295; x_wconf 81' lang='grc' dir='ltr'>μωρία</span> <span class='ocrx_word' id='word_1_182' title='bbox 3045 3236 3128 3277; x_wconf 76' lang='lat'>20</span> 
     </span>
    </p>
   </div>
   <div class='ocr_carea' id='block_1_6' title="bbox 280 3279 3129 4163">
    <p class='ocr_par' dir='ltr' id='par_1_6' title="bbox 280 3279 3129 4163">
     <span class='ocr_line' id='line_1_23' title="bbox 280 3279 3010 3416; baseline 0.001 -24"><span class='ocrx_word' id='word_1_183' title='bbox 280 3279 357 3329; x_wconf 71' lang='lat'>¹8</span> <span class='ocrx_word' id='word_1_184' title='bbox 612 3313 697 3392; x_wconf 85' lang='grc' dir='ltr'>τὸ</span> <span class='ocrx_word' id='word_1_185' title='bbox 735 3313 1179 3416; x_wconf 85' lang='grc' dir='ltr'>εὐαγγέλιον·</span> <span class='ocrx_word' id='word_1_186' title='bbox 1258 3313 1425 3411; x_wconf 84' lang='grc' dir='ltr'>ἡμῖν</span> <span class='ocrx_word' id='word_1_187' title='bbox 1462 3309 1540 3391; x_wconf 81' lang='grc' dir='ltr'>δὲ</span> <span class='ocrx_word' id='word_1_188' title='bbox 1577 3312 1713 3416; x_wconf 83' lang='grc' dir='ltr'>οὐχ</span> <span class='ocrx_word' id='word_1_189' title='bbox 1748 3346 1995 3408; x_wconf 87' lang='grc' dir='ltr'>ουτως,</span> <span class='ocrx_word' id='word_1_190' title='bbox 2035 3320 2325 3393; x_wconf 90' lang='grc' dir='ltr'>πολλοῦ</span> <span class='ocrx_word' id='word_1_191' title='bbox 2360 3347 2446 3415; x_wconf 94' lang='grc' dir='ltr'>γε</span> <span class='ocrx_word' id='word_1_192' title='bbox 2482 3348 2600 3393; x_wconf 88' lang='grc' dir='ltr'>και</span> <span class='ocrx_word' id='word_1_193' title='bbox 2636 3317 2766 3394; x_wconf 86' lang='grc' dir='ltr'>δεῖ·</span> <span class='ocrx_word' id='word_1_194' title='bbox 2848 3316 3010 3395; x_wconf 92' lang='grc' dir='ltr'>δια-</span> 
     </span>
     <span class='ocr_line' id='line_1_24' title="bbox 613 3434 3020 3541; baseline 0.003 -25"><span class='ocrx_word' id='word_1_195' title='bbox 613 3436 980 3536; x_wconf 87' lang='grc' dir='ltr'>τεθείμεθα</span> <span class='ocrx_word' id='word_1_196' title='bbox 1037 3434 1183 3540; x_wconf 77' lang='grc' dir='ltr'>γὰρ</span> <span class='ocrx_word' id='word_1_197' title='bbox 1242 3434 1349 3516; x_wconf 78' lang='grc' dir='ltr'>ὅτι</span> <span class='ocrx_word' id='word_1_198' title='bbox 1409 3435 1705 3535; x_wconf 83' lang='grc' dir='ltr'>δύναμις</span> <span class='ocrx_word' id='word_1_199' title='bbox 1764 3440 1959 3515; x_wconf 82' lang='grc' dir='ltr'>Θεοῦ</span> <span class='ocrx_word' id='word_1_200' title='bbox 2015 3438 2192 3534; x_wconf 86' lang='grc' dir='ltr'>ἐστι,</span> <span class='ocrx_word' id='word_1_201' title='bbox 2253 3440 2370 3516; x_wconf 84' lang='grc' dir='ltr'>καὶ</span> <span class='ocrx_word' id='word_1_202' title='bbox 2429 3438 2792 3541; x_wconf 83' lang='grc' dir='ltr'>σωτηρίας</span> <span class='ocrx_word' id='word_1_203' title='bbox 2849 3436 3020 3524; x_wconf 80' lang='grc' dir='ltr'>ὁδὸς</span> 
     </span>
     <span class='ocr_line' id='line_1_25' title="bbox 614 3556 3016 3667; baseline 0.001 -27"><span class='ocrx_word' id='word_1_204' title='bbox 614 3561 1089 3667; x_wconf 86' lang='grc' dir='ltr'>ἀποφέρουσα</span> <span class='ocrx_word' id='word_1_205' title='bbox 1144 3557 1324 3661; x_wconf 77' lang='grc' dir='ltr'>πρὸς</span> <span class='ocrx_word' id='word_1_206' title='bbox 1380 3556 1768 3661; x_wconf 82' lang='grc' dir='ltr'>ἁγιασμόν,</span> <span class='ocrx_word' id='word_1_207' title='bbox 1809 3561 1923 3638; x_wconf 84' lang='grc' dir='ltr'>καὶ</span> <span class='ocrx_word' id='word_1_208' title='bbox 1981 3564 2080 3643; x_wconf 79' lang='grc' dir='ltr'>εἰς</span> <span class='ocrx_word' id='word_1_209' title='bbox 2133 3558 2264 3659; x_wconf 84' lang='grc' dir='ltr'>τὴν</span> <span class='ocrx_word' id='word_1_210' title='bbox 2295 3564 2425 3660; x_wconf 86' lang='grc' dir='ltr'>τῆς</span> <span class='ocrx_word' id='word_1_211' title='bbox 2469 3562 2810 3663; x_wconf 82' lang='grc' dir='ltr'>ἀληθείας</span> <span class='ocrx_word' id='word_1_212' title='bbox 2849 3562 2978 3643; x_wconf 84' lang='grc' dir='ltr'>ἐπί</span> <span class='ocrx_word' id='word_1_213' title='bbox 2979 3609 3016 3624; x_wconf 88' lang='grc'>-</span> 
     </span>
     <span class='ocr_line' id='line_1_26' title="bbox 615 3684 3020 3789; baseline 0.002 -26"><span class='ocrx_word' id='word_1_214' title='bbox 615 3719 893 3787; x_wconf 91' lang='grc' dir='ltr'>γνωσιν</span> <span class='ocrx_word' id='word_1_215' title='bbox 925 3687 1504 3784; x_wconf 90' lang='grc' dir='ltr'>παιδαγωγοῦσα</span> <span class='ocrx_word' id='word_1_216' title='bbox 1553 3687 1810 3788; x_wconf 88' lang='grc' dir='ltr'>σοφῶς</span> <span class='ocrx_word' id='word_1_217' title='bbox 1866 3685 2207 3789; x_wconf 79' lang='grc' dir='ltr'>δαψιλῶν</span> <span class='ocrx_word' id='word_1_218' title='bbox 2243 3684 2741 3787; x_wconf 77' lang='grc' dir='ltr'>κηρυγμάτων.</span> <span class='ocrx_word' id='word_1_219' title='bbox 2820 3684 3020 3786; x_wconf 77' lang='grc' dir='ltr'>οἶμαι</span> 
     </span>
     <span class='ocr_line' id='line_1_27' title="bbox 616 3805 3129 3917; baseline 0.002 -29"><span class='ocrx_word' id='word_1_220' title='bbox 616 3807 692 3888; x_wconf 80' lang='grc' dir='ltr'>δὲ</span> <span class='ocrx_word' id='word_1_221' title='bbox 740 3807 968 3910; x_wconf 81' lang='grc' dir='ltr'>ε”γωγε</span> <span class='ocrx_word' id='word_1_222' title='bbox 1024 3805 1288 3915; x_wconf 78' lang='grc' dir='ltr'>σοφοὺς</span> <span class='ocrx_word' id='word_1_223' title='bbox 1343 3814 1472 3887; x_wconf 91' lang='grc' dir='ltr'>νῦν</span> <span class='ocrx_word' id='word_1_224' title='bbox 1517 3807 1735 3887; x_wconf 81' lang='grc' dir='ltr'>αὐτὸν</span> <span class='ocrx_word' id='word_1_225' title='bbox 1784 3809 2177 3887; x_wconf 83' lang='grc' dir='ltr'>ἀποκαλεῖν</span> <span class='ocrx_word' id='word_1_226' title='bbox 2223 3805 2388 3892; x_wconf 77' lang='grc' dir='ltr'>τοὺς</span> <span class='ocrx_word' id='word_1_227' title='bbox 2434 3808 2768 3913; x_wconf 84' lang='grc' dir='ltr'>ῥήτορας,</span> <span class='ocrx_word' id='word_1_228' title='bbox 2809 3810 2884 3890; x_wconf 77' lang='grc' dir='ltr'>οἳ</span> <span class='ocrx_word' id='word_1_229' title='bbox 2923 3815 3018 3917; x_wconf 83' lang='grc' dir='ltr'>τῇ</span> <span class='ocrx_word' id='word_1_230' title='bbox 3046 3848 3129 3909; x_wconf 79' lang='lat'>²5</span> 
     </span>
     <span class='ocr_line' id='line_1_28' title="bbox 614 3928 3012 4039; baseline 0.001 -27"><span class='ocrx_word' id='word_1_231' title='bbox 614 3938 761 4012; x_wconf 83' lang='grc' dir='ltr'>τῶν</span> <span class='ocrx_word' id='word_1_232' title='bbox 816 3929 1062 4032; x_wconf 87' lang='grc' dir='ltr'>λόγων</span> <span class='ocrx_word' id='word_1_233' title='bbox 1118 3930 1461 4031; x_wconf 86' lang='grc' dir='ltr'>δεινότητι</span> <span class='ocrx_word' id='word_1_234' title='bbox 1515 3928 1600 4011; x_wconf 81' lang='grc' dir='ltr'>τό</span> <span class='ocrx_word' id='word_1_235' title='bbox 1657 3928 1961 4012; x_wconf 84' lang='grc' dir='ltr'>πιθανόν</span> <span class='ocrx_word' id='word_1_236' title='bbox 2017 3933 2126 4011; x_wconf 82' lang='grc' dir='ltr'>ἀεὶ</span> <span class='ocrx_word' id='word_1_237' title='bbox 2189 3937 2293 4039; x_wconf 80' lang='grc' dir='ltr'>τῷ</span> <span class='ocrx_word' id='word_1_238' title='bbox 2355 3933 2607 4039; x_wconf 78' lang='grc' dir='ltr'>ψεύδει</span> <span class='ocrx_word' id='word_1_239' title='bbox 2669 3936 3012 4035; x_wconf 87' lang='grc' dir='ltr'>συμπλέ-</span> 
     </span>
     <span class='ocr_line' id='line_1_29' title="bbox 616 4052 3016 4163; baseline 0.003 -29"><span class='ocrx_word' id='word_1_240' title='bbox 616 4087 876 4152; x_wconf 87' lang='grc' dir='ltr'>κοντες,</span> <span class='ocrx_word' id='word_1_241' title='bbox 927 4058 1055 4154; x_wconf 80' lang='grc' dir='ltr'>τῆς</span> <span class='ocrx_word' id='word_1_242' title='bbox 1110 4055 1448 4154; x_wconf 89' lang='grc' dir='ltr'>ἀληθείας</span> <span class='ocrx_word' id='word_1_243' title='bbox 1503 4055 1697 4163; x_wconf 74' lang='grc' dir='ltr'>αὐτῷ</span> <span class='ocrx_word' id='word_1_244' title='bbox 1752 4052 1885 4153; x_wconf 83' lang='grc' dir='ltr'>τὴν</span> <span class='ocrx_word' id='word_1_245' title='bbox 1940 4054 2239 4156; x_wconf 85' lang='grc' dir='ltr'>δόκησιν</span> <span class='ocrx_word' id='word_1_246' title='bbox 2291 4065 2682 4158; x_wconf 88' lang='grc' dir='ltr'>περιποιεῖν</span> <span class='ocrx_word' id='word_1_247' title='bbox 2733 4057 3016 4140; x_wconf 82' lang='grc' dir='ltr'>ἐσπου-</span> 
     </span>
    </p>
   </div>
   <div class='ocr_carea' id='block_1_7' title="bbox 616 4176 3022 4409">
    <p class='ocr_par' dir='ltr' id='par_1_7' title="bbox 616 4176 3022 4409">
     <span class='ocr_line' id='line_1_30' title="bbox 617 4176 3012 4286; baseline 0.003 -31"><span class='ocrx_word' id='word_1_248' title='bbox 617 4176 851 4279; x_wconf 69' lang='grc' dir='ltr'>δαζὸν·</span> <span class='ocrx_word' id='word_1_249' title='bbox 929 4214 1396 4286; x_wconf 78' lang='grc' dir='ltr'>γραμματεας</span> <span class='ocrx_word' id='word_1_250' title='bbox 1432 4178 1507 4259; x_wconf 89' lang='grc' dir='ltr'>δε</span> <span class='ocrx_word' id='word_1_251' title='bbox 1545 4176 1740 4279; x_wconf 83' lang='grc' dir='ltr'>οἶμαι</span> <span class='ocrx_word' id='word_1_252' title='bbox 1786 4212 1953 4263; x_wconf 90' lang='grc' dir='ltr'>τους</span> <span class='ocrx_word' id='word_1_253' title='bbox 1988 4179 2541 4282; x_wconf 81' lang='grc' dir='ltr'>γραμματιστὰς</span> <span class='ocrx_word' id='word_1_254' title='bbox 2575 4180 2733 4282; x_wconf 78' lang='grc' dir='ltr'>ἤτοι</span> <span class='ocrx_word' id='word_1_255' title='bbox 2769 4217 3012 4286; x_wconf 87' lang='grc' dir='ltr'>γραμ-</span> 
     </span>
     <span class='ocr_line' id='line_1_31' title="bbox 616 4301 3022 4409; baseline 0.003 -29"><span class='ocrx_word' id='word_1_256' title='bbox 616 4336 981 4401; x_wconf 88' lang='grc' dir='ltr'>ματικους,</span> <span class='ocrx_word' id='word_1_257' title='bbox 1053 4301 1156 4387; x_wconf 83' lang='grc' dir='ltr'>οἷς</span> <span class='ocrx_word' id='word_1_258' title='bbox 1229 4301 1320 4403; x_wconf 86' lang='grc' dir='ltr'>ἦν</span> <span class='ocrx_word' id='word_1_259' title='bbox 1383 4303 1541 4388; x_wconf 80' lang='grc' dir='ltr'>ἔθος</span> <span class='ocrx_word' id='word_1_260' title='bbox 1616 4302 1748 4387; x_wconf 84' lang='grc' dir='ltr'>τὰς</span> <span class='ocrx_word' id='word_1_261' title='bbox 1817 4309 1964 4382; x_wconf 88' lang='grc' dir='ltr'>τῶν</span> <span class='ocrx_word' id='word_1_262' title='bbox 2034 4310 2354 4403; x_wconf 88' lang='grc' dir='ltr'>ποιητῶν</span> <span class='ocrx_word' id='word_1_263' title='bbox 2423 4305 3022 4409; x_wconf 79' lang='grc' dir='ltr'>περιεργάζεσθαι</span> 
     </span>
    </p>
   </div>
   <div class='ocr_carea' id='block_1_8' title="bbox 614 4425 3131 4660">
    <p class='ocr_par' dir='ltr' id='par_1_8' title="bbox 614 4425 3131 4660">
     <span class='ocr_line' id='line_1_32' title="bbox 615 4425 3131 4539; baseline 0.004 -35"><span class='ocrx_word' id='word_1_264' title='bbox 615 4425 1058 4532; x_wconf 81' lang='grc' dir='ltr'>συγγραφὰς</span> <span class='ocrx_word' id='word_1_265' title='bbox 1108 4427 1224 4506; x_wconf 82' lang='grc' dir='ltr'>καὶ</span> <span class='ocrx_word' id='word_1_266' title='bbox 1281 4427 1754 4530; x_wconf 81' lang='grc' dir='ltr'>διερμηνεύειν</span> <span class='ocrx_word' id='word_1_267' title='bbox 1808 4434 1955 4511; x_wconf 84' lang='grc' dir='ltr'>τοῖς</span> <span class='ocrx_word' id='word_1_268' title='bbox 2012 4426 2214 4512; x_wconf 83' lang='grc' dir='ltr'>νέοις·</span> <span class='ocrx_word' id='word_1_269' title='bbox 2284 4429 2654 4539; x_wconf 80' lang='grc' dir='ltr'>συζητητάς</span> <span class='ocrx_word' id='word_1_270' title='bbox 2701 4432 2795 4512; x_wconf 81' lang='grc' dir='ltr'>δέ</span> <span class='ocrx_word' id='word_1_271' title='bbox 2826 4438 3021 4538; x_wconf 91' lang='grc' dir='ltr'>φησι</span> <span class='ocrx_word' id='word_1_272' title='bbox 3045 4473 3131 4531; x_wconf 84' lang='lat'>30</span> 
     </span>
     <span class='ocr_line' id='line_1_33' title="bbox 614 4548 3016 4660; baseline 0.003 -31"><span class='ocrx_word' id='word_1_273' title='bbox 614 4549 778 4634; x_wconf 79' lang='grc' dir='ltr'>τοὺς</span> <span class='ocrx_word' id='word_1_274' title='bbox 838 4556 1272 4656; x_wconf 86' lang='grc' dir='ltr'>λογομαχεῖν</span> <span class='ocrx_word' id='word_1_275' title='bbox 1309 4548 1643 4636; x_wconf 75' lang='grc' dir='ltr'>εἰωθότας</span> <span class='ocrx_word' id='word_1_276' title='bbox 1699 4554 1818 4632; x_wconf 84' lang='grc' dir='ltr'>καὶ</span> <span class='ocrx_word' id='word_1_277' title='bbox 1872 4552 2202 4660; x_wconf 75' lang='grc' dir='ltr'>ἀκριβείᾳ</span> <span class='ocrx_word' id='word_1_278' title='bbox 2238 4555 2450 4654; x_wconf 84' lang='grc' dir='ltr'>δῆθεν</span> <span class='ocrx_word' id='word_1_279' title='bbox 2480 4559 2627 4634; x_wconf 88' lang='grc' dir='ltr'>τῶν</span> <span class='ocrx_word' id='word_1_280' title='bbox 2662 4554 3016 4660; x_wconf 79' lang='grc' dir='ltr'>πραγμά-</span> 
     </span>
    </p>
   </div>
  </div>
 </body>
</html>
