3269 5166
254 343 442 409 xviii.
460 347 610 428 4-6.
704 346 820 411 IN
880 347 948 412 S.
996 346 1510 412 JOANNEM.
1602 346 1796 412 LIB.
1844 347 1967 412 XI.
2059 346 2262 413 CAP.
2295 346 2456 413 XII.
2585 350 2667 413 19

254 508 388 588 τὸν
455 513 579 590 ’ἐν
613 516 718 617 τῶ
762 515 926 618 ἱερῷ
969 496 1134 591 καθ’
1171 511 1478 615 ἡμέραν’
1482 511 2007 608 ’διδάσκοντα,
2045 509 2229 590 κατὰ
2276 509 2408 610 τὴν
2444 511 2664 590 αὐτοῦ
2757 514 3009 647 {¹²22}-

252 642 386 713 τοῦ
438 638 778 737 Σωτῆρος
834 634 1132 741 φωνήν·
1111 697 1134 732 ,
1210 634 1412 736 πλὴν
1471 635 1587 715 ἵνα
1647 635 1829 736 μηδὲ
1886 643 2035 720 τοῖς
2089 634 2430 719 τοιούτοις
2485 631 2667 717 τινες

252 756 881 860 ἔπιθαρσήσαντες
942 756 1208 862 λόγοις,
1267 760 1407 866 ἔξω
1467 795 1611 841 που
1672 769 1801 839 τοῦ
1862 760 2257 863 πρέποντος
2317 759 2666 863 ε”ρχωνται

255 892 646 985 λογισμοῦ,
682 884 1262 991 προαναβλέψας
1307 885 1347 962 5
1387 885 1778 969 θεσπέσιος
1817 881 2370 987 Εὐαγγελιοτὴς
2422 917 2661 987 προσ·

174 1029 220 1091 5
250 1008 566 1087 τέθεικεν
637 1009 1060 1110 ἀναγκαίως,
1136 1042 1247 1088 οτι
1324 1006 1468 1088 σὺν
1537 1016 1686 1092 τοῖς
1778 1008 2251 1109 στρατιώταις
2326 1042 2444 1088 και
2517 1014 2667 1092 τοῖς
2690 1049 2729 1090 a
2753 1033 3011 1091 1014Δ.

250 1130 640 1234 ὑπηρέταις
692 1134 972 1227 εἱστήκει
1020 1169 1142 1214 και
1192 1129 1453 1220 Ἰούδας
1505 1143 1534 1214 ὁ
1589 1129 2004 1240 παραδιδους
2042 1135 2260 1213 αὐτόν.
2324 1165 2475 1211 ειτα
2510 1137 2668 1215 πῶς

246 1251 621 1357 ἠγνόησεν
670 1253 762 1335 ἀν
800 1257 840 1335 5
876 1258 1231 1359 προδότης
1287 1256 1416 1338 τὸν
1455 1256 1778 1361 Κύρων·
1759 1320 1779 1355 ,
1843 1258 2013 1337 ἀλλ’
2053 1259 2229 1354 ε’ρεΐς
2280 1254 2369 1354 δὴ
2420 1251 2667 1354 πάλιν,

250 1382 369 1460 ὅτι
427 1379 568 1487 νῦξ
615 1379 706 1482 ἦν
743 1383 860 1461 καὶ
910 1381 1196 1479 σκότος,
1235 1385 1354 1462 καὶ
1406 1382 1534 1461 οὐκ
1581 1379 1673 1481 ἦν
1710 1383 2007 1478 ἑτοίμως
2043 1384 2215 1460 ἰδεῖν
2246 1377 2374 1459 τὸν
2411 1378 2661 1482 ζητού-

254 1538 496 1601 μενον.
562 1501 714 1584 εἶτα
749 1512 907 1590 πῶς
944 1508 1071 1586 οὐκ
1106 1503 1553 1613 ἀξιάγαστος
1591 1508 1631 1585 5
1670 1515 1799 1587 τοῦ
1833 1506 2132 1602 βιβλίου
2169 1501 2667 1610 συγγραφεὺς,

133 1664 225 1707 10
253 1627 711 1731 ἀπρονόητον
745 1629 874 1708 οὐκ
927 1630 1137 1734 ἀφεὶς
1186 1628 1347 1709 οὐδὲ
1385 1628 1467 1709 τὸ
1515 1633 1702 1710 οὕτω
1736 1628 1992 1732 μικρόν
2021 1662 2042 1724 ;
2113 1628 2341 1732 εἴρηκε
2379 1626 2525 1730 γὰρ
2561 1627 2672 1709 ὅτι

248 1751 536 1859 φανοὺς
590 1754 707 1831 καὶ
758 1755 981 1858 δᾷδας
1037 1751 1400 1857 ἀψάμενοι
1451 1758 1553 1860 τῷ
1603 1751 1812 1861 κήπῳ
1863 1751 2360 1855 προσέβαλον.
2442 1761 2663 1831 λελυ-

247 1873 475 1976 μένης
529 1883 913 1979 τοιγαροῦν
968 1879 1083 1957 καὶ
1140 1880 1267 1976 τῆς
1323 1879 1437 1957 ἐπὶ
1492 1876 1769 1961 τούτοις
1819 1878 2340 1980 εὑρεσιλογίας,
2378 1872 2464 1955 τὸ
2515 1881 2674 1955 θεο-

246 1999 524 2103 πρεπές
584 1999 869 2107 ἀξίωμα
928 2001 1371 2106 διαφαίνεται
1430 2009 1558 2081 τοῦ
1616 2006 1973 2105 Χριστοῦ,
2030 1999 2283 2081 ἑαυτὸν
2343 1997 2476 2099 μὲν
2526 2006 2675 2085 τοῖς

251 2124 556 2230 ζητοῦσι
600 2122 1126 2229 προσάγοντος,
1164 2121 1265 2223 μὴ
1301 2124 1444 2225 μὴν
1480 2124 1583 2204 ε”τι
1629 2130 1746 2204 καὶ
1797 2124 2476 2227 ἐπιγινωσκομένου.
2554 2123 2669 2203 ἵνα
2693 2141 2738 2205 b

134 2282 222 2343 15
251 2248 406 2352 γὰρ
442 2258 656 2330 τοῦτο
693 2248 1062 2333 παθόντας
1099 2248 1389 2355 ἐλέγξῃ,
1448 2248 1533 2330 τὸ
1583 2248 1685 2349 μὴ
1722 2250 2085 2331 δύνασθαί
2117 2258 2304 2353 φημι
2341 2247 2672 2350 διαγινώ-

251 2408 465 2454 σκειν
520 2371 757 2471 αὐτὸν,
805 2371 892 2454 τό
946 2374 1137 2476 Ἐγώ
1191 2377 1336 2477 εἰμί
1381 2381 1613 2479 φησιν
1669 2376 1985 2477 ἐναργῶς
2001 2433 2017 2451 .
2095 2374 2265 2454 ἀλλ’
2322 2373 2440 2453 ἵνα
2493 2371 2676 2475 πρὸς

249 2498 493 2607 τούτῳ
554 2500 673 2577 καὶ
746 2494 832 2578 τὸ
906 2501 1033 2597 τῆς
1105 2498 1569 2603 πολυχειρίας
1639 2497 1866 2577 ἕωλον
1941 2496 2306 2605 ἀποφήνῃ,
2365 2498 2482 2577 καὶ
2542 2495 2675 2595 τὴν

250 2620 533 2707 παντὸς
581 2621 967 2725 ἀνθρώπου
1019 2622 1320 2722 δύναμιν
1369 2622 1574 2702 οὐδὲν
1622 2624 1853 2703 οὖσαν
1909 2629 2304 2722 παντελῶς,
2348 2626 2446 2706 ὡς
2492 2620 2674 2719 πρὸς

252 2746 392 2847 τὴν
431 2747 739 2852 ἅρῥητόν
795 2781 873 2827 τε
926 2749 1042 2826 καὶ
1101 2746 1299 2826 θείαν
1352 2745 1586 2852 ἰσχὺν,
1626 2746 1835 2856 πράῳ
1886 2782 1959 2827 τε
2013 2749 2130 2828 καὶ
2180 2746 2419 2854 ἡμέρῳ
2472 2745 2675 2853 λόγῳ

146 2909 234 2951 20
255 2873 883 2975 προσδιαλεχθεὶς,
921 2870 1562 2973 καταστρώννυσιν
1600 2874 1695 2956 εὶς
1744 2875 1885 2973 γῆν
1922 2879 2067 2951 τῶν
2116 2872 2512 2974 ζητούντων
2547 2868 2677 2950 τὸν

254 2994 512 3100 ὄχλον,
548 2994 632 3073 ἵν’
674 2997 895 3074 ἐκεῖνο
942 2993 1301 3093 μάθωμεν,
1342 2992 1453 3073 ὅτι
1499 3001 1646 3073 τῶν
1680 3001 1998 3096 γενητῶν
2036 2995 2080 3094 ἡ
2121 2996 2340 3100 φύσις
2387 2992 2666 3098 ἀφορή·

252 3154 405 3204 τως
440 3119 714 3223 ἔχουσα
756 3121 873 3199 καὶ
919 3114 1105 3220 πρὸς
1139 3117 1262 3197 ἕνα
1298 3127 1427 3199 τοῦ
1466 3124 1660 3200 Θεοῦ
1709 3116 1958 3219 λόγον,
1996 3121 2111 3196 καὶ
2147 3126 2359 3198 τοῦτο
2397 3114 2669 3221 φιλάν-
2699 3144 2736 3187 e

253 3250 580 3346 θρωπον,
617 3248 771 3326 πῶς
824 3240 913 3320 ἂν
971 3241 1207 3348 διοίσῃ
1261 3238 1397 3341 τὴν
1448 3239 1775 3341 ἀπειλὴν,
1826 3240 2010 3321 κατὰ
2065 3240 2151 3321 τὸ
2219 3243 2294 3320 ἐν
2347 3247 2674 3347 ψαλμοῖς

252 3366 627 3469 εἰρημένον
663 3376 707 3414 “
735 3365 842 3445 Σῦ
879 3365 1195 3473 φοβερὸς
1232 3364 1315 3457 εἷ,
1356 3369 1472 3447 καὶ
1510 3366 1615 3451 τίς
1653 3365 2170 3466 ἀντιστήσεταί
2201 3400 2326 3445 σοι
2362 3362 2506 3447 ἀπὸ
2544 3371 2673 3466 τῆς
2762 3380 2849 3497 ξ’·
2869 3379 3008 3436 ¹¹¹*-

252 3501 306 3538 “
344 3492 569 3593 ὀργῆς
616 3524 760 3570 σου
783 3491 861 3587 ;”
936 3497 1239 3589 σημεῖον
1296 3489 1370 3570 δὲ
1429 3488 1681 3593 ὥσπερ
1737 3494 1866 3590 τῆς
1926 3490 2246 3571 καθόλου
2296 3489 2674 3591 νοουμένης
2797 3483 2813 3500 ’

250 3623 392 3695 τοῦ
431 3613 674 3700 ἔθνους
717 3613 1269 3711 καταπτῶσεως,
1309 3620 1773 3714 οἰκονομεῖται
1810 3612 1894 3694 τὸ
1927 3613 2216 3717 μερικὸν
2252 3618 2368 3694 καὶ
2405 3613 2489 3694 τὸ
2527 3622 2676 3700 τοῖς

252 3741 379 3821 ε’πὶ
418 3737 550 3838 τὴν
583 3738 974 3843 σύλληψιν
1008 3740 1310 3818 ἐλθοῦσι
1346 3736 1837 3839 συμβεβηκός.
1911 3743 2029 3818 καὶ
2079 3747 2257 3840 γοῦν
2293 3739 2678 3825 ΗῙουδαιους

256 3865 305 3943 5
339 3861 721 3969 προφήτης
755 3862 1099 3966 Ἱερεμιας
1143 3865 1714 3967 κατολοφύρεται
1753 3862 1989 3965 λεγων
2037 3874 2081 3910 “
2111 3860 2334 3946 Οικος
2366 3861 2677 3965 Ἰσραὴλ
2766 3867 2928 3996 *ἔξω
2944 3880 2993 3913 v.

258 3987 625 4085 “ἕπεσεν,
691 3987 821 4067 οὐκ
877 3985 1078 4066 ἔστιν
1144 3987 1184 4066 5
1251 3986 1693 4086 ἀναστήσων
1760 3985 2027 4067 αὐτόνῖ
2118 3987 2222 4086 εἴη
2290 3988 2349 4064 δ’
2414 3982 2503 4064 ἀν
2560 3987 2675 4066 καὶ

148 4147 232 4206 30
256 4108 471 4191 εἰκὼν
525 4110 920 4212 ἀναγκαίου
973 4109 1401 4213 πράγματος
1453 4110 1538 4190 τὸ
1593 4107 2079 4212 συμβεβηκός.
2160 4109 2475 4191 διδάσκει
2532 4107 2676 4213 γάρ
2702 4125 2746 4190 d

257 4270 375 4316 οτι
443 4237 659 4316 παντὶ
742 4240 848 4340 τῶ
939 4233 1462 4337 πονηρεύεσθαι
1541 4235 1724 4315 κατὰ
1797 4240 2129 4339 Χριστοῦ
2199 4233 2680 4335 μελετήσαντι

254 4393 501 4458 πάντη
546 4392 622 4438 ΤΕ
669 4393 789 4438 Καί
836 4355 1125 4444 πάντως
1167 4359 1627 4440 ἀποκείσεται
1672 4393 1757 4439 ΤΟ
1801 4393 2070 4442 πεσεῖν.

340 4541 426 4599 15.
462 4526 724 4583 παθόντας
748 4523 942 4596 ἐλέγξῃ
966 4535 1309 4599 assumptum
1335 4543 1401 4580 ex
1426 4524 1493 4580 Ε.
2063 4541 2188 4615 29.
2224 4525 2381 4580 αὐτόν
2402 4542 2513 4581 om.
2540 4521 2684 4579 catt,

262 4597 776 4673 31.μελετῆσαντες
804 4595 871 4652 E.
1340 4613 1431 4669 32.
1466 4596 1801 4654 ἀποκείσεται
1825 4595 1971 4653 Catt.
1997 4595 2225 4653 acciverat
2249 4595 2356 4652 Ed.

1457 4697 1571 4745 D2
