3269 5166
225 365 335 409 xx.
364 365 465 434 19,
493 366 598 416 20.
691 346 801 411 IN
860 346 929 411 S.
962 342 1484 411 JOANNEM.
1561 342 1757 409 LIB.
1789 343 1953 409 XII.
2031 344 2237 411 CAP.
2269 344 2326 412 Ι.
2524 345 2651 409 127

231 509 487 616 φύσιν,
546 514 665 591 καὶ
724 511 860 617 οὐχ
914 509 1151 612 ἔτερος
1208 510 1377 613 παρ’
1434 510 1700 589 ἐκεῖνον
1754 508 1881 590 τὸν
1938 512 2178 596 αὐτοῖς
2246 511 2362 590 καὶ
2420 506 2654 590 πάλαι

231 634 863 734 συνδιαιτώμενον·
962 633 1082 715 διὰ
1144 632 1220 713 δὲ
1281 641 1411 713 τοῦ
1471 636 1589 714 καὶ
1652 634 1874 734 αὐτὴν
1935 636 2465 736 ἀπογυμνῶσαι
2522 640 2671 751 τοῦι

234 755 582 858 σώματος
625 757 760 859 τὴν
795 756 1123 862 πλευρὰν
1162 759 1279 837 καὶ
1329 756 1495 842 τοὺς
1544 758 1812 843 τύπους
1855 759 2199 866 ἐπιδεῖξαι
2223 763 2386 839 τῶν
2420 759 2647 860 ἥλων,

234 881 891 988 πεπληροφόρηκεν
946 885 1286 990 ἐμφανῶς
1344 880 1455 961 ὅτι
1516 880 1647 962 τὸν
1700 883 1806 964 ἐπ’
1833 884 2085 964 ·αὐτοῦ
2141 891 2270 965 τοῦ
2330 891 2652 988 σταυροῦ

168 1018 209 1081 5
237 1007 816 1110 κεκρεμασμένον
849 1005 1088 1109 ἤγειρε
1132 1005 1325 1103 ναὸν,
1364 1007 1481 1087 καὶ
1531 1004 1707 1110 ὅπερ
1754 1003 2109 1113 πεφόρεκε
2159 1013 2399 1108 σῶμα,
2437 1015 2650 1087 τοῦτο

233 1130 465 1212 πάλιν
520 1130 901 1231 ἀνέστησε,
951 1128 1417 1235 καταργήσας
1473 1128 1809 1230 δηλονότι
1862 1129 1992 1212 τὸν
2044 1137 2137 1238 τῇ
2193 1134 2415 1236 σαρκὶ
2468 1132 2646 1235 πρέ-

234 1288 473 1337 ποντα
537 1253 872 1355 θάνατον,
931 1254 1217 1359 ἐπείπερ
1281 1256 1441 1335 ἐστὶ
1502 1253 1688 1335 κατὰ
1753 1253 1983 1360 φύσιν
2041 1253 2184 1358 ζωὴ
2249 1260 2368 1337 καὶ
2432 1253 2645 1342 Θεός.
2675 1290 2713 1335 ο

234 1381 391 1463 ἐπεὶ
428 1381 534 1463 τίς
572 1380 617 1479 ἡ
653 1381 861 1486 χρεία
895 1383 1022 1480 τῆς
1061 1384 1207 1459 τῶν
1244 1383 1504 1485 χειρῶν
1541 1379 1660 1458 καὶ
1695 1382 1822 1478 τῆς
1858 1386 2176 1483 πλευρᾶς
2218 1380 2647 1487 ἐπιδείξεως,

237 1502 436 1608 εἴπερ
490 1503 682 1589 ὅλως
736 1505 917 1586 κατὰ
971 1502 1105 1604 τήν
1156 1537 1371 1585 τινων
1426 1502 1852 1606 ἀβελτερίαν
1909 1503 1993 1583 οὐ
2049 1501 2233 1605 μετὰ
2288 1507 2415 1604 τῆς
2473 1503 2657 1589 ἰδίας

129 1657 213 1701 10
237 1624 618 1732 ἐγήγερται
675 1627 996 1732 σαρκός;
1072 1635 1132 1710 εἶ
1196 1625 1343 1731 γὰρ
1406 1626 1647 1732 ἕτερόν
1712 1662 1783 1707 τι
1845 1630 2012 1730 περὶ
2075 1629 2294 1709 αὐτοῦ
2361 1634 2655 1735 φρονεῖν

237 1752 561 1853 ἠθέλησε
617 1750 783 1838 τοὺς
835 1752 1185 1854 μαθητὰς,
1220 1753 1298 1833 τί
1345 1748 1446 1852 μὴ
1502 1758 1799 1853 μᾶλλον
1832 1753 2070 1839 αὐτοῖς
2118 1756 2196 1833 ἐν
2237 1754 2455 1862 ἑτέρῳ
2503 1758 2650 1835 διε-

241 1879 539 2031 φαίνετο
594 1877 942 2030 σχήματι,
988 1882 1107 1959 καὶ
1161 1874 1246 1959 τὸ
1295 1880 1423 1977 τῆς
1481 1874 1755 1981 σαρκὸς
1811 1877 2173 1976 ἀτιμάσας
2227 1874 2427 1975 εἶδος,
2472 1876 2657 1981 πρὸς

240 2003 551 2104 ἑτεροίας
614 2001 874 2087 αὐτοὺς
935 2004 1205 2088 ἐννοίας
1269 2001 1551 2083 ἐκάλει·
1531 2060 1553 2098 ,
1639 2035 1791 2081 νυνι
1854 2000 1932 2081 δὲ
1994 2009 2348 2083 τοσοῦτον
2404 2004 2656 2106 ὁρᾶται

240 2126 733 2278 πεφροντικως
778 2136 907 2210 τοῦ
953 2131 1213 2234 χρῆναι
1260 2126 1629 2209 πιστεύειν
1666 2125 1968 2206 ἔσεσθαι
2020 2130 2149 2227 τῆς
2201 2125 2474 2230 σαρκὸς
2521 2127 2657 2228 τὴν

137 2277 217 2341 15
243 2248 674 2352 ἀνάστασιν,
729 2287 922 2335 ωστε
977 2255 1094 2333 καὶ
1152 2260 1400 2355 καιροῦ
1455 2258 1854 2336 καλοῦντος
1911 2249 2050 2352 ἤδη
2107 2248 2657 2355 μετασκευάζειν

242 2378 342 2460 εἷς
392 2376 717 2484 δόξαν”
659 2375 971 2482 αῤῥητόν
1007 2411 1167 2457 τινα
1217 2379 1335 2457 καὶ
1392 2376 1725 2484 ὑπερφυᾶ
1771 2410 1857 2456 το
1902 2375 2079 2455 ἴδιον
2116 2383 2355 2474 σῶμα,
2396 2374 2651 2482 φαίνε·

242 2506 428 2581 σθαι
496 2499 726 2583 πάλιν
799 2500 975 2607 ὅπερ
1048 2499 1139 2603 ἦν
1202 2501 1757 2607 συγκεχώρηκεν
1823 2506 2299 2601 οἰκονομικῶς,
2365 2500 2483 2579 ἵνα
2552 2497 2656 2602 μὴ
2679 2544 2714 2587 a
2730 2528 2999 2588 1092ss

247 2626 489 2730 ἕτερον
543 2625 731 2733 ἔχων
783 2628 951 2729 παρ’
1010 2629 1231 2708 ἐκεῖνο
1291 2624 1657 2729 νομίζηται
1722 2629 1799 2707 ἐν
1852 2622 1912 2735 ᾧ
1972 2629 2090 2706 καὶ
2151 2625 2465 2708 πέπονθε
2528 2624 2659 2708 τὸν

246 2751 363 2832 ἐπὶ
418 2756 524 2858 τῷ
577 2757 873 2860 σταυρῷ
931 2750 1266 2833 θάνατον.
1353 2751 1463 2831 ὅτι
1518 2749 1664 2855 γὰρ
1717 2751 1846 2832 οὐκ
1900 2748 1992 2832 ἂν
2041 2750 2317 2854 ἐγένετο
2373 2748 2660 2858 φορητὴ

139 2901 222 2948 ²0
245 2880 397 2959 τοῖς
452 2874 813 2979 ἡμετέροις
869 2874 1191 2978 ὄμμασιν
1245 2877 1292 2977 ἡ
1347 2883 1475 2955 τοῦ
1537 2876 1746 2978 ἁγίου
1805 2876 2145 2976 σώματος
2206 2873 2408 2983 δόξα,
2466 2875 2662 2979 εἴπερ

247 2997 477 3098 αὐτὴν
510 2999 877 3108 ἐξαπλοῦν
916 2999 1295 3102 ἠβουλήθη
1333 2999 1663 3104 Χριστὸς
1712 3035 1829 3081 και
1882 3003 2054 3104 πρὶν
2091 3002 2446 3099 ἀναβῆναι
2480 2999 2663 3103 πρὸς

247 3120 380 3202 τὸν
418 3123 733 3227 Πατέρα,
770 3122 1114 3225 συνήσεις
1170 3124 1503 3223 εὐκόλως,
1542 3123 1673 3203 τὸν
1713 3125 1791 3204 ἐν
1835 3129 1938 3231 τῷ
1987 3122 2133 3225 ὄρει
2188 3120 2364 3203 ποτὲ
2417 3157 2656 3227 παρα-

249 3247 622 3354 δειχθέντα
674 3255 822 3334 τοῖς
877 3247 1108 3351 ἁγίοις
1156 3253 1509 3349 μαθηταῖς
1557 3245 2266 3354 μετασχηματισμὸν
2310 3248 2661 3349 ἐνθυμού-

248 3405 489 3470 μενος.
563 3373 831 3481 γράφει
879 3372 1023 3476 γὰρ
1078 3374 1121 3453 5
1174 3370 1518 3477 μακάριος
1568 3378 1947 3458 Ματθαῖος
1993 3373 2035 3453 5
2075 3372 2658 3478 Εὐαγγελιστὴς,

142 3515 226 3574 ²5
252 3530 366 3577 οτι
419 3496 877 3600 παραλαβών
930 3506 1107 3577 ποτε
1143 3506 1187 3545 “
1217 3496 1500 3600 Πέτρον
1556 3500 1674 3578 καὶ
1718 3494 2070 3591 Ἰάκωβον
2124 3501 2242 3578 καὶ
2294 3496 2660 3600 Ἰωάννην,
2753 3514 2999 3597 Slffatth·

251 3631 299 3668 “
335 3620 560 3720 ἀνέβη
623 3625 722 3705 εἷς
779 3620 864 3701 τὸ
925 3619 1112 3725 ὄρος,
1170 3623 1286 3702 καὶ
1344 3621 1865 3728 μετεμορφώθη
1921 3621 2336 3724 ἔμπροσθεν
2391 3623 2660 3721 αὐτων,
2754 3597 2877 3632 xvn.
2897 3594 2938 3641 1’
2960 3595 3006 3631 π’

254 3748 457 3826 “καὶ
527 3741 825 3852 ἔλαμψε
896 3743 982 3825 τὸ
1055 3743 1455 3849 πρόσωπον
1529 3746 1751 3827 αὑτοῦ
1821 3749 1917 3830 ὡς
1990 3744 2354 3851 ἀστραπὴ,
2418 3743 2514 3827 τὰ
2588 3745 2665 3827 δὲ
2688 3764 2732 3830 b

254 3868 585 3967 “indua
639 3871 856 3950 αὐτοῦ
911 3869 1191 3973 ἐγένετο
1246 3867 1468 3951 λευκὰ
1523 3871 1700 3950 ὡσεὶ
1756 3868 2010 3975 χιων,”·
2053 3876 2122 3951 οἱ
2176 3870 2254 3951 δέ
2308 3867 2440 3971 τὴν
2495 3870 2669 3952 θέαν

254 3996 386 4074 οὐκ
424 3990 827 4096 ἐνεγκόντες
859 3993 1348 4076 πεπτώκασιν.
1410 3994 2011 4093 οἶκονομικῶτατα
2042 3995 2282 4075 τοίνυν
2318 3996 2360 4075 5
2402 3994 2670 4101 Κύριος

144 4153 233 4211 30
257 4120 461 4220 ἡμῶν
496 4116 785 4218 Ἰησοῦς
822 4118 862 4196 5
899 4117 1242 4222 Χριστὸς,
1281 4119 1481 4200 οὔπω
1532 4118 1714 4223 πρὸς
1764 4118 1989 4226 δόξαν
2026 4118 2158 4219 τὴν
2194 4120 2389 4228 αὐτῷ
2431 4154 2660 4225 χρεω·

162 4309 169 4316 .
255 4244 662 4345 στουμένην
699 4247 817 4323 καὶ
858 4242 1282 4348 πρέπουσαν
1317 4240 1447 4325 τὸν
1483 4250 1736 4325 οἰκεῖον
1768 4244 2427 4350 μεταστοιχειῶσας
2466 4241 2663 4343 ναὸν,

336 4488 420 4543 13.
457 4472 715 4526 τοσοῦτον
739 4468 804 4523 Ε.
808 4467 869 4523 F.
894 4467 998 4523 Ed.
1023 4486 1133 4541 mg.
1161 4489 1429 4525 τοσουτων
1452 4468 1556 4524 Ed.
1813 4487 1981 4541 19-24
1949 4470 2137 4538 4citat
2161 4469 2401 4525 collectio
2425 4468 2668 4523 testimo-

252 4539 800 4682 ξιὸοταέἰαῗῖξὶἰίῗοὲο
825 4538 963 4595 Cod.
990 4538 1137 4595 Mus.
1164 4538 1298 4596 Brit.
1325 4539 1494 4612 (Add.
1524 4540 1722 4612 14532)
1745 4539 1840 4596 fol.
1866 4542 1955 4608 84.
2251 4555 2332 4609 19.
2368 4539 2573 4610 φορητὰ
2600 4533 2669 4595 Ε.
