3269 5166
220 303 334 369 xii.
364 323 424 373 2.
714 306 822 370 IN
878 306 1398 373 EPISTOLAM
1457 309 1586 374 AD
1650 311 2153 378 HEBRAEOS.
2501 316 2631 380 413

226 470 518 550 κάκεῖσε
576 472 1202 576 διαρῤιπούμενον
1235 479 1616 581 μονονουχὶ
1665 476 1903 576 μεθύει
1953 482 2069 558 καὶ
2112 480 2407 577 σείεται,
2447 483 2633 561 οὕτω
2666 418 2803 483 [1²³
2829 416 2948 480 M.]

229 594 528 696 γέγονεν
560 594 606 694 ἡ
643 604 772 675 τοῦ
828 597 1100 676 δικαίου
1154 596 1388 703 ψυχή·
1465 606 1618 685 πῶς
1677 602 1802 681 οὖν
1838 602 1979 704 ἄρα
2029 601 2159 683 τὸν
2200 611 2331 683 τοῦ
2377 638 2631 706 πειρα-

231 727 432 816 σμοῦ
468 726 783 823 χειμῶνα
821 722 1172 871 νενίκηκεν
1202 754 1223 818 3
1286 726 1327 803 ὁ
1365 726 1997 824 νομομαθέστατος
2036 732 2334 813 Παῦλος
2373 728 2641 835 διδάξει

233 842 478 944 λέγων
536 845 773 925 Πίστει
836 847 1245 954 προσήνεγκε
1305 884 1410 929 τον
1467 846 1727 930 Ἰσαοῖκ
1782 852 2276 959 πειραζόμενος,
2334 854 2634 955 λογισά-
2666 891 2771 927 ver.
2794 889 2868 939 19.

173 986 209 1045 5
234 1003 434 1072 μενος
490 1004 583 1047 οτι
644 1004 764 1049 και
821 972 900 1051 ἐκ
959 971 1181 1080 νεκρῶν
1239 977 1485 1079 ὃγειροιι
1538 969 1891 1054 δόνακι-ιιι*
1863 1014 1892 1057 ο
1940 977 2139 1061 Θεος.
2220 974 2279 1055 ὦ
2333 978 2645 1060 πίστεως

238 1091 634 1192 ἑδραιότης·
708 1092 766 1172 ὦ
819 1102 1202 1196 λογισμῶν
1248 1097 1707 1200 ἀγιοπρεπῶν
1749 1097 2148 1204 ἀσφάλεια·
2231 1099 2492 1183 δέδωκε
2545 1101 2649 1206 τῷ

241 1218 416 1322 Θεῷ
451 1212 535 1295 τὸ
571 1212 811 1296 πάντα
847 1216 1200 1299 δύνασθαι
1238 1227 1657 1324 κατορθοῦν·
1719 1225 1837 1302 καὶ
1882 1223 1958 1303 τί
1996 1223 2081 1302 τὸ
2117 1226 2437 1304 ἐντεῦθεν
2466 1256 2488 1319 ;
2552 1226 2649 1307 εἷς

241 1345 452 1418 ποῖον
487 1340 682 1448 αὐτῷ
716 1340 922 1426 τέλος
964 1344 1476 1447 ἐκδεδράμηκεν
1513 1346 1558 1445 ἦ
1594 1346 1844 1431 πίστις
1869 1379 1892 1444 3
1931 1345 2017 1426 τὸ
2043 1345 2343 1450 γράμμα
2382 1343 2649 1451 διδάξει

244 1460 332 1542 τὸ
378 1462 585 1564 ἱερόν·
661 1477 706 1513 “
741 1468 1179 1548 Ἐπίστευσε
1227 1468 1392 1572 γὰρ,
1444 1473 1700 1575 φησὶν,
1746 1471 2092 1574 Ἃβραὰμ
2142 1477 2245 1578 τῷ
2297 1476 2482 1578 Θεῷ,
2533 1471 2651 1550 καὶ
2679 1489 2959 1551 Rom-iv·3·

151 1611 224 1652 10
249 1597 294 1635 “
332 1590 691 1691 ἐλογίσθη
727 1592 920 1701 αὐτῷ
954 1597 1053 1678 εἷς
1090 1592 1614 1696 δικαιοσύνην.”

361 1832 487 1898 'Oc
539 1833 685 1900 ἀντὶ
737 1841 851 1901 τῆς
905 1836 1337 1924 προκειμένης,
1392 1837 1572 1923 αὐτῷ
1617 1841 1823 1927 χαρᾶς
1876 1837 2181 1916 ὑπέμεινε
2236 1837 2536 1925 σταυρὸν,
2684 1807 2976 1960 ξεφύβ·

1015 1958 1321 2050 αἰσχύνης,
1374 1965 1903 2053 καταφρονήσας.

370 2137 696 2211 Μᾶλλον
750 2132 825 2213 δὲ
874 2129 1008 2213 ὦδε
1065 2142 1250 2215 νοεῖν
1304 2133 1749 2236 οἰκειότερον,
1801 2132 1911 2214 ὅτι
1966 2135 2193 2213 καίτοι
2248 2132 2407 2214 ἐνὸν
2467 2133 2661 2240 αὐτῷ

255 2261 403 2340 τοῖς
447 2260 577 2355 τῆς
633 2258 811 2342 ἰδίας
867 2258 1157 2363 φύσεως
1211 2257 1619 2366 ἀξιώμασιν
1667 2260 2050 2363 ἐντρυφᾶν,
2100 2261 2215 2337 καὶ
2272 2264 2424 2341 ταῖς
2480 2254 2664 2336 κατὰ

162 2404 183 2443 ¹
198 2400 232 2460 5
256 2379 555 2460 πάντων
626 2382 1076 2483 ἀσυγκρῖτως
1163 2383 1540 2487 ὑπεροχαῖς
1615 2386 2022 2485 θεοπρεπῶς
2109 2378 2655 2483 ἐναβρύνεσθαι·

255 2511 470 2583 τοῦτο
507 2502 652 2608 γὰρ
687 2501 871 2585 εἶναι’
905 2511 1143 2613 φαμεν
1178 2505 1310 2606 τὴν
1347 2504 1786 2614 προκειμένην
1823 2506 2014 2612 αὐτῷ
2050 2502 2304 2614 χαράν·
2370 2505 2660 2585 κεκένω-
2684 2534 2810 2592 124
2837 2532 2935 2590 u.

260 2663 381 2709 κεν
433 2628 687 2709 ἑαυτὸν
741 2633 975 2715 καθεὶς
1028 2633 1105 2711 ἐν
1160 2637 1307 2715 τοῖς
1363 2633 1525 2710 καθ’
1570 2630 1779 2730 ἡμᾶς,
1833 2628 1917 2708 ἵν’
1982 2629 2158 2733 ὑπὲρ
2213 2627 2482 2713 παντὸς
2534 2628 2663 2708 τὸν

260 2749 447 2832 κατὰ
503 2753 744 2856 σάρκα
800 2752 1108 2834 θάνατον
1156 2752 1494 2851 ἀνατλὰς,
1532 2752 1686 2835 εἶτα
1731 2752 2066 2854 πατήσας
2119 2752 2334 2832 αὐτὸν
2375 2751 2490 2832 διὰ
2535 2756 2665 2852 τῆς

261 2879 341 2956 ἐκ
381 2883 646 2979 νεκρῶν
677 2877 1169 2977 ἀναστάσεως,
1205 2877 1528 2977 βάσιμον
1558 2913 1677 2958 και
1713 2878 1879 2977 ἡμῖν
1906 2877 2248 2984 ἀποφήνῃ
2284 2874 2369 2956 τὸ
2405 2887 2666 2955 παλιν-

162 3019 239 3060 20
265 3004 553 3106 δρομεῖν
611 3000 965 3080 δυ’νασθαι
1029 3037 1211 3106 προς
1271 3002 1480 3106 ζωήν·
1545 3006 1663 3083 καὶ
1731 3000 1981 3106 γε’γονε
2038 3036 2168 3098 μεν
2230 3002 2421 3107 αὐτῷ
2483 2998 2670 3101 πρὸς

261 3127 610 3229 ἐντροπῆς
646 3160 720 3206 τε
759 3127 874 3205 καὶ
908 3127 1198 3233 ἀδοξίας
1233 3161 1318 3207 το
1353 3133 1630 3208 παθεῖν·
1695 3125 1930 3226 ἐπειδὴ
1990 3123 2067 3204 δὲ
2126 3123 2483 3223 ἀνέστησε
2540 3156 2668 3202 τον

265 3251 521 3329 εαυτοῦ
575 3248 768 3346 ναὸν,
823 3250 1349 3351 καινοτομήσας
1407 3285 1534 3331 τον
1589 3248 1900 3330 θάνατον
1955 3285 2071 3330 και
2133 3246 2667 3348 πλεονεκτήσας

266 3372 403 3473 τὴν
448 3372 753 3479 φθορὰν,
791 3377 887 3456 ὦς
926 3373 1111 3459 Θεὸς
1158 3377 1235 3455 ἐκ
1273 3382 1463 3456 Θεοῦ
1513 3378 1628 3454 καὶ
1686 3380 1744 3453 εἱ
1801 3373 2077 3479 πέφηνε
2133 3370 2316 3471 μετὰ
2371 3368 2668 3473 σαρκὸς,

267 3495 354 3576 τὸ
390 3498 467 3577 ἐν
503 3498 783 3580 ἐκείνοις
818 3493 1076 3603 αἶσχος
1115 3502 1229 3578 καὶ
1266 3497 1350 3578 τὸ
1386 3501 1734 3600 ἐκτροπῆς
1770 3494 2084 3581 ἀκαλλὲς
2133 3493 2669 3600 κατηφάνισται

168 3661 244 3721 25
269 3628 418 3705 τοῖς
475 3620 842 3726 δευτέροις,
904 3625 1022 3702 καὶ
1077 3621 1506 3729 δεδόξασται
1562 3621 1680 3702 διὰ
1733 3620 1864 3722 τὴν
1921 3616 2330 3700 ἀνάστασιν
2386 3621 2426 3698 ὁ
2472 3617 2668 3717 Υἱὸς,

270 3747 502 3826 καίτοι
546 3744 691 3847 πρὸ
739 3747 954 3846 αὐτῆς
997 3744 1126 3827 τὸν
1161 3744 1588 3846 ἀτιμότατόν
1624 3780 1701 3826 τε
1737 3748 1853 3824 καὶ
1888 3747 2115 3823 ἀκλεᾶ
2169 3739 2269 3844 μὴ
2306 3741 2661 3847 παρωσά-

271 3904 486 3968 μενος
521 3868 831 3951 θάνατον
867 3869 983 3951 διὰ
1019 3869 1149 3970 τὴν
1187 3869 1514 3951 ἑκούσιον
1550 3867 1875 3950 κένωσιν.

348 4122 399 4178 7.
436 4109 498 4162 τὸ
520 4107 672 4178 priua
696 4107 878 4163 omisit
904 4106 1102 4190 Maipa.
1444 4122 1526 4162 10.
1565 4104 1937 4177 Sequebatur
1923 4121 1980 4158 ln
2004 4121 2056 4158 v.
2084 4103 2153 4175 38
2179 4103 2490 4194 (Κυρίλλου,
2516 4105 2675 4167 βασι-

273 4179 436 4241 λειον.
462 4179 848 4250 Χρυσοπόμου
881 4178 1100 4232 nomina
1132 4178 1191 4232 in
1228 4176 1466 4249 margine
1501 4176 1784 4231 exhibente
1810 4174 1946 4231 Cod.
1952 4175 1973 4244 )
1997 4175 2062 4229 El
2091 4174 2314 4230 ‘roim'
2286 4196 2466 4228 εκεινοι
2490 4174 2561 4228 ὃν
2584 4175 2678 4228 οὐκ

276 4247 340 4317 ἦν
372 4250 517 4318 ἄξιος
554 4251 585 4303 ὀ
622 4251 819 4316 κόσμος
855 4248 1177 4339 (παραχωρεῖ
1209 4249 1322 4341 γὰρ
1346 4249 1408 4302 τὸ
1441 4251 1693 4317 προῦχειν
1726 4249 1790 4316 τῇ
1827 4252 1930 4301 τῶν
1963 4245 2370 4333 κατορθωμάτων
2409 4245 2676 4312 ὑπερβολῇ

277 4341 397 4374 νικω
590 4322 792 4388 κόσμον
815 4320 871 4374 δε
904 4319 1119 4374 ἐνταῦθα
1151 4341 1271 4375 τους
1294 4341 1349 4374 εν
1371 4321 1444 4391 τῷ
1469 4320 1649 4389 κόσμῳ
1672 4316 1903 4373 νοεῖσθαι
1925 4317 2111 4385 πρέπει
2135 4316 2264 4370 haee
2289 4316 2427 4369 inter
2452 4331 2622 4368 uncos
2647 4330 2679 4367 ο

282 4344 564 4480 adyrini
570 4390 665 4446 lib.
691 4389 764 4444 vi.
790 4397 976 4444 contra
998 4388 1275 4444 Julianum
1306 4391 1618 4479 Apostatam
1650 4388 1749 4459 189
1774 4387 1853 4454 b).
1891 4388 1938 4441 εὶ
1971 4386 2063 4442 οὖν
2101 4388 2283 4440 ἐκεῖνοι
2319 4385 2403 4439 διὰ
2436 4384 2681 4453 μεγάλων

279 4389 516 4532 θλίψεων
536 4458 863 4550 πυρωθέηες
894 4461 955 4514 τὸ
990 4458 1219 4524 δοκίμιον
1217 4459 1592 4550 ἀπεδείξαντο,
1609 4461 1752 4513 οὔπω
1782 4458 1840 4512 δὲ
1873 4456 2154 4524 ἀπέλαβον,
2177 4457 2247 4524 με)
2283 4454 2426 4524 ἡμεῖς
2462 4452 2680 4508 ἐνταῦθα

282 4531 502 4603 (ry-rimo
521 4532 617 4602 τὴν
638 4530 1005 4597 ἀνταπόδοσιν,
1027 4530 1155 4600 μηδε
1181 4529 1343 4588 οὕτως
1365 4529 1501 4599 ὄμεν
1520 4529 1733 4598 πένητες
1755 4550 1825 4586 ως
1847 4533 1949 4584 τῶν
1970 4548 2163 4600 μικρων
2186 4525 2450 4595 ἐφίεσθαι.
