3269 5166
776 336 1345 403 FRAGMENTA
1398 336 2051 402 HOMILIARUM.
2490 337 2621 400 463

1319 601 1506 678 VIL
2646 630 2676 664 ο
2697 581 2850 667 Hom.
2876 628 2957 679 25.

324 766 423 846 Ὁ
460 765 792 852 πολλοὺς
846 764 1034 851 υἱοὺς
1089 773 1188 853 εἷς
1242 766 1469 874 δόξαν
1522 767 1821 870 ἀγαγὼν
1876 768 2005 847 οὐκ
2057 765 2149 847 ἂν
2204 766 2623 867 ὄλισθὴσειε
2649 794 2784 844 Eeb.
2806 793 2858 844 ii.
2882 808 2958 845 ιο.

212 897 347 969 τοῦ
408 886 585 970 εἶναι
647 889 830 970 κατὰ
890 889 1233 991 ἀλήθειαν
1274 890 1474 976 Υἱός·
1537 893 1622 971 οὐ
1681 891 1825 994 γὰρ
1879 890 2205 992 ἠμέλησε
2266 899 2394 971 τοῦ
2449 889 2623 971 εἶναι

216 1009 259 1091 ὅ
312 1014 535 1111 ε’στιν,
586 1013 764 1118 ὅπερ
819 1015 946 1095 οὐκ
1000 1013 1092 1114 ἦν
1136 1013 1471 1119 γεγονὼς,
1512 1014 1702 1114 με’νει
1761 1015 1837 1096 δὲ
1884 1015 2152 1120 Κύριος
2208 1018 2284 1096 ἐν
2341 1020 2433 1120 τῇ
2494 1022 2623 1094 τοῦ

148 1168 183 1231 5
217 1135 486 1217 δούλου
519 1145 792 1247 μορφῇ.

1312 1286 1543 1363 VIII.
2649 1305 2751 1360 111
2778 1304 2874 1360 n.

330 1454 599 1529 Νοοῖτο
636 1448 698 1527 δ’
737 1448 827 1529 ἂν
862 1447 1045 1551 πρὸς
1081 1450 1284 1550 ἡμῶν
1313 1452 1352 1530 ὁ
1389 1450 1924 1554 παραπλησίως
1960 1451 2130 1552 ἡμῖν
2163 1450 2619 1558 μετεσχηκὼς
2649 1478 2835 1529 ennio
2851 1492 2961 1529 ιιι.

219 1571 520 1672 αἵματος
554 1576 671 1653 καὶ
706 1572 1001 1676 σαρκὸς,
1040 1577 1138 1658 ὡς
1173 1574 1406 1676 ἕτερος
1442 1573 1544 1654 ὧν
1576 1575 1745 1678 παρ’
1784 1575 1968 1675 ἡμᾶς
2012 1575 2197 1656 κατὰ
2233 1577 2481 1683 φύσιν·
2537 1577 2623 1657 οὐ

215 1695 364 1798 γάρ
423 1731 535 1776 τοι
593 1697 771 1805 φαίη
834 1732 941 1782 τις
1003 1697 1092 1777 ἂν
1153 1697 1508 1806 ἀνθρώπῳ
1571 1694 1865 1796 πρέπειν
1922 1695 2007 1779 τὸ
2073 1699 2621 1803 ἀνθρωπότητος
2643 1711 2906 1828 ξθὲξῡιξὶῦ

112 1854 191 1895 ιο
213 1828 632 1926 μετασχεῖν·
690 1818 732 1901 ὃ
766 1821 911 1925 γάρ
945 1824 1102 1902 ἐστι
1136 1820 1319 1902 κατὰ
1356 1822 1604 1929 φύσιν,
1640 1828 1792 1906 πῶς
1830 1822 1921 1902 ἄν
1955 1858 2061 1908 τις
2099 1831 2329 1904 νοοῖτο
2366 1824 2621 1921 λαβὼν
2647 1855 2707 1908 77
2733 1813 2898 1903 dete-⁹
2916 1794 2967 1845 δ’

219 1946 321 2029 ὧς·
353 1944 592 2048 ἕτερον
628 1942 731 2024 ὧν
766 1979 835 2025 τι
869 1947 1038 2048 παρ’
1080 1945 1255 2048 ὅπερ
1292 1945 1458 2025 ἐστι’
1478 1978 1500 2043 3
1564 1945 1642 2025 τί
1682 1945 1773 2025 δέ
1805 1948 1964 2027 ἐστι
1998 1957 2043 1994 “
2074 1946 2625 2051 Παραπλησίως
2647 1965 2786 2017 Heb.
2806 1965 2861 2016 ii·
2886 1979 2963 2032 ¹4·

220 2078 267 2116 ‘⁶
301 2066 610 2174 μετέσχε
677 2074 823 2149 τῶν
885 2067 1182 2166 αὐτῶν,”
1236 2066 1285 2171 ἢ
1349 2068 1566 2149 ἐκεῖνό
1632 2103 1776 2149 που
1836 2070 2143 2169 πάντως,
2205 2071 2315 2150 ὅτι
2374 2070 2626 2173 γέγονε

221 2193 390 2273 καθ’
430 2192 617 2292 ἡμᾶς
651 2196 726 2272 ἐν
777 2194 1021 2292 αἵματι
1057 2195 1177 2273 καὶ
1223 2195 1466 2295 σαρκὶ,
1506 2198 1728 2292 σῶμα
1781 2192 2036 2290 λαβὼν
2090 2195 2169 2274 εἰ(
2227 2197 2356 2293 τῆς
2413 2194 2627 2295 ἁγίας

219 2314 599 2419 παρθένου,
622 2318 746 2396 οὐκ
768 2316 1085 2423 ἄψυχον,
1107 2315 1427 2420 καθάπερ
1450 2314 1654 2423 ἔδοξέ
1679 2351 1831 2397 τισι
1856 2323 2002 2397 τῶν
2021 2320 2408 2421 αἱρετικῶν,
2431 2317 2621 2424 ἐψό-

118 2469 191 2531 15
221 2438 551 2545 χωμένον
585 2438 660 2520 δὲ
704 2442 915 2546 ψυχῇ
965 2445 1244 2544 λογικῇ·
1301 2442 1421 2520 καὶ
1468 2442 1655 2521 οὕτω
1710 2444 2076 2544 προῆλθεν
2119 2440 2495 2544 ἅνθρωπος
2552 2443 2630 2522 ἐκ

218 2561 575 2668 γυναικὸς,
607 2565 733 2644 οὐκ
770 2563 1232 2669 ὀλιγωρήσας
1268 2571 1397 2645 τοῦ
1431 2560 1606 2645 εἶναι
1647 2561 1856 2664 Θεὸς,
1886 2563 2086 2645 ἀλλὰ
2120 2567 2234 2646 καὶ
2273 2567 2349 2645 ἐν
2380 2600 2625 2670 προσ-

220 2687 452 2794 λήψει
505 2687 798 2789 σαρκὸς,
835 2687 1240 2789 μεμενηκῶς
1296 2687 1471 2792 ὅπερ
1522 2686 1611 2790 ἦν
1648 2689 1801 2786 ἀεί,
1881 2687 2118 2789 ἐπειδὴ
2174 2687 2251 2769 δὲ
2304 2688 2533 2785 βαθὺς
2587 2690 2630 2769 ὁ

219 2811 472 2913 λόγος,
511 2809 833 2916 πρόσεχε
884 2811 1402 2922 διεγηγερμένῳ
1450 2812 1561 2894 νοῒ
1608 2818 1764 2896 πῶς
1799 2813 1993 2912 ἡμεῖς
2030 2810 2632 2912 κεκοινωνήκαμεν

219 2935 519 3035 αἵματος
570 2940 686 3015 καὶ
735 2935 1036 3040 σαρκός·
1094 2935 1478 3042 ἑτεροφυὴς
1532 2933 1663 3035 μὲν
1698 2933 1840 3038 γὰρ
1877 2935 1922 3035 ἦ
1967 2932 2177 3042 ψυχὴ
2225 2934 2409 3039 πρὸς
2454 2934 2631 3036 αἷμα

116 3091 197 3134 20
220 3063 341 3139 καὶ
385 3056 649 3161 σάρκα,
687 3061 855 3139 ἀλλ’
896 3065 992 3145 εἰς
1048 3060 1430 3164 ἄνθρωπον
1473 3060 1599 3139 ἕνα
1654 3059 1739 3138 δι’
1781 3061 2052 3165 ἀμφοῖν
2097 3060 2629 3156 συντεθείμεθα,

221 3189 377 3267 ταῖς
413 3191 543 3262 τοῦ
576 3182 1001 3267 πλάσαντος
1037 3182 1221 3283 ἡμᾶς
1263 3184 1666 3288 eta-exulum,
1705 3187 1802 3266 εἷς
1838 3180 2225 3289 ἅφραοτόν
2260 3216 2419 3262 τινα
2454 3216 2633 3263 συν-

221 3304 769 3411 δεδραμηκότων
844 3306 1142 3407 ἑνότητα
1205 3313 1351 3387 τῶν
1420 3305 1775 3408 ἀλλήλοις
1846 3307 2182 3386 ἐναντίων
2250 3305 2432 3386 κατὰ
2499 3302 2633 3405 τὴν

221 3429 476 3536 φύσιν.
532 3430 786 3526 βούλει
841 3431 1028 3510 καθά
1083 3437 1314 3536 φησιν
1348 3431 1689 3527 Ἡσαΐας,
1727 3430 2196 3533 μετρήσωμεν
2232 3441 2276 3478 “
2304 3436 2395 3536 τῇ
2451 3434 2631 3536 χειρὶ
2658 3456 2743 3510 Fa.
2760 3458 2830 3510 xl.
2859 3473 2935 3508 ιι.

222 3564 267 3602 “
304 3551 390 3634 τὸ
448 3554 668 3656 ὕδωρ,
728 3558 847 3634 καὶ
902 3551 1031 3634 τὸν
1083 3552 1384 3657 οὐρανὸν
1430 3559 1791 3659 σπιθαμῇ,
1843 3557 1961 3633 καὶ
2014 3560 2265 3635 πᾶσαν
2317 3553 2448 3654 τὴν
2494 3559 2634 3656 γῆν

116 3689 270 3798 ²5⁶:
306 3675 523 3780 δρακί
538 3677 605 3774 ;”
663 3677 915 3771 βούλει
967 3676 1060 3757 τὰ
1109 3677 1285 3780 ὑπὲρ
1334 3679 1517 3778 ἡμᾶς
1574 3678 1835 3777 ἴδωμεν
1883 3679 1962 3757 ἐκ
2012 3684 2157 3758 τῶν
2191 3677 2360 3759 καθ’
2398 3679 2630 3778 ἡμᾶς;

227 3802 480 3881 οὐκοῦν
513 3800 950 3903 παραθέντες
997 3807 1093 3885 εἷς
1142 3800 1595 3905 παράδειγμα
1646 3801 1886 3906 βραχὺ
1931 3799 2059 3881 τὸν
2093 3803 2172 3881 ἐκ
2220 3806 2466 3908 ψυχῆς
2516 3804 2635 3881 καὶ

226 3924 565 4021 σώματος
602 3925 1001 4028 ἄνθρωπον,
1041 3924 1617 4025 ἄναπηδήσωμεν
1652 3930 1747 4008 εἷς
1797 3924 2066 4009 ε’ννοίας
2113 3923 2244 4010 τὰς
2292 3928 2407 4006 ἐπὶ
2443 3931 2630 4029 Χρι-
2659 3951 2770 4007 112
2801 3950 2900 4010 M.

226 4053 409 4157 στῷ·
500 4048 761 4129 ἕνωσιν
828 4050 1068 4151 ἀληθῆ
1153 4048 1491 4151 γενέσθαι
1565 4046 1803 4154 φαμὲν
1875 4048 2432 4151 προσλαβόντος
2506 4057 2637 4130 τοῦ

302 4259 352 4299 1.
377 4243 761 4315 Fragmentum
784 4243 889 4298 hoc
914 4242 1064 4299 deest
1086 4251 1150 4298 ut
1173 4241 1365 4355 vidiin
1386 4242 1551 4307 Maio,
1573 4241 1880 4313 suppeditat
1896 4250 2077 4297 tamen
2094 4242 2251 4298 nobis
2272 4243 2496 4298 Niketae
2522 4242 2634 4298 He·

231 4363 525 4432 racleensis,
561 4383 628 4420 ex
652 4383 701 4420 a.
726 4372 780 4419 et
802 4364 839 4420 b
864 4364 958 4419 fol.
990 4382 1086 4432 151
1114 4383 1166 4420 v.
1203 4366 1291 4435 ὁμι
1329 4367 1385 4418 ἴε
1416 4365 1474 4419 in
1508 4382 1618 4434 mg.
1651 4364 1941 4435 praemittit
1964 4365 2041 4428 b.,
2080 4363 2148 4419 cf.
2178 4363 2380 4418 Homil.
2410 4376 2475 4433 27
2502 4361 2632 4417 cita-

228 4444 339 4488 tam
362 4452 524 4506 supra
548 4455 601 4507 p.
627 4437 752 4505 458.
1153 4449 1203 4507 7.
1241 4453 1306 4490 ex
1329 4453 1380 4490 a.
1406 4443 1459 4490 et
1482 4435 1520 4489 b
1545 4436 1639 4489 fol.
1670 4449 1764 4506 171
1794 4454 1849 4491 v.
1887 4437 2152 4505 Κυρίλλου
2176 4443 2385 4489 tantum
2410 4432 2634 4503 apponit

231 4504 287 4558 in
309 4506 548 4594 marg-ine
573 4505 647 4576 b.,
673 4505 925 4581 κυρίλλου
947 4506 1126 4576 ὁμιλία
1149 4524 1198 4562 a.
1406 4524 1461 4578 9.
1494 4504 1715 4567 βλέπειν
1737 4523 1836 4577 pro
1858 4505 2072 4574 πρέπειν
2095 4504 2152 4560 b.
2369 4519 2451 4558 11.
2488 4502 2553 4555 ὅν
2575 4502 2631 4556 b.

235 4590 320 4647 23·
353 4578 524 4646 βουλη
549 4577 609 4633 b.
911 4591 996 4648 25.
1032 4575 1202 4647 βοῦλη
1228 4575 1283 4632 b.
1573 4575 1872 4647 28—p.464,
1893 4577 1946 4631 8.
1982 4577 2109 4631 citat
2133 4574 2358 4630 Niketas
2394 4572 2538 4628 idem
2575 4573 2635 4628 in
