<?xml version="1.0" encoding="UTF-8"?>
<!DOCTYPE html PUBLIC "-//W3C//DTD XHTML 1.0 Transitional//EN"
    "http://www.w3.org/TR/xhtml1/DTD/xhtml1-transitional.dtd">
<html xmlns="http://www.w3.org/1999/xhtml" xml:lang="en" lang="en">
 <head>
  <title>
</title>
<meta http-equiv="Content-Type" content="text/html;charset=utf-8" />
  <meta name='ocr-system' content='tesseract 3.04.00' />
  <meta name='ocr-capabilities' content='ocr_page ocr_carea ocr_par ocr_line ocrx_word'/>
</head>
<body>
  <div class='ocr_page' id='page_1' title='image "./indjoannisevang00pusegoog_0126.png"; bbox 0 0 3269 5166; ppageno 0'>
   <div class='ocr_carea' id='block_1_1' title="bbox 598 344 3031 438">
    <p class='ocr_par' dir='ltr' id='par_1_1' title="bbox 598 344 3031 438">
     <span class='ocr_line' id='line_1_1' title="bbox 598 344 3031 438; baseline 0.001 -26"><span class='ocrx_word' id='word_1_1' title='bbox 598 349 726 412; x_wconf 84' lang='lat'>112</span> <span class='ocrx_word' id='word_1_2' title='bbox 1201 344 1280 410; x_wconf 91' lang='grc' dir='ltr'>Β.</span> <span class='ocrx_word' id='word_1_3' title='bbox 1327 344 1746 411; x_wconf 86' lang='lat' dir='ltr'><strong>CYRILLI</strong></span> <span class='ocrx_word' id='word_1_4' title='bbox 1809 346 2404 413; x_wconf 86' lang='lat' dir='ltr'>ALEXANDR.</span> <span class='ocrx_word' id='word_1_5' title='bbox 2627 374 2742 416; x_wconf 78' lang='lat' dir='ltr'>xx.</span> <span class='ocrx_word' id='word_1_6' title='bbox 2781 371 3031 438; x_wconf 83' lang='lat'>11-13.</span> 
     </span>
    </p>
   </div>
   <div class='ocr_carea' id='block_1_2' title="bbox 498 507 3032 662">
    <p class='ocr_par' dir='ltr' id='par_1_2' title="bbox 498 507 3032 662">
     <span class='ocr_line' id='line_1_2' title="bbox 537 507 575 550; baseline 0 0"><span class='ocrx_word' id='word_1_7' title='bbox 537 507 575 550; x_wconf 84' lang='grc' dir='ltr'>ο</span> 
     </span>
     <span class='ocr_line' id='line_1_3' title="bbox 498 563 3032 662; baseline 0.003 -30"><span class='ocrx_word' id='word_1_8' title='bbox 498 568 718 636; x_wconf 73' lang='grc' dir='ltr'>ηὨο</span> <span class='ocrx_word' id='word_1_9' title='bbox 780 564 896 634; x_wconf 80' lang='grc' dir='ltr'>οὖν</span> <span class='ocrx_word' id='word_1_10' title='bbox 955 566 1204 648; x_wconf 80' lang='grc' dir='ltr'>ἔκλαιε,</span> <span class='ocrx_word' id='word_1_11' title='bbox 1264 568 1644 657; x_wconf 77' lang='grc' dir='ltr'>παρέκυψεν</span> <span class='ocrx_word' id='word_1_12' title='bbox 1715 563 1810 634; x_wconf 69' lang='grc' dir='ltr'>εἰς</span> <span class='ocrx_word' id='word_1_13' title='bbox 1873 567 1953 636; x_wconf 84' lang='grc' dir='ltr'>τὸ</span> <span class='ocrx_word' id='word_1_14' title='bbox 2014 564 2355 651; x_wconf 72' lang='grc' dir='ltr'>μνημεῖον,</span> <span class='ocrx_word' id='word_1_15' title='bbox 2417 571 2527 637; x_wconf 83' lang='grc' dir='ltr'>καί</span> <span class='ocrx_word' id='word_1_16' title='bbox 2589 568 2842 662; x_wconf 83' lang='grc' dir='ltr'>θεωρεῖ</span> <span class='ocrx_word' id='word_1_17' title='bbox 2905 573 3032 639; x_wconf 83' lang='grc' dir='ltr'>δύο</span> 
     </span>
    </p>
   </div>
   <div class='ocr_carea' id='block_1_3' title="bbox 501 689 3033 1038">
    <p class='ocr_par' dir='ltr' id='par_1_3' title="bbox 501 689 3033 1038">
     <span class='ocr_line' id='line_1_4' title="bbox 698 689 3033 791; baseline 0.002 -29"><span class='ocrx_word' id='word_1_18' title='bbox 698 695 1012 772; x_wconf 56' lang='lat' dir='ltr'>dtr-(moue</span> <span class='ocrx_word' id='word_1_19' title='bbox 1062 696 1136 761; x_wconf 79' lang='grc' dir='ltr'>ἐν</span> <span class='ocrx_word' id='word_1_20' title='bbox 1189 689 1451 760; x_wconf 76' lang='grc' dir='ltr'>λευκοῖο</span> <span class='ocrx_word' id='word_1_21' title='bbox 1505 694 1994 784; x_wconf 68' lang='grc' dir='ltr'>καθεζομένους,</span> <span class='ocrx_word' id='word_1_22' title='bbox 2047 696 2167 762; x_wconf 75' lang='grc' dir='ltr'>ἕνα</span> <span class='ocrx_word' id='word_1_23' title='bbox 2221 697 2390 787; x_wconf 67' lang='grc' dir='ltr'>πρὸς</span> <span class='ocrx_word' id='word_1_24' title='bbox 2442 704 2526 785; x_wconf 66' lang='grc' dir='ltr'>τῇ</span> <span class='ocrx_word' id='word_1_25' title='bbox 2585 706 2857 791; x_wconf 69' lang='grc' dir='ltr'>κεφαλῇ</span> <span class='ocrx_word' id='word_1_26' title='bbox 2918 700 3033 766; x_wconf 76' lang='grc' dir='ltr'>καὶ</span> 
     </span>
     <span class='ocr_line' id='line_1_5' title="bbox 501 816 3032 912; baseline 0 -25"><span class='ocrx_word' id='word_1_27' title='bbox 501 835 575 895; x_wconf 82' lang='lat'>13</span> <span class='ocrx_word' id='word_1_28' title='bbox 699 824 815 887; x_wconf 72' lang='grc' dir='ltr'>ἕνα</span> <span class='ocrx_word' id='word_1_29' title='bbox 868 821 1035 912; x_wconf 69' lang='grc' dir='ltr'>πρὸς</span> <span class='ocrx_word' id='word_1_30' title='bbox 1086 816 1225 887; x_wconf 80' lang='grc' dir='ltr'>τοῖο</span> <span class='ocrx_word' id='word_1_31' title='bbox 1276 820 1488 900; x_wconf 77' lang='grc' dir='ltr'>ποσὶν,</span> <span class='ocrx_word' id='word_1_32' title='bbox 1539 820 1709 886; x_wconf 81' lang='grc' dir='ltr'>ὅπου</span> <span class='ocrx_word' id='word_1_33' title='bbox 1760 819 1981 886; x_wconf 81' lang='grc' dir='ltr'>ἔκειτο</span> <span class='ocrx_word' id='word_1_34' title='bbox 2029 819 2109 887; x_wconf 83' lang='grc' dir='ltr'>τὸ</span> <span class='ocrx_word' id='word_1_35' title='bbox 2164 820 2356 899; x_wconf 82' lang='grc' dir='ltr'>σῶμα</span> <span class='ocrx_word' id='word_1_36' title='bbox 2410 827 2528 888; x_wconf 83' lang='grc' dir='ltr'>τοῦ</span> <span class='ocrx_word' id='word_1_37' title='bbox 2575 823 2829 894; x_wconf 68' lang='grc' dir='ltr'>Ἰησοῦ.</span> <span class='ocrx_word' id='word_1_38' title='bbox 2917 824 3032 888; x_wconf 83' lang='grc' dir='ltr'>καί</span> 
     </span>
     <span class='ocr_line' id='line_1_6' title="bbox 700 942 2228 1038; baseline -0.002 -24"><span class='ocrx_word' id='word_1_39' title='bbox 700 949 999 1024; x_wconf 79' lang='grc' dir='ltr'>λὲΓουοιν</span> <span class='ocrx_word' id='word_1_40' title='bbox 1053 947 1219 1038; x_wconf 67' lang='grc' dir='ltr'>αὐτῷ</span> <span class='ocrx_word' id='word_1_41' title='bbox 1274 942 1516 1012; x_wconf 79' lang='grc' dir='ltr'>ἐκεῖνοι</span> <span class='ocrx_word' id='word_1_42' title='bbox 1556 943 1768 1026; x_wconf 83' lang='grc' dir='ltr'>Γύναι,</span> <span class='ocrx_word' id='word_1_43' title='bbox 1821 946 1884 1012; x_wconf 84' lang='grc' dir='ltr'>τί</span> <span class='ocrx_word' id='word_1_44' title='bbox 1937 946 2228 1032; x_wconf 51' lang='lat' dir='ltr'>«Aulam</span> 
     </span>
    </p>
   </div>
   <div class='ocr_carea' id='block_1_4' title="bbox 270 1118 3150 4466">
    <p class='ocr_par' dir='ltr' id='par_1_4' title="bbox 602 1118 3101 1600">
     <span class='ocr_line' id='line_1_7' title="bbox 700 1118 3101 1230; baseline 0.001 -28"><span class='ocrx_word' id='word_1_45' title='bbox 700 1120 960 1225; x_wconf 78' lang='grc' dir='ltr'>Ἀθρει</span> <span class='ocrx_word' id='word_1_46' title='bbox 995 1120 1083 1222; x_wconf 84' lang='grc' dir='ltr'>δὴ</span> <span class='ocrx_word' id='word_1_47' title='bbox 1119 1120 1364 1219; x_wconf 70' lang='grc' dir='ltr'>πάλιν,</span> <span class='ocrx_word' id='word_1_48' title='bbox 1398 1123 1497 1205; x_wconf 81' lang='grc' dir='ltr'>ὦς</span> <span class='ocrx_word' id='word_1_49' title='bbox 1530 1121 1661 1201; x_wconf 78' lang='grc' dir='ltr'>οὐκ</span> <span class='ocrx_word' id='word_1_50' title='bbox 1695 1123 1954 1220; x_wconf 81' lang='grc' dir='ltr'>ἀμισθὶ</span> <span class='ocrx_word' id='word_1_51' title='bbox 1989 1118 2075 1202; x_wconf 79' lang='grc' dir='ltr'>τὸ</span> <span class='ocrx_word' id='word_1_52' title='bbox 2111 1123 2231 1202; x_wconf 83' lang='grc' dir='ltr'>ἐπὶ</span> <span class='ocrx_word' id='word_1_53' title='bbox 2257 1124 2569 1230; x_wconf 72' lang='grc' dir='ltr'>Χριστῷ</span> <span class='ocrx_word' id='word_1_54' title='bbox 2606 1130 3033 1229; x_wconf 88' lang='grc' dir='ltr'>καταχεῖται</span> <span class='ocrx_word' id='word_1_55' title='bbox 3060 1144 3101 1204; x_wconf 89' lang='lat'>5</span> 
     </span>
     <span class='ocr_line' id='line_1_8' title="bbox 602 1243 3033 1352; baseline -0.001 -23"><span class='ocrx_word' id='word_1_56' title='bbox 602 1245 930 1352; x_wconf 83' lang='grc' dir='ltr'>δάκρυον,</span> <span class='ocrx_word' id='word_1_57' title='bbox 967 1249 1139 1327; x_wconf 82' lang='grc' dir='ltr'>ἀλλ’</span> <span class='ocrx_word' id='word_1_58' title='bbox 1179 1244 1342 1327; x_wconf 81' lang='grc' dir='ltr'>οὐδὲ</span> <span class='ocrx_word' id='word_1_59' title='bbox 1386 1249 1516 1345; x_wconf 87' lang='grc' dir='ltr'>τῆς</span> <span class='ocrx_word' id='word_1_60' title='bbox 1570 1249 1669 1332; x_wconf 82' lang='grc' dir='ltr'>εἶς</span> <span class='ocrx_word' id='word_1_61' title='bbox 1723 1244 1943 1326; x_wconf 76' lang='grc' dir='ltr'>αὐτὸν</span> <span class='ocrx_word' id='word_1_62' title='bbox 1978 1243 2268 1348; x_wconf 77' lang='grc' dir='ltr'>ἀγάπης</span> <span class='ocrx_word' id='word_1_63' title='bbox 2313 1246 2602 1351; x_wconf 82' lang='grc' dir='ltr'>μακρὰν</span> <span class='ocrx_word' id='word_1_64' title='bbox 2639 1248 2682 1326; x_wconf 83' lang='grc' dir='ltr'>ὁ</span> <span class='ocrx_word' id='word_1_65' title='bbox 2720 1247 3033 1352; x_wconf 79' lang='grc' dir='ltr'>καρπὸς,</span> 
     </span>
     <span class='ocr_line' id='line_1_9' title="bbox 602 1369 3036 1480; baseline -0.001 -27"><span class='ocrx_word' id='word_1_66' title='bbox 602 1373 858 1477; x_wconf 81' lang='grc' dir='ltr'>γείτων</span> <span class='ocrx_word' id='word_1_67' title='bbox 902 1371 978 1452; x_wconf 80' lang='grc' dir='ltr'>δὲ</span> <span class='ocrx_word' id='word_1_68' title='bbox 1030 1369 1281 1475; x_wconf 78' lang='grc' dir='ltr'>ὥσπερ</span> <span class='ocrx_word' id='word_1_69' title='bbox 1315 1372 1435 1451; x_wconf 79' lang='grc' dir='ltr'>καὶ</span> <span class='ocrx_word' id='word_1_70' title='bbox 1478 1369 2006 1473; x_wconf 77' lang='grc' dir='ltr'>παρεζευγμένη</span> <span class='ocrx_word' id='word_1_71' title='bbox 2042 1377 2192 1455; x_wconf 89' lang='grc' dir='ltr'>τοῖς</span> <span class='ocrx_word' id='word_1_72' title='bbox 2225 1369 2475 1456; x_wconf 84' lang='grc' dir='ltr'>πόνοις</span> <span class='ocrx_word' id='word_1_73' title='bbox 2509 1371 2771 1480; x_wconf 74' lang='grc' dir='ltr'>ἕψεται</span> <span class='ocrx_word' id='word_1_74' title='bbox 2813 1371 3036 1478; x_wconf 77' lang='grc' dir='ltr'>χάρις</span> 
     </span>
     <span class='ocr_line' id='line_1_10' title="bbox 606 1492 3030 1600; baseline -0.001 -23"><span class='ocrx_word' id='word_1_75' title='bbox 606 1501 723 1577; x_wconf 80' lang='grc' dir='ltr'>καὶ</span> <span class='ocrx_word' id='word_1_76' title='bbox 775 1499 1101 1580; x_wconf 88' lang='grc' dir='ltr'>πλουσία</span> <span class='ocrx_word' id='word_1_77' title='bbox 1160 1496 1448 1580; x_wconf 79' lang='grc' dir='ltr'>πάντως</span> <span class='ocrx_word' id='word_1_78' title='bbox 1489 1492 1880 1578; x_wconf 73' lang='grc' dir='ltr'>ἀντίδοσις.</span> <span class='ocrx_word' id='word_1_79' title='bbox 1961 1492 2114 1574; x_wconf 78' lang='grc' dir='ltr'>ἰδοὺ</span> <span class='ocrx_word' id='word_1_80' title='bbox 2160 1493 2307 1598; x_wconf 81' lang='grc' dir='ltr'>γὰρ</span> <span class='ocrx_word' id='word_1_81' title='bbox 2364 1492 2519 1575; x_wconf 77' lang='grc' dir='ltr'>ἰδοῦ</span> <span class='ocrx_word' id='word_1_82' title='bbox 2568 1499 3030 1600; x_wconf 86' lang='grc' dir='ltr'>προσεδρευ-</span> 
     </span>
    </p>

    <p class='ocr_par' dir='ltr' id='par_1_5' title="bbox 270 1616 3144 2600">
     <span class='ocr_line' id='line_1_11' title="bbox 270 1616 3035 1729; baseline 0 -27"><span class='ocrx_word' id='word_1_83' title='bbox 270 1644 438 1702; x_wconf 85' lang='grc'><strong>1081</strong></span> <span class='ocrx_word' id='word_1_84' title='bbox 455 1642 587 1701; x_wconf 54' lang='lat' dir='ltr'>Aa</span> <span class='ocrx_word' id='word_1_85' title='bbox 607 1621 796 1729; x_wconf 74' lang='grc' dir='ltr'>οὔσῃ</span> <span class='ocrx_word' id='word_1_86' title='bbox 828 1627 920 1727; x_wconf 84' lang='grc' dir='ltr'>τῇ</span> <span class='ocrx_word' id='word_1_87' title='bbox 959 1619 1293 1725; x_wconf 76' lang='grc' dir='ltr'>Μαριὰμ,</span> <span class='ocrx_word' id='word_1_88' title='bbox 1320 1622 1436 1700; x_wconf 74' lang='grc' dir='ltr'>καὶ</span> <span class='ocrx_word' id='word_1_89' title='bbox 1470 1616 1677 1729; x_wconf 75' lang='grc' dir='ltr'>πόθῳ</span> <span class='ocrx_word' id='word_1_90' title='bbox 1712 1618 1843 1717; x_wconf 77' lang='grc' dir='ltr'>μὲν</span> <span class='ocrx_word' id='word_1_91' title='bbox 1875 1618 2197 1729; x_wconf 74' lang='grc' dir='ltr'>φιλοθέῳ</span> <span class='ocrx_word' id='word_1_92' title='bbox 2234 1620 2559 1726; x_wconf 81' lang='grc' dir='ltr'>τηκούσῃ</span> <span class='ocrx_word' id='word_1_93' title='bbox 2595 1619 2682 1702; x_wconf 79' lang='grc' dir='ltr'>τὸ</span> <span class='ocrx_word' id='word_1_94' title='bbox 2721 1621 3035 1724; x_wconf 76' lang='grc' dir='ltr'>σπλάγ-</span> 
     </span>
     <span class='ocr_line' id='line_1_12' title="bbox 606 1740 3144 1854; baseline -0 -27"><span class='ocrx_word' id='word_1_95' title='bbox 606 1782 804 1854; x_wconf 87' lang='grc' dir='ltr'>χνον,</span> <span class='ocrx_word' id='word_1_96' title='bbox 862 1743 1167 1848; x_wconf 85' lang='grc' dir='ltr'>γνήσιον</span> <span class='ocrx_word' id='word_1_97' title='bbox 1221 1742 1296 1824; x_wconf 81' lang='grc' dir='ltr'>δὲ</span> <span class='ocrx_word' id='word_1_98' title='bbox 1358 1750 1463 1851; x_wconf 78' lang='grc' dir='ltr'>τῷ</span> <span class='ocrx_word' id='word_1_99' title='bbox 1517 1740 1871 1848; x_wconf 82' lang='grc' dir='ltr'>Δεσπότῃ</span> <span class='ocrx_word' id='word_1_100' title='bbox 1932 1741 2260 1849; x_wconf 73' lang='grc' dir='ltr'>τηρούσῃ</span> <span class='ocrx_word' id='word_1_101' title='bbox 2324 1741 2410 1824; x_wconf 80' lang='grc' dir='ltr'>τὸ</span> <span class='ocrx_word' id='word_1_102' title='bbox 2474 1741 2841 1851; x_wconf 85' lang='grc' dir='ltr'>φρόνημα,</span> <span class='ocrx_word' id='word_1_103' title='bbox 2905 1746 3034 1826; x_wconf 77' lang='grc' dir='ltr'>διὰ</span> <span class='ocrx_word' id='word_1_104' title='bbox 3064 1775 3144 1815; x_wconf 89' lang='lat'>10</span> 
     </span>
     <span class='ocr_line' id='line_1_13' title="bbox 607 1864 3025 1980; baseline -0.002 -24"><span class='ocrx_word' id='word_1_105' title='bbox 607 1874 857 1980; x_wconf 84' lang='grc' dir='ltr'>φωνῆς</span> <span class='ocrx_word' id='word_1_106' title='bbox 904 1871 1127 1974; x_wconf 83' lang='grc' dir='ltr'><em>ἁγίων</em></span> <span class='ocrx_word' id='word_1_107' title='bbox 1163 1866 1503 1972; x_wconf 77' lang='grc' dir='ltr'>ἀγγέλων</span> <span class='ocrx_word' id='word_1_108' title='bbox 1538 1873 1668 1948; x_wconf 90' lang='grc' dir='ltr'>τοῦ</span> <span class='ocrx_word' id='word_1_109' title='bbox 1712 1867 1875 1947; x_wconf 84' lang='grc' dir='ltr'>καθ’</span> <span class='ocrx_word' id='word_1_110' title='bbox 1914 1864 2169 1948; x_wconf 80' lang='grc' dir='ltr'>ἑαυτὸν</span> <span class='ocrx_word' id='word_1_111' title='bbox 2203 1870 2610 1972; x_wconf 85' lang='grc' dir='ltr'>μυστηρίου</span> <span class='ocrx_word' id='word_1_112' title='bbox 2646 1868 2781 1970; x_wconf 90' lang='grc' dir='ltr'>τὴν</span> <span class='ocrx_word' id='word_1_113' title='bbox 2818 1879 3025 1973; x_wconf 81' lang='grc' dir='ltr'>γνῶ-</span> 
     </span>
     <span class='ocr_line' id='line_1_14' title="bbox 607 1988 3033 2099; baseline -0.001 -21"><span class='ocrx_word' id='word_1_114' title='bbox 607 2031 734 2078; x_wconf 89' lang='grc' dir='ltr'>σιν</span> <span class='ocrx_word' id='word_1_115' title='bbox 779 1998 820 2076; x_wconf 82' lang='grc' dir='ltr'><em>ὃ</em></span> <span class='ocrx_word' id='word_1_116' title='bbox 855 1994 1114 2099; x_wconf 87' lang='grc' dir='ltr'>Σωτὴρ</span> <span class='ocrx_word' id='word_1_117' title='bbox 1157 1988 1538 2099; x_wconf 76' lang='grc' dir='ltr'>ἐχαρίζετο.</span> <span class='ocrx_word' id='word_1_118' title='bbox 1616 1993 1865 2073; x_wconf 85' lang='grc' dir='ltr'>ἐθεᾶτο</span> <span class='ocrx_word' id='word_1_119' title='bbox 1914 1989 2059 2095; x_wconf 78' lang='grc' dir='ltr'>γὰρ</span> <span class='ocrx_word' id='word_1_120' title='bbox 2111 1991 2476 2095; x_wconf 77' lang='grc' dir='ltr'>ἀγγέλους</span> <span class='ocrx_word' id='word_1_121' title='bbox 2525 1995 2603 2073; x_wconf 84' lang='grc' dir='ltr'>ἐν</span> <span class='ocrx_word' id='word_1_122' title='bbox 2648 1994 3033 2095; x_wconf 84' lang='grc' dir='ltr'>ἐσθήμασι</span> 
     </span>
     <span class='ocr_line' id='line_1_15' title="bbox 608 2113 3036 2224; baseline 0.001 -25"><span class='ocrx_word' id='word_1_123' title='bbox 608 2126 989 2224; x_wconf 80' lang='grc' dir='ltr'>λαμπροῖς,</span> <span class='ocrx_word' id='word_1_124' title='bbox 1050 2122 1179 2218; x_wconf 90' lang='grc' dir='ltr'>τῆς</span> <span class='ocrx_word' id='word_1_125' title='bbox 1250 2119 1640 2220; x_wconf 88' lang='grc' dir='ltr'>ἀγγελικῆς</span> <span class='ocrx_word' id='word_1_126' title='bbox 1715 2113 2205 2221; x_wconf 84' lang='grc' dir='ltr'>καθαρότητος</span> <span class='ocrx_word' id='word_1_127' title='bbox 2268 2116 2354 2196; x_wconf 84' lang='grc' dir='ltr'>τὸ</span> <span class='ocrx_word' id='word_1_128' title='bbox 2413 2119 3036 2222; x_wconf 77' lang='grc' dir='ltr'>εἰλικρινέστατον</span> 
     </span>
     <span class='ocr_line' id='line_1_16' title="bbox 610 2238 3033 2344; baseline 0 -18"><span class='ocrx_word' id='word_1_129' title='bbox 610 2242 886 2330; x_wconf 80' lang='grc' dir='ltr'>κάλλος</span> <span class='ocrx_word' id='word_1_130' title='bbox 941 2248 1070 2344; x_wconf 84' lang='grc' dir='ltr'>τῆς</span> <span class='ocrx_word' id='word_1_131' title='bbox 1123 2247 1271 2323; x_wconf 77' lang='grc' dir='ltr'>τῶν</span> <span class='ocrx_word' id='word_1_132' title='bbox 1327 2241 1625 2342; x_wconf 78' lang='grc' dir='ltr'>ἱματίων</span> <span class='ocrx_word' id='word_1_133' title='bbox 1683 2238 2185 2340; x_wconf 77' lang='grc' dir='ltr'>σημαινούσης</span> <span class='ocrx_word' id='word_1_134' title='bbox 2239 2246 2706 2344; x_wconf 84' lang='grc' dir='ltr'>περιστολῆς,</span> <span class='ocrx_word' id='word_1_135' title='bbox 2773 2241 2843 2323; x_wconf 75' lang='grc' dir='ltr'>οἳ</span> <span class='ocrx_word' id='word_1_136' title='bbox 2905 2249 3033 2326; x_wconf 82' lang='grc' dir='ltr'>καὶ</span> 
     </span>
     <span class='ocr_line' id='line_1_17' title="bbox 608 2363 3144 2473; baseline -0.005 -21"><span class='ocrx_word' id='word_1_137' title='bbox 608 2379 740 2452; x_wconf 91' lang='grc' dir='ltr'>τοῦ</span> <span class='ocrx_word' id='word_1_138' title='bbox 800 2375 1084 2473; x_wconf 81' lang='grc' dir='ltr'>θρηνεῖν</span> <span class='ocrx_word' id='word_1_139' title='bbox 1151 2364 1643 2450; x_wconf 80' lang='grc' dir='ltr'>ἀποπαύοντες</span> <span class='ocrx_word' id='word_1_140' title='bbox 1715 2365 2022 2467; x_wconf 82' lang='grc' dir='ltr'>λέγουσι</span> <span class='ocrx_word' id='word_1_141' title='bbox 2100 2363 2296 2447; x_wconf 74' lang='grc' dir='ltr'>Γύναι</span> <span class='ocrx_word' id='word_1_142' title='bbox 2376 2369 2450 2445; x_wconf 86' lang='grc' dir='ltr'>τί</span> <span class='ocrx_word' id='word_1_143' title='bbox 2527 2375 2854 2463; x_wconf 71' lang='grc' dir='ltr'>κλαίειςς</span> <span class='ocrx_word' id='word_1_144' title='bbox 2940 2371 3035 2448; x_wconf 81' lang='grc' dir='ltr'>οὗ</span> <span class='ocrx_word' id='word_1_145' title='bbox 3064 2394 3144 2455; x_wconf 85' lang='lat'>15</span> 
     </span>
     <span class='ocr_line' id='line_1_18' title="bbox 612 2488 3035 2600; baseline -0.001 -26"><span class='ocrx_word' id='word_1_146' title='bbox 612 2493 757 2600; x_wconf 88' lang='grc' dir='ltr'>γάρ</span> <span class='ocrx_word' id='word_1_147' title='bbox 812 2493 1044 2596; x_wconf 84' lang='grc' dir='ltr'>δήπου</span> <span class='ocrx_word' id='word_1_148' title='bbox 1092 2492 1225 2592; x_wconf 86' lang='grc' dir='ltr'>τὴν</span> <span class='ocrx_word' id='word_1_149' title='bbox 1275 2492 1506 2571; x_wconf 78' lang='grc' dir='ltr'>αἰτίαν</span> <span class='ocrx_word' id='word_1_150' title='bbox 1541 2493 1671 2591; x_wconf 87' lang='grc' dir='ltr'>τῆς</span> <span class='ocrx_word' id='word_1_151' title='bbox 1719 2496 1865 2569; x_wconf 82' lang='grc' dir='ltr'>τῶν</span> <span class='ocrx_word' id='word_1_152' title='bbox 1899 2488 2226 2593; x_wconf 82' lang='grc' dir='ltr'>δακρύων</span> <span class='ocrx_word' id='word_1_153' title='bbox 2276 2494 2693 2591; x_wconf 81' lang='grc' dir='ltr'>καταβολῆς</span> <span class='ocrx_word' id='word_1_154' title='bbox 2729 2491 3035 2600; x_wconf 81' lang='grc' dir='ltr'>ἀξιοῦσι</span> 
     </span>
    </p>

    <p class='ocr_par' dir='ltr' id='par_1_6' title="bbox 544 2612 3146 3593">
     <span class='ocr_line' id='line_1_19' title="bbox 544 2612 3037 2725; baseline -0.002 -25"><span class='ocrx_word' id='word_1_155' title='bbox 544 2626 590 2690; x_wconf 89' lang='lat' dir='ltr'>b</span> <span class='ocrx_word' id='word_1_156' title='bbox 614 2626 887 2721; x_wconf 87' lang='grc' dir='ltr'>μαθεῖν·</span> <span class='ocrx_word' id='word_1_157' title='bbox 954 2617 1228 2725; x_wconf 84' lang='grc' dir='ltr'>ᾔδεσαν</span> <span class='ocrx_word' id='word_1_158' title='bbox 1262 2615 1408 2720; x_wconf 80' lang='grc' dir='ltr'>γὰρ</span> <span class='ocrx_word' id='word_1_159' title='bbox 1443 2617 1561 2696; x_wconf 80' lang='grc' dir='ltr'>καὶ</span> <span class='ocrx_word' id='word_1_160' title='bbox 1596 2620 1657 2694; x_wconf 81' lang='grc' dir='ltr'>εἷ</span> <span class='ocrx_word' id='word_1_161' title='bbox 1693 2613 1795 2715; x_wconf 78' lang='grc' dir='ltr'>μὴ</span> <span class='ocrx_word' id='word_1_162' title='bbox 1833 2615 2034 2717; x_wconf 86' lang='grc' dir='ltr'>λε’γοι</span> <span class='ocrx_word' id='word_1_163' title='bbox 2069 2612 2291 2720; x_wconf 80' lang='grc' dir='ltr'>τυχὸν</span> <span class='ocrx_word' id='word_1_164' title='bbox 2325 2615 2371 2714; x_wconf 85' lang='grc' dir='ltr'><strong><em>ἡ</em></strong></span> <span class='ocrx_word' id='word_1_165' title='bbox 2408 2613 2615 2718; x_wconf 86' lang='grc' dir='ltr'>γυνὴ,</span> <span class='ocrx_word' id='word_1_166' title='bbox 2653 2617 2773 2695; x_wconf 78' lang='grc' dir='ltr'>καὶ</span> <span class='ocrx_word' id='word_1_167' title='bbox 2810 2616 3037 2703; x_wconf 78' lang='grc' dir='ltr'>αὐτὸς</span> 
     </span>
     <span class='ocr_line' id='line_1_20' title="bbox 614 2736 3036 2849; baseline -0.002 -22"><span class='ocrx_word' id='word_1_168' title='bbox 614 2743 692 2827; x_wconf 76' lang='grc' dir='ltr'>δὲ</span> <span class='ocrx_word' id='word_1_169' title='bbox 727 2747 768 2825; x_wconf 84' lang='grc' dir='ltr'><em>ὃ</em></span> <span class='ocrx_word' id='word_1_170' title='bbox 805 2752 934 2825; x_wconf 92' lang='grc' dir='ltr'>τοῦ</span> <span class='ocrx_word' id='word_1_171' title='bbox 978 2743 1407 2849; x_wconf 84' lang='grc' dir='ltr'>πράγματος</span> <span class='ocrx_word' id='word_1_172' title='bbox 1453 2737 1730 2824; x_wconf 80' lang='grc' dir='ltr'>σκοπὸς</span> <span class='ocrx_word' id='word_1_173' title='bbox 1779 2740 1863 2819; x_wconf 84' lang='grc' dir='ltr'>οὐ</span> <span class='ocrx_word' id='word_1_174' title='bbox 1910 2738 2205 2840; x_wconf 89' lang='grc' dir='ltr'>μετρίαν</span> <span class='ocrx_word' id='word_1_175' title='bbox 2251 2739 2342 2847; x_wconf 78' lang='grc' dir='ltr'>ἐξ</span> <span class='ocrx_word' id='word_1_176' title='bbox 2379 2739 2634 2820; x_wconf 82' lang='grc' dir='ltr'>ἑαυτοῦ</span> <span class='ocrx_word' id='word_1_177' title='bbox 2690 2736 2837 2847; x_wconf 82' lang='grc' dir='ltr'>εἶχε</span> <span class='ocrx_word' id='word_1_178' title='bbox 2893 2741 3036 2842; x_wconf 82' lang='grc' dir='ltr'>τὴν</span> 
     </span>
     <span class='ocr_line' id='line_1_21' title="bbox 614 2863 3037 2972; baseline -0.001 -22"><span class='ocrx_word' id='word_1_179' title='bbox 614 2868 960 2972; x_wconf 83' lang='grc' dir='ltr'>δήλωσιν·</span> <span class='ocrx_word' id='word_1_180' title='bbox 1033 2874 1468 2971; x_wconf 74' lang='grc' dir='ltr'>παραινοῦσι</span> <span class='ocrx_word' id='word_1_181' title='bbox 1504 2863 1579 2945; x_wconf 78' lang='grc' dir='ltr'>δὲ</span> <span class='ocrx_word' id='word_1_182' title='bbox 1614 2869 1910 2964; x_wconf 89' lang='grc' dir='ltr'>μᾶλλον</span> <span class='ocrx_word' id='word_1_183' title='bbox 1943 2870 2393 2967; x_wconf 82' lang='grc' dir='ltr'>περιστεῖλαι</span> <span class='ocrx_word' id='word_1_184' title='bbox 2431 2863 2518 2944; x_wconf 82' lang='grc' dir='ltr'>τὸ</span> <span class='ocrx_word' id='word_1_185' title='bbox 2558 2864 2892 2968; x_wconf 79' lang='grc' dir='ltr'>δάκρυον,</span> <span class='ocrx_word' id='word_1_186' title='bbox 2931 2870 3037 2952; x_wconf 83' lang='grc' dir='ltr'>ὡς</span> 
     </span>
     <span class='ocr_line' id='line_1_22' title="bbox 616 2985 3146 3102; baseline -0.003 -26"><span class='ocrx_word' id='word_1_187' title='bbox 616 2997 744 3076; x_wconf 81' lang='grc' dir='ltr'>οὐκ</span> <span class='ocrx_word' id='word_1_188' title='bbox 792 2996 868 3075; x_wconf 83' lang='grc' dir='ltr'>ἐν</span> <span class='ocrx_word' id='word_1_189' title='bbox 902 2998 1126 3102; x_wconf 75' lang='grc' dir='ltr'>καιρῷ</span> <span class='ocrx_word' id='word_1_190' title='bbox 1168 2994 1271 3100; x_wconf 74' lang='grc' dir='ltr'>τῷ</span> <span class='ocrx_word' id='word_1_191' title='bbox 1318 2989 1686 3094; x_wconf 82' lang='grc' dir='ltr'>πρέποντι,</span> <span class='ocrx_word' id='word_1_192' title='bbox 1723 2990 1840 3068; x_wconf 83' lang='grc' dir='ltr'>καὶ</span> <span class='ocrx_word' id='word_1_193' title='bbox 1884 2988 1996 3096; x_wconf 83' lang='grc' dir='ltr'>ἐφ’</span> <span class='ocrx_word' id='word_1_194' title='bbox 2038 2985 2144 3072; x_wconf 79' lang='grc' dir='ltr'>οἷς</span> <span class='ocrx_word' id='word_1_195' title='bbox 2179 2988 2444 3090; x_wconf 83' lang='grc' dir='ltr'>ἥκιστα</span> <span class='ocrx_word' id='word_1_196' title='bbox 2493 2993 2680 3093; x_wconf 88' lang='grc' dir='ltr'>χρῆν</span> <span class='ocrx_word' id='word_1_197' title='bbox 2716 2992 3035 3097; x_wconf 81' lang='grc' dir='ltr'>ἑλομένῃ</span> <span class='ocrx_word' id='word_1_198' title='bbox 3064 3038 3146 3077; x_wconf 77' lang='lat'>20</span> 
     </span>
     <span class='ocr_line' id='line_1_23' title="bbox 614 3112 3036 3263; baseline -0.002 -62"><span class='ocrx_word' id='word_1_199' title='bbox 614 3118 743 3203; x_wconf 84' lang='grc' dir='ltr'>τὸν</span> <span class='ocrx_word' id='word_1_200' title='bbox 799 3123 1085 3223; x_wconf 87' lang='grc' dir='ltr'>θρῆνον·</span> <span class='ocrx_word' id='word_1_201' title='bbox 1166 3113 1559 3215; x_wconf 84' lang='grc' dir='ltr'>λελυμένου</span> <span class='ocrx_word' id='word_1_202' title='bbox 1614 3112 1760 3263; x_wconf 79' lang='grc' dir='ltr'>γὰρ</span> <span class='ocrx_word' id='word_1_203' title='bbox 1824 3121 1955 3194; x_wconf 90' lang='grc' dir='ltr'>τοῦ</span> <span class='ocrx_word' id='word_1_204' title='bbox 2010 3112 2324 3194; x_wconf 82' lang='grc' dir='ltr'>θανάτου</span> <span class='ocrx_word' id='word_1_205' title='bbox 2383 3117 2500 3193; x_wconf 79' lang='grc' dir='ltr'>καὶ</span> <span class='ocrx_word' id='word_1_206' title='bbox 2556 3113 3036 3216; x_wconf 79' lang='grc' dir='ltr'>ἀτονησάσης</span> 
     </span>
     <span class='ocr_line' id='line_1_24' title="bbox 615 3235 3038 3349; baseline -0.002 -26"><span class='ocrx_word' id='word_1_207' title='bbox 615 3246 753 3346; x_wconf 84' lang='grc' dir='ltr'>ἤδη</span> <span class='ocrx_word' id='word_1_208' title='bbox 790 3248 918 3342; x_wconf 86' lang='grc' dir='ltr'>τῆς</span> <span class='ocrx_word' id='word_1_209' title='bbox 955 3249 1255 3349; x_wconf 87' lang='grc' dir='ltr'>φθορᾶς,</span> <span class='ocrx_word' id='word_1_210' title='bbox 1290 3238 1763 3344; x_wconf 87' lang='grc' dir='ltr'>ε’γηγερμενου</span> <span class='ocrx_word' id='word_1_211' title='bbox 1801 3235 1878 3317; x_wconf 87' lang='grc' dir='ltr'>δε</span> <span class='ocrx_word' id='word_1_212' title='bbox 1907 3235 2025 3318; x_wconf 76' lang='grc' dir='ltr'>διὰ</span> <span class='ocrx_word' id='word_1_213' title='bbox 2059 3246 2272 3318; x_wconf 90' lang='grc' dir='ltr'>τοῦτο</span> <span class='ocrx_word' id='word_1_214' title='bbox 2297 3246 2424 3319; x_wconf 92' lang='grc' dir='ltr'>τοῦ</span> <span class='ocrx_word' id='word_1_215' title='bbox 2448 3240 2864 3343; x_wconf 84' lang='grc' dir='ltr'>Σωτῆρος</span> <span class='ocrx_word' id='word_1_216' title='bbox 2822 3246 3038 3339; x_wconf 79' lang='grc' dir='ltr'>ημῶν</span> 
     </span>
     <span class='ocr_line' id='line_1_25' title="bbox 615 3358 3028 3522; baseline -0.002 -73"><span class='ocrx_word' id='word_1_217' title='bbox 615 3373 967 3522; x_wconf 84' lang='grc' dir='ltr'>Χριστοῦ,</span> <span class='ocrx_word' id='word_1_218' title='bbox 1006 3401 1123 3446; x_wconf 87' lang='grc' dir='ltr'>και</span> <span class='ocrx_word' id='word_1_219' title='bbox 1172 3363 1825 3464; x_wconf 83' lang='grc' dir='ltr'>καινοτομήσαντος</span> <span class='ocrx_word' id='word_1_220' title='bbox 1874 3369 2024 3446; x_wconf 90' lang='grc' dir='ltr'>τοῖς</span> <span class='ocrx_word' id='word_1_221' title='bbox 2078 3369 2349 3466; x_wconf 81' lang='grc' dir='ltr'>νεκροῖς</span> <span class='ocrx_word' id='word_1_222' title='bbox 2397 3358 2526 3463; x_wconf 84' lang='grc' dir='ltr'>τὴς</span> <span class='ocrx_word' id='word_1_223' title='bbox 2573 3369 2670 3448; x_wconf 79' lang='grc' dir='ltr'>εἰς</span> <span class='ocrx_word' id='word_1_224' title='bbox 2726 3365 3028 3471; x_wconf 85' lang='grc' dir='ltr'>ἀφθαρ-</span> 
     </span>
     <span class='ocr_line' id='line_1_26' title="bbox 619 3484 3029 3593; baseline -0.002 -18"><span class='ocrx_word' id='word_1_225' title='bbox 619 3494 793 3574; x_wconf 88' lang='grc' dir='ltr'>σίαν</span> <span class='ocrx_word' id='word_1_226' title='bbox 828 3495 945 3573; x_wconf 81' lang='grc' dir='ltr'>καὶ</span> <span class='ocrx_word' id='word_1_227' title='bbox 981 3487 1164 3593; x_wconf 76' lang='grc' dir='ltr'>ζωὴν</span> <span class='ocrx_word' id='word_1_228' title='bbox 1196 3486 1626 3591; x_wconf 83' lang='grc' dir='ltr'>ἀναδρομὴν,</span> <span class='ocrx_word' id='word_1_229' title='bbox 1668 3495 1794 3568; x_wconf 88' lang='grc' dir='ltr'>τοῦ</span> <span class='ocrx_word' id='word_1_230' title='bbox 1832 3485 1921 3587; x_wconf 86' lang='grc' dir='ltr'>δὴ</span> <span class='ocrx_word' id='word_1_231' title='bbox 1959 3485 2171 3593; x_wconf 69' lang='grc' dir='ltr'>χάριν</span> <span class='ocrx_word' id='word_1_232' title='bbox 2206 3495 2456 3593; x_wconf 86' lang='grc' dir='ltr'>καιροῦ</span> <span class='ocrx_word' id='word_1_233' title='bbox 2492 3486 2645 3587; x_wconf 78' lang='grc' dir='ltr'>μὲν,</span> <span class='ocrx_word' id='word_1_234' title='bbox 2684 3484 2742 3568; x_wconf 82' lang='grc' dir='ltr'><em>ὦ</em></span> <span class='ocrx_word' id='word_1_235' title='bbox 2778 3487 3029 3592; x_wconf 85' lang='grc' dir='ltr'>γύναι,</span> 
     </span>
    </p>

    <p class='ocr_par' dir='ltr' id='par_1_7' title="bbox 559 3609 3145 4222">
     <span class='ocr_line' id='line_1_27' title="bbox 559 3609 3145 3720; baseline -0.002 -20"><span class='ocrx_word' id='word_1_236' title='bbox 559 3645 595 3690; x_wconf 77' lang='lat'>0</span> <span class='ocrx_word' id='word_1_237' title='bbox 618 3625 747 3701; x_wconf 91' lang='grc' dir='ltr'>τοῦ</span> <span class='ocrx_word' id='word_1_238' title='bbox 781 3615 1178 3720; x_wconf 71' lang='grc' dir='ltr'>πρέποντος</span> <span class='ocrx_word' id='word_1_239' title='bbox 1215 3609 1701 3719; x_wconf 76' lang='grc' dir='ltr'>ἀποσφάλλῃ,</span> <span class='ocrx_word' id='word_1_240' title='bbox 1739 3613 1994 3718; x_wconf 82' lang='grc' dir='ltr'>φασὶν,</span> <span class='ocrx_word' id='word_1_241' title='bbox 2030 3610 2270 3696; x_wconf 83' lang='grc' dir='ltr'>ἀλύεις</span> <span class='ocrx_word' id='word_1_242' title='bbox 2308 3610 2386 3692; x_wconf 82' lang='grc' dir='ltr'>δὲ</span> <span class='ocrx_word' id='word_1_243' title='bbox 2422 3611 2536 3712; x_wconf 87' lang='grc' dir='ltr'>δὴ,</span> <span class='ocrx_word' id='word_1_244' title='bbox 2572 3616 2690 3693; x_wconf 80' lang='grc' dir='ltr'>καὶ</span> <span class='ocrx_word' id='word_1_245' title='bbox 2728 3611 3037 3719; x_wconf 87' lang='grc' dir='ltr'>σφόδρα</span> <span class='ocrx_word' id='word_1_246' title='bbox 3063 3655 3096 3695; x_wconf 81' lang='lat'><em>2</em></span> <span class='ocrx_word' id='word_1_247' title='bbox 3105 3650 3145 3712; x_wconf 82' lang='lat'><strong>5</strong></span> 
     </span>
     <span class='ocr_line' id='line_1_28' title="bbox 617 3735 3037 3847; baseline -0.002 -23"><span class='ocrx_word' id='word_1_248' title='bbox 617 3747 909 3847; x_wconf 80' lang='grc' dir='ltr'>πικρῶς,</span> <span class='ocrx_word' id='word_1_249' title='bbox 976 3743 1103 3840; x_wconf 90' lang='grc' dir='ltr'>τῆς</span> <span class='ocrx_word' id='word_1_250' title='bbox 1161 3742 1307 3818; x_wconf 81' lang='grc' dir='ltr'>τῶν</span> <span class='ocrx_word' id='word_1_251' title='bbox 1380 3736 1829 3841; x_wconf 84' lang='grc' dir='ltr'>πραγμάτων</span> <span class='ocrx_word' id='word_1_252' title='bbox 1890 3735 2257 3832; x_wconf 85' lang='grc' dir='ltr'>ἐκβασεως</span> <span class='ocrx_word' id='word_1_253' title='bbox 2326 3737 2698 3838; x_wconf 85' lang='grc' dir='ltr'>καλούσης</span> <span class='ocrx_word' id='word_1_254' title='bbox 2770 3743 2869 3822; x_wconf 83' lang='grc' dir='ltr'>εἶς</span> <span class='ocrx_word' id='word_1_255' title='bbox 2945 3774 3037 3819; x_wconf 93' lang='grc' dir='ltr'>το</span> 
     </span>
     <span class='ocr_line' id='line_1_29' title="bbox 617 3859 3037 3971; baseline -0.003 -22"><span class='ocrx_word' id='word_1_256' title='bbox 617 3868 985 3951; x_wconf 84' lang='grc' dir='ltr'>ἐναντίον·</span> <span class='ocrx_word' id='word_1_257' title='bbox 966 3928 988 3964; x_wconf 88' lang='lat'>‚</span> <span class='ocrx_word' id='word_1_258' title='bbox 1073 3864 1344 3971; x_wconf 85' lang='grc' dir='ltr'>χαίρειν</span> <span class='ocrx_word' id='word_1_259' title='bbox 1417 3860 1561 3966; x_wconf 80' lang='grc' dir='ltr'>γὰρ</span> <span class='ocrx_word' id='word_1_260' title='bbox 1632 3859 1859 3948; x_wconf 83' lang='grc' dir='ltr'>ὄντως</span> <span class='ocrx_word' id='word_1_261' title='bbox 1932 3863 2051 3941; x_wconf 84' lang='grc' dir='ltr'>καὶ</span> <span class='ocrx_word' id='word_1_262' title='bbox 2125 3864 2659 3959; x_wconf 87' lang='grc' dir='ltr'>διευθυμεῖσθαι</span> <span class='ocrx_word' id='word_1_263' title='bbox 2734 3869 3037 3960; x_wconf 87' lang='grc' dir='ltr'>μᾶλλον</span> 
     </span>
     <span class='ocr_line' id='line_1_30' title="bbox 617 3983 3037 4099; baseline -0.003 -25"><span class='ocrx_word' id='word_1_264' title='bbox 617 3995 855 4099; x_wconf 85' lang='grc' dir='ltr'>ἐχρῆν.</span> <span class='ocrx_word' id='word_1_265' title='bbox 933 3993 1005 4072; x_wconf 79' lang='grc' dir='ltr'>τί</span> <span class='ocrx_word' id='word_1_266' title='bbox 1053 3994 1437 4092; x_wconf 89' lang='grc' dir='ltr'>τοιγαροῦν</span> <span class='ocrx_word' id='word_1_267' title='bbox 1496 3988 1788 4078; x_wconf 71' lang='grc' dir='ltr'>κλαίεις,</span> <span class='ocrx_word' id='word_1_268' title='bbox 1847 3988 2201 4067; x_wconf 90' lang='grc' dir='ltr'>ἀδικοῦσα</span> <span class='ocrx_word' id='word_1_269' title='bbox 2254 3983 2527 4089; x_wconf 86' lang='grc' dir='ltr'>τρόπον</span> <span class='ocrx_word' id='word_1_270' title='bbox 2583 3985 2746 4068; x_wconf 80' lang='grc' dir='ltr'>τινὰ</span> <span class='ocrx_word' id='word_1_271' title='bbox 2795 3984 2883 4067; x_wconf 81' lang='grc' dir='ltr'>τὸ</span> <span class='ocrx_word' id='word_1_272' title='bbox 2941 3990 3037 4093; x_wconf 82' lang='grc' dir='ltr'>τῇ</span> 
     </span>
     <span class='ocr_line' id='line_1_31' title="bbox 616 4110 1975 4222; baseline -0.009 -22"><span class='ocrx_word' id='word_1_273' title='bbox 616 4116 1012 4222; x_wconf 86' lang='grc' dir='ltr'>πανηγύρει</span> <span class='ocrx_word' id='word_1_274' title='bbox 1045 4110 1636 4222; x_wconf 85' lang='grc' dir='ltr'>χρεωστούμενον</span> <span class='ocrx_word' id='word_1_275' title='bbox 1670 4114 1975 4215; x_wconf 84' lang='grc' dir='ltr'>σχῆμα;</span> 
     </span>
    </p>

    <p class='ocr_par' dir='ltr' id='par_1_8' title="bbox 614 4234 3150 4466">
     <span class='ocr_line' id='line_1_32' title="bbox 731 4234 3150 4349; baseline -0.003 -27"><span class='ocrx_word' id='word_1_276' title='bbox 731 4242 1118 4323; x_wconf 88' lang='grc' dir='ltr'>Φαίνονται</span> <span class='ocrx_word' id='word_1_277' title='bbox 1183 4237 1260 4320; x_wconf 82' lang='grc' dir='ltr'>δὲ</span> <span class='ocrx_word' id='word_1_278' title='bbox 1326 4234 1753 4345; x_wconf 71' lang='grc' dir='ltr'>καθεζόμενοι</span> <span class='ocrx_word' id='word_1_279' title='bbox 1817 4237 1976 4336; x_wconf 79' lang='grc' dir='ltr'>πρὸς</span> <span class='ocrx_word' id='word_1_280' title='bbox 2042 4268 2121 4314; x_wconf 91' lang='grc' dir='ltr'>τε</span> <span class='ocrx_word' id='word_1_281' title='bbox 2184 4241 2262 4349; x_wconf 66' lang='grc' dir='ltr'>τῇ</span> <span class='ocrx_word' id='word_1_282' title='bbox 2338 4235 2622 4344; x_wconf 66' lang='grc' dir='ltr'>κεφαλῇ’</span> <span class='ocrx_word' id='word_1_283' title='bbox 2700 4241 2818 4315; x_wconf 66' lang='grc' dir='ltr'>καὶ</span> <span class='ocrx_word' id='word_1_284' title='bbox 2891 4239 3036 4322; x_wconf 73' lang='grc' dir='ltr'>τοῖς</span> <span class='ocrx_word' id='word_1_285' title='bbox 3063 4281 3150 4340; x_wconf 82' lang='lat'>30</span> 
     </span>
     <span class='ocr_line' id='line_1_33' title="bbox 614 4355 3038 4466; baseline -0.005 -14"><span class='ocrx_word' id='word_1_286' title='bbox 614 4376 812 4452; x_wconf 73' lang='grc' dir='ltr'>ποσὶν</span> <span class='ocrx_word' id='word_1_287' title='bbox 867 4366 1033 4451; x_wconf 75' lang='grc' dir='ltr'>’ὅπου</span> <span class='ocrx_word' id='word_1_288' title='bbox 1091 4365 1298 4446; x_wconf 77' lang='grc' dir='ltr'>ἔκειτο</span> <span class='ocrx_word' id='word_1_289' title='bbox 1355 4361 1427 4442; x_wconf 67' lang='grc' dir='ltr'>τὶ</span> <span class='ocrx_word' id='word_1_290' title='bbox 1486 4359 1699 4466; x_wconf 63' lang='grc' dir='ltr'>σῶμα</span> <span class='ocrx_word' id='word_1_291' title='bbox 1753 4362 1866 4440; x_wconf 76' lang='grc' dir='ltr'>τοῦ</span> <span class='ocrx_word' id='word_1_292' title='bbox 1919 4360 2152 4455; x_wconf 76' lang='grc' dir='ltr'>Ἰησοῦ,</span> <span class='ocrx_word' id='word_1_293' title='bbox 2210 4355 2434 4457; x_wconf 88' lang='grc' dir='ltr'>μόνον</span> <span class='ocrx_word' id='word_1_294' title='bbox 2500 4359 2662 4465; x_wconf 77' lang='grc' dir='ltr'>οὐχὶ</span> <span class='ocrx_word' id='word_1_295' title='bbox 2727 4360 2847 4438; x_wconf 83' lang='grc' dir='ltr'>καὶ</span> <span class='ocrx_word' id='word_1_296' title='bbox 2913 4360 3038 4440; x_wconf 84' lang='grc' dir='ltr'>διὰ</span> 
     </span>
    </p>
   </div>
   <div class='ocr_carea' id='block_1_5' title="bbox 616 4532 3036 4688">
    <p class='ocr_par' dir='ltr' id='par_1_9' title="bbox 616 4532 3036 4688">
     <span class='ocr_line' id='line_1_34' title="bbox 686 4532 3036 4669; baseline 0 -75"><span class='ocrx_word' id='word_1_297' title='bbox 686 4566 738 4614; x_wconf 84' lang='lat'>4.</span> <span class='ocrx_word' id='word_1_298' title='bbox 777 4546 914 4619; x_wconf 68' lang='grc' dir='ltr'>αὐτῷ</span> <span class='ocrx_word' id='word_1_299' title='bbox 942 4543 1007 4669; x_wconf 59' lang='lat'>163.</span> <span class='ocrx_word' id='word_1_300' title='bbox 1032 4611 1076 4667; x_wconf 75' lang='lat'>1</span> <span class='ocrx_word' id='word_1_301' title='bbox 1248 4539 1327 4592; x_wconf 84' lang='lat'>18.</span> <span class='ocrx_word' id='word_1_302' title='bbox 1367 4539 1461 4593; x_wconf 84' lang='grc' dir='ltr'>τοῦ</span> <span class='ocrx_word' id='word_1_303' title='bbox 1483 4536 1787 4609; x_wconf 78' lang='grc' dir='ltr'>πράγματος</span> <span class='ocrx_word' id='word_1_304' title='bbox 1811 4538 1841 4591; x_wconf 84' lang='grc' dir='ltr'>ὁ</span> <span class='ocrx_word' id='word_1_305' title='bbox 1865 4536 2078 4591; x_wconf 72' lang='lat' dir='ltr'>inverso</span> <span class='ocrx_word' id='word_1_306' title='bbox 2102 4532 2288 4591; x_wconf 84' lang='lat' dir='ltr'>ordine</span> <span class='ocrx_word' id='word_1_307' title='bbox 2309 4534 2377 4589; x_wconf 85' lang='lat' dir='ltr'>E.</span> <span class='ocrx_word' id='word_1_308' title='bbox 2592 4552 2678 4591; x_wconf 80' lang='lat'>20.</span> <span class='ocrx_word' id='word_1_309' title='bbox 2716 4535 2881 4608; x_wconf 74' lang='grc' dir='ltr'>ἐχρῆν</span> <span class='ocrx_word' id='word_1_310' title='bbox 2906 4536 2955 4593; x_wconf 88' lang='lat' dir='ltr'>I.</span> <span class='ocrx_word' id='word_1_311' title='bbox 2983 4554 3036 4596; x_wconf 77' lang='lat'>8.</span> 
     </span>
     <span class='ocr_line' id='line_1_35' title="bbox 616 4629 1149 4688; baseline -0.014 -15"><span class='ocrx_word' id='word_1_312' title='bbox 616 4633 703 4673; x_wconf 78' lang='lat'>22.</span> <span class='ocrx_word' id='word_1_313' title='bbox 741 4639 798 4673; x_wconf 84' lang='grc' dir='ltr'>τε</span> <span class='ocrx_word' id='word_1_314' title='bbox 822 4634 922 4688; x_wconf 88' lang='lat' dir='ltr'>pro</span> <span class='ocrx_word' id='word_1_315' title='bbox 978 4635 1003 4667; x_wconf 84' lang='grc' dir='ltr'>ε</span> <span class='ocrx_word' id='word_1_316' title='bbox 1101 4629 1149 4668; x_wconf 80' lang='lat' dir='ltr'>a.</span> 
     </span>
    </p>
   </div>
  </div>
 </body>
</html>
