3269 5166
200 343 311 409 vii.
347 365 402 409 1.
711 348 821 413 IN
870 349 1394 417 EPISTOLAM
1444 351 1573 415 AD
1627 351 2095 419 ROMANOS.
2476 358 2601 423 193

2557 526 2590 546 Α

191 508 616 611 νενέκρωται
659 510 788 608 μὲν
820 514 895 592 έν
930 513 1193 621 πρώτῳ
1228 518 1559 623 Χριστῷ,
1602 517 1979 617 διαβέβηκε
2035 516 2112 599 δὲ
2162 521 2330 622 παρ’
2372 521 2592 601 αὐτου

192 667 276 712 τε
316 634 437 713 καὶ
474 634 560 712 δι’
602 636 819 716 αὑτοῦ
854 640 971 717 καὶ
1007 643 1106 721 εἷς
1141 638 1324 736 ἡμᾶς
1364 639 1406 737 ἡ
1443 638 1675 744 χάρις.

408 881 496 945 ’Ἢ
553 879 866 963 ὅτι-νοεῖτε,
920 883 1242 972 ἀδελφοῖς
1315 883 1699 960 Γινώσκουσι
1751 888 1873 977 Γάρ
1928 890 2122 966 νόμον
2179 889 2386 956 λαλῶ.

316 1055 711 1156 Πανταχοῦ
776 1052 1181 1159 ἐπισφαλὲς
1246 1055 1627 1158 ἀποφαίνει
1702 1055 1788 1136 τὸ
1849 1055 1988 1136 ὑπὸ
2062 1054 2256 1165 νόμῳ
2323 1061 2603 1136 κεῖσθαι

123 1216 164 1273 5
193 1174 454 1279 ζητεῖν·
509 1176 889 1279 προτρέπει
926 1177 1001 1257 δὲ
1036 1183 1328 1274 μᾶλλον
1363 1177 1697 1282 ἐφίεσθαι
1734 1183 1849 1258 καὶ
1888 1178 2028 1286 ὅλῃ
2067 1180 2342 1286 διανοίᾳ
2377 1184 2604 1287 διψῆν

192 1297 340 1398 τὴν
391 1297 509 1378 διὰ
549 1300 860 1384 πίστεως
908 1299 1140 1405 χάριν,
1178 1304 1509 1381 τουτέστι
1565 1301 1698 1403 τὴν
1734 1304 1810 1381 ἐν
1844 1307 2153 1409 Χριστῷ
2202 1303 2602 1383 δικαίωσιν·

194 1420 265 1531 ᾧ
320 1457 437 1503 και
489 1422 984 1573 συντεθάφθαι
1039 1423 1543 1529 διισχυρίσατο
1589 1458 1756 1510 τους
1803 1424 2528 1575 βεβαπτισμένους,“’
2496 1459 2610 1505 ινα

195 1547 669 1648 νεκρωθέντες
722 1554 814 1653 τῇ
862 1549 1194 1654 ἁμαρτία,
1252 1552 1420 1654 Θεῷ
1470 1547 1759 1651 ζήσειαν
1809 1550 1885 1627 ἐν
1937 1548 2373 1654 δικαιοσύνῃ.
2450 1582 2600 1628 τοι·

2656 467 2913 534 [ι4Μ.]

2630 896 2784 973 Κεφ.
2817 892 2859 969 ζ
2872 940 2890 958 .

2633 998 2660 1038 1
2694 997 2822 1058 sqq.

193 1667 460 1774 γάρτοι
512 1673 628 1751 καὶ
671 1669 989 1776 ἔφασκεν
1040 1682 1082 1718 “
1112 1668 1249 1767 Μὴ
1298 1672 1424 1751 οὖν
1460 1671 1912 1765 βασιλευέτω
1948 1672 1993 1770 ἡ
2032 1673 2345 1776 ἁμαρτία
2393 1673 2470 1751 έν
2505 1705 2608 1778 τῷ
2572 1677 2795 1745 θῦμ’·
2813 1680 2882 1730 w.

120 1804 250 1875 0“
290 1798 533 1901 θνητῷ
605 1796 799 1894 ὑμῶν
861 1794 1147 1893 σώματι
1213 1800 1309 1876 εἰς
1378 1829 1462 1874 το
1535 1794 1911 1875 ὑπακούειν
1984 1802 2140 1878 ταῖς
2211 1796 2609 1893 ἐπιθυμίαις·

196 1928 251 1965 “
290 1918 542 2014 αὐτοῦ,
602 1918 780 2018 μηδὲ
834 1915 1309 2020 παριστάνετε
1365 1915 1455 1996 τὰ
1501 1918 1689 2018 μέλη
1730 1919 1926 2016 ὑμῶν
1959 1915 2158 1998 ὅπλα
2202 1918 2474 2002 ἀδικίας
2518 1922 2609 2024 τῇ

197 2052 249 2090 “
288 2024 626 2147 ἁμαρτία,
685 2040 886 2120 ἀλλὰ
946 2039 1472 2143 παραστήσατε
1530 2040 1821 2124 ἑαυτοὺς
1877 2045 1980 2148 τῷ
2042 2045 2211 2149 Θεῷ
2285 2044 2461 2121 ὡσεὶ
2532 2042 2611 2121 ἐκ

200 2177 253 2214 “
293 2170 566 2265 νεκρῶν
620 2164 906 2268 ζῶντας,
941 2167 1057 2243 καὶ
1111 2164 1205 2245 τὰ
1258 2160 1447 2264 μέλη
1508 2167 1709 2264 ὑμῶν
1757 2162 1956 2245 ὅπλα
2007 2163 2458 2264 δικαιοσύνης
2507 2168 2612 2270 τῷ

198 2300 250 2336 “
292 2294 485 2396 Θεῷ·
570 2289 880 2391 ἁμαρτία
933 2287 1076 2391 γὰρ
1133 2290 1332 2387 ὑμῶν
1376 2287 1605 2367 οὐκέτι
1662 2287 2034 2392 κυριεύσει·
2110 2289 2194 2368 οὐ
2248 2287 2392 2390 γάρ
2445 2290 2609 2367 ε’στε

90 2444 169 2504 15
202 2424 252 2459 ‘⁴
292 2410 436 2492 ὑπὸ
495 2411 732 2511 νόμον,
793 2413 962 2492 ἀλλ’
1024 2412 1162 2493 ὑπὸ
1222 2411 1504 2517 χοίριν.”
1582 2411 1783 2514 ἄθρει
1840 2411 1929 2512 δὴ
1983 2412 2109 2492 οὖν
2170 2410 2362 2496 ὅπως
2421 2412 2609 2492 ἀπο·

202 2542 478 2643 φοιτᾶν
515 2532 867 2616 ἐπιτάττει
900 2539 1029 2637 τῆς
1064 2544 1191 2617 τοῦ
1229 2535 1448 2634 νόμου
1485 2541 1726 2634 σκιᾶς,
1771 2534 2178 2642 ὑποτρέχειν
2215 2534 2291 2617 δὲ
2324 2540 2616 2631 μᾶλλον

201 2660 345 2758 τὴν
384 2661 462 2738 ἐν
498 2665 803 2767 Χριστῷ
849 2659 1085 2765 χάριν·
1146 2660 1346 2760 πλὴν
1381 2662 1508 2740 οὐκ
1554 2658 1916 2762 ἠγνόησεν
1953 2663 1993 2740 ὃ
2029 2657 2618 2766 πνευματοφόρος

206 2784 323 2865 ὅτι
382 2780 473 2881 δὴ
529 2782 815 2866 πάντως
864 2785 1117 2887 έροῦσί
1163 2817 1365 2881 τινες,
1420 2784 1647 2885 ἤγουν
1700 2788 2251 2885 διαλογιοῦνται,
2293 2782 2402 2863 ὅτι
2457 2787 2609 2884 διη-

205 2905 675 3010 μαρτήκασιν
739 2906 880 3008 ἄρα
942 2913 1070 3008 τῆς
1142 2907 1410 2991 εὐθείας
1479 2908 1650 2987 ὁδοῦ
1722 2912 1841 2987 καὶ
1913 2906 2092 3010 ζωῆς
2158 2910 2226 2985 οἱ
2284 2904 2606 3006 πατέρες·

91 3065 180 3108 20
206 3028 460 3128 ὤνησε
517 3026 592 3109 δὲ
648 3028 901 3115 αὐτοὺς
935 3032 976 3110 ὁ
1020 3028 1236 3129 νόμος
1291 3030 1513 3127 οὐδὲν,
1568 3034 1687 3111 καὶ
1744 3029 2026 3136 φροῦδά
2078 3064 2232 3112 πως
2291 3031 2428 3129 ἤδη
2489 3031 2617 3127 τῆς

204 3156 500 3234 ἐκείνων
535 3155 898 3240 πολιτείας
933 3153 1027 3234 τὰ
1074 3155 1481 3260 αὐχήματα·
1541 3162 1602 3235 εἰ
1654 3152 1798 3258 γάρ
1833 3155 1992 3233 έστι
2029 3159 2174 3231 τῶν
2208 3149 2497 3231 ἀτόπων
2532 3150 2616 3231 τὸ

206 3277 358 3359 ὑπὸ
418 3274 615 3385 νόμῳ
670 3283 950 3357 κεῖσθαι
1004 3276 1251 3380 ζητεῖν,
1290 3281 1404 3358 καὶ
1446 3275 1538 3378 ἦν
1584 3277 1790 3361 οὗτος
1844 3282 1992 3362 τοῖς
2047 3276 2367 3381 ἀρχαίοις
2405 3275 2446 3353 ὃ
2489 3284 2618 3356 τοῦ

204 3401 381 3498 βίου
431 3398 728 3497 σκοπὸς,
767 3408 920 3486 πῶς
969 3404 1096 3481 οὐκ
1151 3399 1414 3502 ἀληθὲς
1450 3407 1669 3505 εἰπεῖν
1705 3401 1804 3487 ὥς
1837 3408 1967 3481 τοῦ
2015 3399 2411 3502 πρέποντος
2456 3401 2609 3498 διη-

205 3523 724 3627 μαρτήκασινς
802 3524 1214 3628 ἀγωνίζεται
1265 3525 1504 3605 τοίνυν
1550 3527 1590 3604 ὁ
1634 3525 1965 3627 Χριστὸν
2014 3524 2199 3628 ἔχων
2247 3525 2323 3603 ἐν
2367 3525 2615 3631 ἑαυτῷ·

98 3685 178 3744 25
208 3652 335 3731 καὶ
415 3646 945 3728 ὑποπλᾶττεται
1019 3646 1150 3748 μὲν
1221 3650 1498 3753 εὐφυῶς
1561 3646 1647 3727 τὸ
1718 3649 1835 3727 καὶ
1909 3648 2148 3731 αὐτοῖς
2218 3644 2622 3742 βούλεσθαι

207 3777 581 3854 συνειπεῖν
618 3777 765 3855 τοῖς
811 3771 948 3853 ὑπὸ
988 3771 1206 3872 νόμον
1241 3769 1658 3869 βεβιωκόσι,
1695 3771 2096 3874 περιτρέπει
2150 3769 2227 3850 δὲ
2279 3768 2623 3851 ποικίλως

208 3897 313 3980 ε’ίς
348 3930 438 3997 γε
489 3892 575 3974 τὸ
624 3896 769 3973 δεῖν
805 3895 1105 3992 οἴεσθαι,
1145 3903 1391 3998 καιροῦ
1430 3902 1823 3979 καλοῦντος
1869 3899 1964 3978 εἶς
2006 3893 2278 3989 πίστιν,
2314 3890 2414 3992 μὴ
2452 3890 2622 3970 λίαν

207 4020 490 4101 ἐθέλειν
539 4026 687 4103 τοῖς
722 4019 1039 4122 ἀρχαίοις
1082 4016 1321 4098 ἔθεσιν
1374 4019 1927 4123 έμφιλοχωρεῖν·
2007 4015 2347 4121 ταύτῃτοί
2391 4025 2623 4121 φησιν

198 4155 303 4224 *H
355 4146 673 4244 ἀγνοεῖτε,
713 4139 1027 4251 ἀδελφοὶ,
1071 4140 1471 4243 γινῶσκουσι
1522 4139 1663 4249 γέιρ
1715 4142 1896 4246 νόμον
1946 4138 2177 4238 λαλεῖ,
2214 4139 2311 4220 ’ὅτι
2359 4149 2389 4221 ὁ
2437 4139 2625 4245 νὸμος

100 4301 181 4358 30
212 4266 484 4376 κυριεύει
545 4268 659 4347 τοῦ
714 4264 1041 4374 ἀνθρώπου
1097 4268 1206 4373 ἐφ’
1244 4265 1388 4346 ’ὅσον
1435 4264 1651 4372 χρόνον
1696 4265 1825 4375 ζ’ᾔ;
1885 4263 2049 4367 ὅρος
2099 4261 2305 4347 οὗτος
2347 4262 2624 4364 γενικός

290 4529 341 4569 1.
380 4512 602 4581 διίβηι.
628 4520 731 4566 cet.
1036 4526 1088 4566 2.
1125 4517 1701 4594 squsumptumext.
1727 4518 1829 4564 cet.
2116 4524 2171 4573 4.
2208 4508 2367 4577 νόμον
2393 4504 2459 4561 B.
2484 4506 2623 4577 νόμῳ

212 4583 438 4641 exhibet
460 4592 515 4638 et
536 4584 596 4637 in
618 4581 805 4638 tabula
827 4598 993 4638 aenea
1012 4581 1147 4637 tomi
1170 4580 1323 4637 initio
1346 4579 1578 4652 praefixa
1600 4578 1732 4634 Mai.

304 4685 453 4731 vol..
488 4685 594 4729 111.
1386 4680 1423 4724 O
1454 4684 1489 4725 (3

2636 1758 2812 1808 12-14.
