3269 5166
262 338 515 377 VERBUM

346 503 624 559 Naturam
671 521 788 559 nou
829 500 1203 559 commixtum
1248 499 1419 560 Chri·

348 599 422 656 sti
444 597 670 676 Corpus
699 600 777 658 iii.
809 602 927 658 588
987 599 1180 656 omnia
1207 598 1280 656 ad
1311 595 1418 657 SS.

346 696 508 754 Trin.
532 696 773 773 gloriam
797 697 862 757 M
887 700 965 754 66
996 697 1122 755 init.
1182 716 1284 772 per
1308 696 1421 754 To·

1090 319 1420 377 INDEX
1500 316 1874 376 RERUM.

2569 315 2686 374 655

1528 503 1560 534 “
1587 499 1925 574 Ubicunque
1977 497 2149 555 fuerit
2202 516 2408 572 corpus
2465 496 2579 553 illic
2628 504 2688 554 et

1609 597 1871 672 aquilae'’
1907 600 2021 655 143
2045 615 2076 654 c
2098 595 2154 653 d.

1527 695 1807 752 Velamen
1831 694 2037 759 Mosis,
2059 693 2193 768 quid
2218 692 2282 750 M
2307 695 2381 751 91
2414 688 2494 771 [p.
2518 688 2680 772 336].

349 803 467 851 tam
481 795 821 852 Trinitatem
844 813 1014 851 omne
1030 795 1194 851 nobis
1212 795 1426 852 bonum
1528 793 1739 851 Velum
1766 794 1916 850 intra
1934 793 2120 850 facere
2141 820 2180 840 ει
2203 790 2520 848 sacerdotio
2546 810 2687 848 con-

347 896 467 951 340
486 911 537 960 e,
570 896 687 952 805
706 912 756 962 e,
788 895 907 951 858
928 911 959 948 c
1027 911 1060 949 e
1087 892 1259 949 corde
1287 910 1426 948 sano

348 1000 650 1066 menteque
714 991 999 1065 completa
1061 989 1429 1064 diligentibus

349 1107 590 1163 magnas
610 1088 948 1162 spiritalium
971 1088 1251 1145 bonorum
1293 1104 1431 1161 opes

345 1186 591 1262 largitur
612 1186 679 1242 M
704 1189 782 1245 64
807 1187 902 1243 fin.

265 1283 516 1341 Trinitas
559 1283 933 1341 Sanctissima
987 1292 1111 1341 tota
1158 1283 1427 1340 lucarna-

347 1382 563 1439 tionem
611 1382 782 1439 efficit
827 1384 944 1441 366
974 1400 1022 1448 e,
1068 1382 1187 1439 367
1217 1400 1252 1438 a
1324 1399 1426 1437 no-

348 1478 598 1536 minibus
675 1488 735 1536 et
804 1479 1249 1555 proprietatibus
1317 1478 1428 1535 dis·

349 1576 529 1633 tincta
573 1578 690 1635 762
722 1596 756 1634 a
821 1577 1033 1651 probro
1078 1577 1335 1642 afficitur,
1379 1575 1427 1633 si

349 1673 528 1731 Filius
570 1692 696 1731 esse
734 1674 889 1731 Deus
931 1693 1047 1731 non
1089 1674 1428 1731 confiteatur

351 1775 468 1830 790
490 1791 544 1838 a,
576 1771 650 1828 iii.
679 1775 797 1830 523
878 1771 925 1828 si
965 1771 1219 1829 Verbum
1264 1770 1425 1828 Divi-

349 1887 489 1928 num
540 1868 996 1943 praedicantibus
1043 1869 1301 1926 invasum
1353 1869 1427 1925 sit

351 1971 523 2026 914e
586 1967 941 2041 significatur
974 1967 1032 2023 in
1077 1966 1224 2025 Gen.
1262 1966 1297 2022 i.
1331 1970 1425 2037 26,

351 2068 465 2124 961
490 2065 546 2131 d,
580 2067 698 2122 962
719 2084 769 2122 a.

269 2161 535 2219 Trinitati
580 2158 982 2220 Sanctissimae
1030 2162 1173 2219 fides
1215 2161 1426 2218 haben-

349 2260 424 2317 da
481 2264 599 2320 770
653 2278 688 2316 a
761 2260 819 2316 in
873 2260 1081 2317 Totam
1149 2259 1428 2316 confessio

349 2368 549 2416 nostra
602 2358 678 2417 iii.
722 2360 836 2415 401
918 2356 1266 2432 quaternitas
1320 2356 1428 2414 nisi

351 2454 614 2515 Christus
642 2455 802 2513 Deus
829 2455 906 2512 iii.
940 2458 1078 2520 509,
1109 2454 1180 2515 cf.
1204 2457 1344 2513 537.

267 2553 355 2612 De
410 2552 688 2612 Trinitate
734 2553 968 2630 Dialogi
1013 2551 1227 2611 laudati
1271 2555 1347 2611 87
1374 2570 1426 2619 c,

350 2654 429 2709 94
453 2671 505 2709 c.

262 2748 540 2807 Triticum
609 2749 858 2825 spiritale
913 2747 1202 2806 laboribus
1260 2746 1427 2806 bonis

348 2848 676 2913 contritum,
706 2847 1024 2904 collectoris
1062 2845 1268 2903 horreo
1297 2845 1424 2922 dig-

349 2964 484 3002 num
514 2945 754 3003 efficitur
781 2946 895 3002 199
921 2944 974 3002 d.

263 3043 446 3110 Tuba,
471 3042 955 3118 praedicationum
985 3040 1425 3116 apostolicarum

347 3139 915 3215 evangelicarumque
969 3149 1158 3214 typus,
1215 3136 1426 3195 diaboli

348 3238 462 3294 vim
506 3246 768 3295 evertens
808 3237 925 3296 389
947 3237 984 3293 b
1009 3254 1058 3294 c.
1117 3235 1250 3291 Vide
1275 3234 1423 3293 Buc-

348 3333 493 3391 cina.

262 3432 417 3507 Typi
495 3432 768 3507 spiritalia
835 3431 1132 3502 indicant;
1218 3429 1423 3486 nihilo·

348 3532 560 3595 minus.
627 3530 925 3588 occasione
995 3531 1285 3606 exigente,
1351 3530 1423 3588 ad

345 3628 567 3686 literam
599 3647 829 3686 sensum
857 3628 996 3686 dant
1028 3632 1141 3686 107
1166 3647 1215 3684 c.

260 3726 426 3803 Typo
455 3745 600 3802 quae
625 3727 780 3784 facta
818 3736 972 3792 sunt,
1004 3744 1073 3783 ea
1098 3744 1216 3782 non
1253 3743 1424 3800 prop-

343 3833 434 3882 ter
500 3824 685 3899 seipsa
767 3822 868 3880 sed
949 3830 1183 3898 propter
1259 3839 1421 3896 prae-

345 3923 595 3997 figurata
620 3922 834 3978 fiebant
865 3924 984 3980 410
1010 3939 1044 3977 a
1063 3920 1118 3979 b.

262 4017 410 4096 Typi
459 4018 779 4094 archetypis
825 4037 940 4074 non
992 4016 1253 4093 aequales
1305 4018 1422 4074 996

347 4135 453 4174 ce.

775 4211 915 4270 Uv

262 4321 669 4378 Vanam-mus
700 4319 778 4377 iii.
810 4323 948 4378 371.

261 4418 384 4475 Vas
420 4436 535 4474 non
578 4416 779 4474 inutile
814 4417 863 4474 is
891 4416 985 4492 qui
1022 4415 1095 4473 ad
1128 4414 1421 4475 Christum

340 4515 499 4574 venit
529 4517 668 4573 328.

1610 892 1759 948 ferre
1795 896 1909 949 144
1935 891 1972 948 b

1531 988 1728 1046 Verba
1754 988 1825 1045 ‹le
1852 989 1977 1045 Deo
2010 987 2182 1054 dicta,
2212 1007 2330 1044 non
2372 987 2683 1044 secundum

1613 1086 1992 1144 humilitatem
2041 1094 2317 1152 nostram,
2368 1086 2470 1142 sed
2518 1093 2689 1159 prout

1614 1185 1733 1261 Ipsi
1761 1184 2114 1249 conveniant,
2139 1183 2508 1258 intelligenda
2538 1187 2614 1241 33
2637 1202 2684 1254 e,

1615 1286 1693 1342 49
1724 1302 1774 1353 a,
1819 1286 1895 1341 77
1919 1282 1973 1353 d,
2022 1281 2093 1338 cf.
2126 1283 2197 1338 41
2226 1299 2275 1353 a,
2321 1284 2397 1338 45
2427 1300 2477 1353 e,
2525 1284 2603 1338 48
2630 1281 2686 1351 b,

1620 1386 1728 1439 171
1753 1400 1803 1448 a.
1838 1383 1952 1438 198
1971 1379 2009 1437 b
2032 1397 2063 1436 c
2085 1378 2141 1444 d,
2186 1381 2304 1438 662
2327 1378 2365 1434 b
2387 1396 2438 1443 c,
2484 1381 2602 1436 670
2627 1379 2684 1444 b,

1613 1483 1728 1537 671
1752 1498 1803 1544 a,
1845 1482 1985 1545 734,
2028 1479 2145 1536 838
2165 1496 2217 1545 a,
2266 1479 2385 1535 930
2405 1494 2455 1541 c,
2496 1478 2613 1535 997
2634 1495 2687 1543 a,

1614 1577 1691 1636 iii.
1725 1581 1862 1636 550.

1531 1675 1725 1732 Verba
1751 1674 1937 1733 media
1966 1682 2202 1750 propter
2229 1673 2686 1732 Incarnationem

1614 1776 1733 1832 220
1753 1792 1803 1832 a.
1868 1773 2001 1830 Vide
2024 1771 2227 1829 Voces.

1535 1870 1724 1928 Verba
1757 1869 1830 1927 ad
1865 1889 1972 1927 nos
2014 1879 2168 1926 recte
2209 1868 2548 1944 pertinentia
2582 1884 2685 1925 sua

1613 1968 1746 2025 fecit
1801 1967 2086 2025 Primitiae
2142 1975 2371 2024 nostrae
2421 1965 2683 2024 Christus

1614 2066 1692 2125 iii.
1722 2070 1835 2124 441
1864 2066 1963 2122 fin.

1535 2163 1791 2221 Verbum
1819 2163 1945 2220 Deo
1978 2162 2203 2220 locutus
2230 2162 2418 2220 cibum
2450 2172 2538 2220 est
2568 2166 2687 2222 638

1616 2261 1674 2327 b,
1696 2264 1810 2321 641
1834 2261 1869 2317 d
1920 2259 2541 2336 pseudoprophetarum
2566 2279 2691 2317 ver-

1615 2359 1759 2417 bum
1786 2358 1947 2434 palea
1976 2361 2088 2416 641
2117 2358 2174 2415 d.

1535 2457 1790 2515 Verbum
1834 2456 1962 2522 Dei,
2006 2475 2082 2514 ne
2123 2475 2298 2531 unum
2335 2456 2559 2531 quidem
2604 2455 2689 2512 id-

1617 2574 1730 2631 que
1800 2555 1937 2613 mite
2007 2554 2334 2612 hominibus
2399 2553 2690 2612 tolerabile

1622 2657 1778 2714 1014
1798 2673 1848 2711 c.

1533 2757 1568 2785 “
1586 2751 2108 2818 Verba-malitiae,'’
2132 2769 2278 2826 quae
2303 2754 2412 2809 121
2440 2769 2491 2807 e.

1532 2851 1788 2909 Verbum
1816 2849 2123 2924 sapientiae
2158 2857 2217 2906 et
2253 2849 2521 2905 scientiae
2549 2867 2689 2923 quo-

1612 2948 1786 3006 modo
1815 2947 2244 3022 distinguuntur
2271 2946 2335 3003 M
2363 2949 2463 3004 65.

1530 3046 1733 3103 Vnam
1783 3044 1920 3103 unio
1962 3045 2281 3102 arctissima
2334 3062 2466 3101 cum
2517 3062 2686 3101 carne

1610 3147 1688 3203 95
1712 3163 1763 3210 e,
1794 3146 1872 3202 96
1891 3162 1943 3208 a,
1990 3147 2105 3202 377
2126 3142 2163 3199 b
2181 3160 2213 3198 c
2236 3141 2292 3207 d,
2340 3144 2456 3199 393
2480 3160 2529 3212 e,
2562 3144 2679 3200 485

1608 3261 1659 3313 e,
1690 3244 1803 3300 631
1827 3244 2060 3300 0-632
2085 3260 2137 3306 c,
2159 3243 2277 3299 863
2297 3258 2348 3309 e,
2385 3243 2539 3298 1112
2570 3258 2605 3295 a
2624 3239 2679 3305 b,

1609 3338 1688 3395 iii.
1723 3340 1858 3408 369,
1899 3341 2018 3396 442
2088 3339 2147 3393 in
2191 3336 2376 3394 carnis
2422 3345 2683 3392 naturam

1608 3454 1724 3492 non
1793 3444 2072 3493 mutatum
2142 3452 2249 3492 nec
2309 3433 2425 3508 pati
2495 3442 2686 3509 potest

1609 3537 1687 3593 95
1711 3552 1762 3605 e,
1790 3535 1867 3594 96
1892 3534 1928 3590 b
1951 3551 1999 3599 c,
2043 3535 2121 3590 97
2151 3550 2201 3598 c,
2249 3536 2366 3591 375
2385 3550 2435 3597 e,
2481 3532 2599 3590 836
2630 3550 2681 3597 e,

1612 3634 1768 3691 1112
1792 3632 1849 3700 b,
1872 3631 1950 3690 iii.
1976 3633 2279 3696 477-491,
2302 3632 2421 3688 493
2445 3648 2568 3704 sqq.
2613 3648 2685 3687 ne

1607 3729 1908 3787 mutationi
1957 3729 2190 3787 obnoxii
2236 3729 2377 3785 fiant
2418 3736 2477 3784 et
2518 3726 2686 3785 Pater

1609 3836 1667 3885 et
1706 3825 1951 3901 Spiritus
1994 3826 2239 3885 Sanctus
2266 3826 2341 3884 iii.
2374 3828 2491 3884 478
2562 3844 2684 3883 car-

1608 3942 1743 3982 nem
1792 3923 1974 3982 Suam
2028 3925 2309 3981 inhabitat
2362 3926 2478 3984 397
2503 3923 2557 3994 d,
2602 3923 2681 3981 iii.

1612 4027 1749 4088 421,
1794 4027 1914 4082 424
1987 4020 2241 4097 Corpore
2297 4021 2417 4080 Suo
2462 4021 2535 4078 ad
2590 4040 2679 4079 sa-

1608 4119 1859 4177 nandum
1905 4128 1967 4177 ut
2003 4120 2171 4177 Vitae
2207 4117 2461 4194 Corpore
2502 4120 2684 4177 utitur

1610 4220 1729 4275 603
1759 4235 1794 4273 a
1869 4235 2074 4291 corpus
2139 4236 2253 4274 non
2310 4218 2431 4274 sine
2495 4217 2685 4274 anima

1608 4315 1914 4389 assumpsit
1983 4314 2051 4370 M
2109 4318 2188 4373 94
2245 4315 2359 4385 flu„
2413 4312 2493 4371 iii.
2542 4318 2682 4380 463,

1608 4414 1744 4483 489,
1770 4415 1907 4478 494,
1935 4414 2071 4478 496,
2095 4416 2210 4471 497
2268 4421 2327 4469 et
2348 4411 2523 4467 Suum
2546 4411 2684 4470 fecit

1603 4511 1681 4572 iii.
1714 4513 1849 4579 489,
1881 4514 1998 4570 500
2062 4522 2299 4568 naturae
2332 4509 2565 4567 omnino
2595 4509 2679 4567 di·
